time,ltp,volume
2024-06-21 13:34:55.976,49.1,150
2024-06-21 13:34:56.148,49.05,600
2024-06-21 13:34:56.408,49.2,25
2024-06-21 13:34:57.111,49.1,50
2024-06-21 13:34:58.182,49.15,25
2024-06-21 13:34:59.232,49.1,25
2024-06-21 13:34:59.232,49.1,25
2024-06-21 13:35:00.128,49.2,25
2024-06-21 13:35:00.279,49.25,125
2024-06-21 13:35:01.268,49.05,25
2024-06-21 13:35:01.321,49.05,25
2024-06-21 13:35:01.730,49.0,25
2024-06-21 13:35:01.944,48.8,25
2024-06-21 13:35:02.224,49.0,50
2024-06-21 13:35:02.224,49.0,50
2024-06-21 13:35:03.118,49.0,50
2024-06-21 13:35:04.171,49.05,225
2024-06-21 13:35:04.171,49.05,225
2024-06-21 13:35:05.141,49.0,25
2024-06-21 13:35:05.141,49.0,25
2024-06-21 13:35:06.151,49.05,25
2024-06-21 13:35:07.121,49.1,25
2024-06-21 13:35:07.121,49.1,25
2024-06-21 13:35:08.247,49.1,25
2024-06-21 13:35:08.389,49.25,25
2024-06-21 13:35:08.695,49.1,250
2024-06-21 13:35:09.106,49.05,25
2024-06-21 13:35:09.925,49.45,25
2024-06-21 13:35:10.089,49.55,175
2024-06-21 13:35:10.490,49.35,275
2024-06-21 13:35:11.014,49.25,150
2024-06-21 13:35:12.156,49.3,50
2024-06-21 13:35:12.156,49.3,50
2024-06-21 13:35:13.028,49.35,25
2024-06-21 13:35:14.229,49.4,225
2024-06-21 13:35:14.372,49.4,25
2024-06-21 13:35:15.045,49.5,25
2024-06-21 13:35:15.603,49.5,25
2024-06-21 13:35:16.235,49.35,25
2024-06-21 13:35:16.235,49.35,25
2024-06-21 13:35:16.487,49.5,25
2024-06-21 13:35:16.487,49.5,25
2024-06-21 13:35:17.663,49.5,25
2024-06-21 13:35:18.074,49.4,25
2024-06-21 13:35:18.924,49.6,50
2024-06-21 13:35:19.908,49.75,25
2024-06-21 13:35:21.028,49.75,25
2024-06-21 13:35:21.028,49.75,25
2024-06-21 13:35:21.534,49.6,25
2024-06-21 13:35:21.534,49.6,25
2024-06-21 13:35:22.900,49.65,25
2024-06-21 13:35:22.900,49.65,25
2024-06-21 13:35:24.201,49.6,25
2024-06-21 13:35:24.417,49.6,25
2024-06-21 13:35:25.226,49.65,125
2024-06-21 13:35:25.226,49.65,125
2024-06-21 13:35:25.647,49.45,50
2024-06-21 13:35:26.247,49.35,25
2024-06-21 13:35:26.832,49.55,25
2024-06-21 13:35:26.832,49.55,25
2024-06-21 13:35:27.404,49.5,25
2024-06-21 13:35:28.259,49.3,25
2024-06-21 13:35:29.100,49.3,25
2024-06-21 13:35:30.209,49.2,25
2024-06-21 13:35:30.209,49.2,25
2024-06-21 13:35:31.229,49.15,200
2024-06-21 13:35:31.455,49.0,25
2024-06-21 13:35:31.455,49.0,25
2024-06-21 13:35:32.186,49.2,50
2024-06-21 13:35:32.186,49.2,50
2024-06-21 13:35:32.671,49.1,50
2024-06-21 13:35:32.671,49.1,50
2024-06-21 13:35:33.781,49.15,25
2024-06-21 13:35:34.159,49.2,25
2024-06-21 13:35:34.832,49.3,25
2024-06-21 13:35:35.272,49.3,75
2024-06-21 13:35:36.235,49.2,50
2024-06-21 13:35:36.235,49.2,50
2024-06-21 13:35:37.145,49.35,25
2024-06-21 13:35:37.751,49.4,25
2024-06-21 13:35:38.375,49.4,50
2024-06-21 13:35:38.798,49.35,25
2024-06-21 13:35:39.446,49.45,25
2024-06-21 13:35:39.939,49.25,25
2024-06-21 13:35:40.309,49.5,25
2024-06-21 13:35:40.991,49.5,100
2024-06-21 13:35:40.991,49.5,100
2024-06-21 13:35:42.048,49.25,25
2024-06-21 13:35:42.268,49.25,175
2024-06-21 13:35:43.197,49.4,25
2024-06-21 13:35:43.197,49.4,25
2024-06-21 13:35:44.308,49.35,50
2024-06-21 13:35:44.995,49.45,25
2024-06-21 13:35:46.022,49.45,25
2024-06-21 13:35:46.391,49.5,25
2024-06-21 13:35:46.987,49.4,100
2024-06-21 13:35:46.987,49.4,100
2024-06-21 13:35:47.768,49.5,500
2024-06-21 13:35:48.197,49.5,250
2024-06-21 13:35:48.464,49.5,25
2024-06-21 13:35:48.464,49.5,25
2024-06-21 13:35:48.464,49.5,25
2024-06-21 13:35:51.080,49.5,25
2024-06-21 13:35:51.105,49.45,25
2024-06-21 13:35:51.986,49.5,500
2024-06-21 13:35:52.484,49.5,25
2024-06-21 13:35:54.217,49.45,25
2024-06-21 13:35:54.217,49.45,25
2024-06-21 13:35:54.580,49.45,25
2024-06-21 13:35:54.580,49.45,25
2024-06-21 13:35:56.225,49.3,25
2024-06-21 13:35:56.502,49.1,25
2024-06-21 13:35:56.502,49.1,25
2024-06-21 13:35:57.117,49.2,75
2024-06-21 13:35:58.253,49.2,25
2024-06-21 13:35:58.494,49.25,25
2024-06-21 13:35:58.494,49.25,25
2024-06-21 13:36:00.013,49.2,25
2024-06-21 13:36:00.443,49.2,25
2024-06-21 13:36:01.252,49.25,25
2024-06-21 13:36:01.560,49.05,25
2024-06-21 13:36:01.714,49.05,25
2024-06-21 13:36:02.171,49.05,350
2024-06-21 13:36:02.944,49.25,25
2024-06-21 13:36:02.944,49.25,25
2024-06-21 13:36:03.509,49.3,75
2024-06-21 13:36:04.122,49.25,100
2024-06-21 13:36:05.235,49.3,25
2024-06-21 13:36:06.292,49.25,25
2024-06-21 13:36:07.021,49.2,50
2024-06-21 13:36:07.021,49.2,50
2024-06-21 13:36:07.500,49.15,25
2024-06-21 13:36:09.241,49.2,25
2024-06-21 13:36:10.154,49.3,25
2024-06-21 13:36:10.463,49.3,25
2024-06-21 13:36:11.038,49.3,25
2024-06-21 13:36:11.655,49.55,175
2024-06-21 13:36:11.950,49.4,25
2024-06-21 13:36:11.950,49.4,25
2024-06-21 13:36:13.016,49.55,25
2024-06-21 13:36:13.016,49.55,25
2024-06-21 13:36:13.736,49.5,25
2024-06-21 13:36:14.919,49.45,25
2024-06-21 13:36:15.446,49.6,25
2024-06-21 13:36:16.203,49.35,100
2024-06-21 13:36:16.203,49.35,100
2024-06-21 13:36:16.581,49.35,100
2024-06-21 13:36:16.581,49.35,100
2024-06-21 13:36:17.793,49.45,25
2024-06-21 13:36:17.793,49.45,25
2024-06-21 13:36:19.317,49.5,25
2024-06-21 13:36:19.317,49.5,25
2024-06-21 13:36:20.252,49.25,650
2024-06-21 13:36:20.653,49.35,175
2024-06-21 13:36:21.255,49.0,100
2024-06-21 13:36:21.255,49.0,100
2024-06-21 13:36:22.285,49.25,25
2024-06-21 13:36:22.285,49.25,25
2024-06-21 13:36:23.245,49.0,25
2024-06-21 13:36:24.196,49.3,25
2024-06-21 13:36:25.065,49.45,25
2024-06-21 13:36:26.344,49.35,50
2024-06-21 13:36:26.992,49.35,25
2024-06-21 13:36:26.992,49.35,25
2024-06-21 13:36:28.321,49.45,25
2024-06-21 13:36:28.321,49.45,25
2024-06-21 13:36:28.895,49.45,25
2024-06-21 13:36:29.198,49.25,25
2024-06-21 13:36:29.846,49.45,100
2024-06-21 13:36:31.247,49.45,25
2024-06-21 13:36:32.141,49.4,25
2024-06-21 13:36:33.021,49.5,75
2024-06-21 13:36:34.303,49.35,25
2024-06-21 13:36:35.124,49.2,25
2024-06-21 13:36:36.307,49.2,25
2024-06-21 13:36:36.534,49.05,25
2024-06-21 13:36:37.248,49.45,25
2024-06-21 13:36:37.519,49.4,425
2024-06-21 13:36:37.739,49.4,75
2024-06-21 13:36:37.739,49.4,75
2024-06-21 13:36:38.986,49.45,50
2024-06-21 13:36:39.271,49.4,25
2024-06-21 13:36:40.065,49.35,25
2024-06-21 13:36:40.963,49.45,25
2024-06-21 13:36:42.279,49.35,25
2024-06-21 13:36:42.322,49.4,25
2024-06-21 13:36:42.978,49.5,800
2024-06-21 13:36:43.158,49.6,25
2024-06-21 13:36:43.779,49.45,25
2024-06-21 13:36:44.680,49.65,50
2024-06-21 13:36:45.129,49.8,25
2024-06-21 13:36:45.349,49.7,25
2024-06-21 13:36:46.158,49.8,25
2024-06-21 13:36:46.678,49.75,50
2024-06-21 13:36:46.678,49.75,50
2024-06-21 13:36:46.678,49.75,50
2024-06-21 13:36:48.068,49.95,25
2024-06-21 13:36:48.068,49.95,25
2024-06-21 13:36:50.064,49.85,25
2024-06-21 13:36:50.245,49.85,50
2024-06-21 13:36:50.245,49.85,50
2024-06-21 13:36:51.230,49.8,25
2024-06-21 13:36:51.666,49.8,25
2024-06-21 13:36:52.062,49.75,25
2024-06-21 13:36:52.402,49.85,25
2024-06-21 13:36:52.402,49.85,25
2024-06-21 13:36:53.186,49.9,150
2024-06-21 13:36:53.844,49.9,25
2024-06-21 13:36:54.224,49.9,25
2024-06-21 13:36:54.224,49.9,25
2024-06-21 13:36:55.293,49.85,25
2024-06-21 13:36:56.159,49.95,225
2024-06-21 13:36:56.159,49.95,225
2024-06-21 13:36:57.108,50.05,25
2024-06-21 13:36:57.484,50.2,25
2024-06-21 13:36:57.793,50.45,175
2024-06-21 13:36:59.305,50.4,50
2024-06-21 13:36:59.702,50.25,125
2024-06-21 13:37:00.292,50.15,25
2024-06-21 13:37:00.526,50.1,25
2024-06-21 13:37:01.117,50.2,25
2024-06-21 13:37:01.768,50.45,25
2024-06-21 13:37:01.768,50.45,25
2024-06-21 13:37:02.128,50.4,25
2024-06-21 13:37:03.076,50.4,25
2024-06-21 13:37:04.331,50.55,250
2024-06-21 13:37:05.321,50.5,25
2024-06-21 13:37:05.321,50.5,25
2024-06-21 13:37:06.117,50.5,75
2024-06-21 13:37:06.545,50.4,225
2024-06-21 13:37:07.225,50.4,25
2024-06-21 13:37:07.794,50.3,25
2024-06-21 13:37:07.794,50.3,25
2024-06-21 13:37:07.794,50.3,25
2024-06-21 13:37:09.139,50.5,25
2024-06-21 13:37:09.139,50.5,25
2024-06-21 13:37:09.597,50.5,50
2024-06-21 13:37:10.241,50.65,175
2024-06-21 13:37:11.073,50.5,25
2024-06-21 13:37:12.213,50.45,25
2024-06-21 13:37:12.213,50.45,25
2024-06-21 13:37:12.502,50.45,25
2024-06-21 13:37:12.502,50.45,25
2024-06-21 13:37:14.318,50.55,25
2024-06-21 13:37:14.552,50.55,25
2024-06-21 13:37:15.278,50.8,25
2024-06-21 13:37:15.377,50.9,25
2024-06-21 13:37:16.283,50.9,25
2024-06-21 13:37:16.542,50.9,50
2024-06-21 13:37:17.094,51.0,25
2024-06-21 13:37:17.404,51.05,25
2024-06-21 13:37:17.967,51.15,25
2024-06-21 13:37:18.120,51.1,150
2024-06-21 13:37:19.052,51.4,200
2024-06-21 13:37:19.297,51.45,75
2024-06-21 13:37:20.267,51.25,25
2024-06-21 13:37:21.322,51.25,225
2024-06-21 13:37:21.322,51.25,225
2024-06-21 13:37:22.235,51.35,200
2024-06-21 13:37:22.391,51.35,100
2024-06-21 13:37:23.065,51.2,25
2024-06-21 13:37:24.180,51.35,225
2024-06-21 13:37:24.526,51.25,25
2024-06-21 13:37:25.147,51.3,25
2024-06-21 13:37:25.147,51.3,25
2024-06-21 13:37:26.255,51.45,400
2024-06-21 13:37:26.580,51.5,50
2024-06-21 13:37:26.580,51.5,50
2024-06-21 13:37:27.481,51.45,25
2024-06-21 13:37:27.894,51.5,25
2024-06-21 13:37:28.115,51.55,25
2024-06-21 13:37:29.428,52.25,25
2024-06-21 13:37:30.544,52.4,25
2024-06-21 13:37:30.768,52.35,25
2024-06-21 13:37:31.339,52.15,25
2024-06-21 13:37:31.824,52.0,125
2024-06-21 13:37:31.930,52.0,50
2024-06-21 13:37:32.751,52.0,50
2024-06-21 13:37:33.015,51.9,425
2024-06-21 13:37:33.107,51.9,25
2024-06-21 13:37:34.255,52.05,25
2024-06-21 13:37:34.854,51.95,75
2024-06-21 13:37:34.854,51.95,75
2024-06-21 13:37:36.239,51.85,50
2024-06-21 13:37:36.239,51.85,50
2024-06-21 13:37:37.217,51.65,25
2024-06-21 13:37:37.538,51.8,25
2024-06-21 13:37:38.108,51.6,25
2024-06-21 13:37:38.615,51.7,25
2024-06-21 13:37:39.358,51.75,200
2024-06-21 13:37:39.776,51.75,100
2024-06-21 13:37:40.366,51.65,75
2024-06-21 13:37:41.105,51.85,25
2024-06-21 13:37:41.105,51.85,25
2024-06-21 13:37:41.917,51.75,25
2024-06-21 13:37:43.192,51.7,25
2024-06-21 13:37:43.192,51.7,25
2024-06-21 13:37:44.338,51.65,25
2024-06-21 13:37:44.463,51.65,25
2024-06-21 13:37:45.325,51.7,25
2024-06-21 13:37:45.400,51.6,25
2024-06-21 13:37:46.309,51.5,25
2024-06-21 13:37:46.309,51.5,25
2024-06-21 13:37:47.362,51.7,25
2024-06-21 13:37:47.362,51.7,25
2024-06-21 13:37:48.164,51.65,25
2024-06-21 13:37:48.369,51.5,75
2024-06-21 13:37:49.253,51.55,50
2024-06-21 13:37:49.551,51.45,150
2024-06-21 13:37:50.063,51.65,25
2024-06-21 13:37:50.063,51.65,25
2024-06-21 13:37:51.102,51.65,25
2024-06-21 13:37:51.601,51.75,125
2024-06-21 13:37:52.117,51.75,50
2024-06-21 13:37:52.117,51.75,50
2024-06-21 13:37:53.368,51.95,25
2024-06-21 13:37:54.123,52.0,25
2024-06-21 13:37:54.888,52.1,25
2024-06-21 13:37:54.888,52.1,25
2024-06-21 13:37:56.198,52.15,50
2024-06-21 13:37:56.198,52.15,50
2024-06-21 13:37:57.250,52.05,25
2024-06-21 13:37:57.426,52.2,25
2024-06-21 13:37:57.426,52.2,25
2024-06-21 13:37:58.535,52.45,25
2024-06-21 13:37:59.344,52.25,25
2024-06-21 13:38:00.068,52.1,25
2024-06-21 13:38:00.363,52.2,75
2024-06-21 13:38:01.056,52.15,125
2024-06-21 13:38:01.322,52.5,900
2024-06-21 13:38:01.687,52.4,50
2024-06-21 13:38:02.262,52.5,200
2024-06-21 13:38:03.047,52.4,25
2024-06-21 13:38:03.622,52.4,250
2024-06-21 13:38:04.078,52.4,50
2024-06-21 13:38:04.510,52.35,25
2024-06-21 13:38:05.268,52.15,100
2024-06-21 13:38:05.642,52.25,25
2024-06-21 13:38:06.374,52.4,25
2024-06-21 13:38:06.740,52.3,25
2024-06-21 13:38:07.238,52.3,25
2024-06-21 13:38:07.827,52.25,125
2024-06-21 13:38:08.087,52.25,25
2024-06-21 13:38:09.054,52.35,25
2024-06-21 13:38:09.269,52.35,25
2024-06-21 13:38:10.264,52.15,25
2024-06-21 13:38:10.554,52.0,25
2024-06-21 13:38:11.486,51.75,175
2024-06-21 13:38:12.230,51.8,25
2024-06-21 13:38:12.230,51.8,25
2024-06-21 13:38:13.092,51.75,25
2024-06-21 13:38:13.550,51.95,25
2024-06-21 13:38:14.119,51.95,25
2024-06-21 13:38:14.538,51.95,175
2024-06-21 13:38:14.914,51.95,75
2024-06-21 13:38:16.183,51.8,150
2024-06-21 13:38:16.484,52.0,25
2024-06-21 13:38:17.125,51.9,25
2024-06-21 13:38:17.588,51.6,25
2024-06-21 13:38:18.043,51.6,25
2024-06-21 13:38:18.343,51.4,25
2024-06-21 13:38:19.346,51.45,50
2024-06-21 13:38:19.886,51.7,25
2024-06-21 13:38:19.886,51.7,25
2024-06-21 13:38:20.346,51.7,25
2024-06-21 13:38:20.346,51.7,25
2024-06-21 13:38:21.443,51.8,25
2024-06-21 13:38:22.203,51.6,50
2024-06-21 13:38:22.445,51.45,25
2024-06-21 13:38:23.122,51.45,25
2024-06-21 13:38:23.122,51.45,25
2024-06-21 13:38:24.298,51.6,50
2024-06-21 13:38:24.645,51.6,50
2024-06-21 13:38:24.866,51.7,25
2024-06-21 13:38:25.983,51.8,425
2024-06-21 13:38:25.983,51.8,425
2024-06-21 13:38:27.273,51.85,25
2024-06-21 13:38:27.404,51.85,25
2024-06-21 13:38:28.107,51.75,300
2024-06-21 13:38:28.107,51.75,300
2024-06-21 13:38:29.079,51.85,725
2024-06-21 13:38:29.482,51.8,25
2024-06-21 13:38:30.012,51.65,50
2024-06-21 13:38:30.527,51.45,375
2024-06-21 13:38:31.339,51.55,50
2024-06-21 13:38:31.645,51.4,25
2024-06-21 13:38:31.753,51.5,25
2024-06-21 13:38:32.204,51.55,50
2024-06-21 13:38:32.204,51.55,50
2024-06-21 13:38:32.204,51.55,50
2024-06-21 13:38:33.388,51.5,25
2024-06-21 13:38:34.328,51.4,375
2024-06-21 13:38:35.375,51.55,200
2024-06-21 13:38:35.375,51.55,200
2024-06-21 13:38:36.320,51.8,100
2024-06-21 13:38:36.511,51.8,25
2024-06-21 13:38:37.153,51.75,25
2024-06-21 13:38:37.518,52.0,25
2024-06-21 13:38:38.376,51.95,50
2024-06-21 13:38:38.721,51.75,50
2024-06-21 13:38:39.103,51.95,25
2024-06-21 13:38:39.396,51.75,25
2024-06-21 13:38:40.347,51.9,25
2024-06-21 13:38:40.988,51.9,25
2024-06-21 13:38:40.988,51.9,25
2024-06-21 13:38:42.117,51.75,25
2024-06-21 13:38:43.406,51.45,50
2024-06-21 13:38:43.406,51.45,50
2024-06-21 13:38:44.329,51.5,25
2024-06-21 13:38:44.523,51.5,25
2024-06-21 13:38:45.387,51.35,50
2024-06-21 13:38:45.627,51.35,25
2024-06-21 13:38:46.413,51.45,25
2024-06-21 13:38:46.464,51.55,225
2024-06-21 13:38:47.198,51.6,25
2024-06-21 13:38:47.427,51.6,25
2024-06-21 13:38:47.427,51.6,25
2024-06-21 13:38:48.173,51.6,25
2024-06-21 13:38:48.995,51.7,25
2024-06-21 13:38:49.817,51.75,50
2024-06-21 13:38:49.817,51.75,50
2024-06-21 13:38:51.487,51.5,25
2024-06-21 13:38:51.641,51.65,450
2024-06-21 13:38:52.574,51.5,50
2024-06-21 13:38:53.235,51.7,25
2024-06-21 13:38:53.724,51.5,125
2024-06-21 13:38:54.165,51.65,50
2024-06-21 13:38:54.520,51.65,25
2024-06-21 13:38:55.120,51.55,25
2024-06-21 13:38:55.906,51.7,250
2024-06-21 13:38:55.979,51.6,75
2024-06-21 13:38:56.350,51.7,25
2024-06-21 13:38:57.205,51.7,275
2024-06-21 13:38:57.205,51.7,275
2024-06-21 13:38:58.283,51.7,25
2024-06-21 13:38:59.370,51.7,75
2024-06-21 13:38:59.492,51.7,25
2024-06-21 13:39:00.186,51.7,25
2024-06-21 13:39:00.723,51.6,100
2024-06-21 13:39:01.331,51.7,25
2024-06-21 13:39:01.331,51.7,25
2024-06-21 13:39:01.681,51.55,75
2024-06-21 13:39:02.212,51.5,25
2024-06-21 13:39:02.212,51.5,25
2024-06-21 13:39:03.276,51.35,25
2024-06-21 13:39:03.690,51.1,100
2024-06-21 13:39:04.221,51.2,100
2024-06-21 13:39:04.735,51.3,50
2024-06-21 13:39:05.161,51.3,25
2024-06-21 13:39:05.939,51.25,25
2024-06-21 13:39:06.117,51.1,100
2024-06-21 13:39:06.117,51.1,100
2024-06-21 13:39:07.257,50.8,25
2024-06-21 13:39:07.257,50.8,25
2024-06-21 13:39:08.412,50.85,25
2024-06-21 13:39:08.442,50.9,200
2024-06-21 13:39:09.296,51.0,25
2024-06-21 13:39:09.530,51.0,100
2024-06-21 13:39:10.295,51.1,25
2024-06-21 13:39:10.510,51.3,25
2024-06-21 13:39:11.360,51.05,100
2024-06-21 13:39:11.717,51.15,25
2024-06-21 13:39:12.258,51.1,125
2024-06-21 13:39:12.555,50.95,100
2024-06-21 13:39:12.555,50.95,100
2024-06-21 13:39:14.033,50.75,25
2024-06-21 13:39:14.272,50.9,75
2024-06-21 13:39:15.310,51.0,25
2024-06-21 13:39:15.310,51.0,25
2024-06-21 13:39:16.215,50.95,75
2024-06-21 13:39:16.470,51.05,25
2024-06-21 13:39:17.193,50.8,75
2024-06-21 13:39:17.193,50.8,75
2024-06-21 13:39:18.395,50.8,25
2024-06-21 13:39:18.589,50.95,25
2024-06-21 13:39:19.413,51.0,50
2024-06-21 13:39:19.788,51.1,25
2024-06-21 13:39:20.445,50.2,25
2024-06-21 13:39:21.328,50.6,75
2024-06-21 13:39:21.328,50.6,75
2024-06-21 13:39:22.276,50.25,25
2024-06-21 13:39:23.368,50.35,25
2024-06-21 13:39:23.368,50.35,25
2024-06-21 13:39:24.396,50.4,25
2024-06-21 13:39:24.743,50.2,25
2024-06-21 13:39:25.409,50.1,25
2024-06-21 13:39:25.886,50.2,50
2024-06-21 13:39:26.036,50.35,25
2024-06-21 13:39:26.320,50.15,25
2024-06-21 13:39:27.242,50.25,25
2024-06-21 13:39:27.242,50.25,25
2024-06-21 13:39:28.217,50.1,50
2024-06-21 13:39:29.305,49.95,25
2024-06-21 13:39:29.540,50.0,25
2024-06-21 13:39:30.209,50.25,100
2024-06-21 13:39:30.779,49.95,50
2024-06-21 13:39:31.436,49.85,50
2024-06-21 13:39:31.797,49.7,50
2024-06-21 13:39:32.227,49.8,225
2024-06-21 13:39:32.745,49.8,25
2024-06-21 13:39:33.071,49.9,25
2024-06-21 13:39:33.790,49.9,25
2024-06-21 13:39:34.060,49.75,50
2024-06-21 13:39:34.374,49.7,150
2024-06-21 13:39:35.306,49.85,175
2024-06-21 13:39:35.895,50.05,25
2024-06-21 13:39:35.895,50.05,25
2024-06-21 13:39:36.917,50.3,100
2024-06-21 13:39:38.380,50.35,25
2024-06-21 13:39:38.617,50.55,25
2024-06-21 13:39:39.322,50.5,25
2024-06-21 13:39:39.782,50.6,25
2024-06-21 13:39:40.396,50.55,50
2024-06-21 13:39:40.532,50.55,25
2024-06-21 13:39:41.209,50.3,25
2024-06-21 13:39:41.738,50.2,25
2024-06-21 13:39:42.132,50.05,25
2024-06-21 13:39:42.132,50.05,25
2024-06-21 13:39:42.697,49.95,25
2024-06-21 13:39:44.321,50.0,25
2024-06-21 13:39:44.321,50.0,25
2024-06-21 13:39:45.598,49.95,25
2024-06-21 13:39:46.395,50.0,25
2024-06-21 13:39:46.395,50.0,25
2024-06-21 13:39:47.221,50.15,25
2024-06-21 13:39:47.221,50.15,25
2024-06-21 13:39:48.196,50.25,25
2024-06-21 13:39:48.196,50.25,25
2024-06-21 13:39:49.502,50.15,25
2024-06-21 13:39:49.814,50.2,25
2024-06-21 13:39:50.082,50.3,50
2024-06-21 13:39:50.276,50.25,25
2024-06-21 13:39:51.207,50.25,150
2024-06-21 13:39:52.258,50.3,25
2024-06-21 13:39:52.605,50.4,125
2024-06-21 13:39:52.605,50.4,125
2024-06-21 13:39:54.360,50.4,25
2024-06-21 13:39:54.818,50.55,25
2024-06-21 13:39:55.389,50.75,25
2024-06-21 13:39:55.713,50.95,350
2024-06-21 13:39:56.154,50.8,50
2024-06-21 13:39:56.733,50.8,175
2024-06-21 13:39:57.259,50.85,25
2024-06-21 13:39:57.758,50.8,25
2024-06-21 13:39:57.758,50.8,25
2024-06-21 13:39:57.758,50.8,25
2024-06-21 13:39:59.404,50.55,50
2024-06-21 13:40:00.406,50.6,50
2024-06-21 13:40:00.406,50.6,50
2024-06-21 13:40:01.411,50.45,25
2024-06-21 13:40:01.631,50.2,25
2024-06-21 13:40:01.774,50.4,25
2024-06-21 13:40:02.324,50.35,100
2024-06-21 13:40:02.698,50.35,50
2024-06-21 13:40:03.409,50.65,25
2024-06-21 13:40:04.029,50.9,25
2024-06-21 13:40:04.072,50.85,50
2024-06-21 13:40:04.072,50.85,50
2024-06-21 13:40:05.392,51.1,25
2024-06-21 13:40:06.323,51.15,25
2024-06-21 13:40:06.323,51.15,25
2024-06-21 13:40:07.111,51.1,50
2024-06-21 13:40:07.602,51.45,25
2024-06-21 13:40:08.267,51.2,25
2024-06-21 13:40:08.833,51.25,75
2024-06-21 13:40:09.338,50.9,475
2024-06-21 13:40:09.739,51.1,25
2024-06-21 13:40:10.168,50.9,175
2024-06-21 13:40:10.804,50.9,175
2024-06-21 13:40:11.260,50.7,25
2024-06-21 13:40:11.838,50.75,25
2024-06-21 13:40:11.838,50.75,25
2024-06-21 13:40:11.838,50.75,25
2024-06-21 13:40:13.010,50.75,300
2024-06-21 13:40:13.461,50.8,75
2024-06-21 13:40:14.057,50.7,25
2024-06-21 13:40:15.301,50.7,150
2024-06-21 13:40:16.279,50.9,25
2024-06-21 13:40:16.279,50.9,25
2024-06-21 13:40:17.242,51.1,250
2024-06-21 13:40:17.370,51.1,200
2024-06-21 13:40:17.953,51.35,125
2024-06-21 13:40:18.716,51.1,25
2024-06-21 13:40:18.996,51.1,25
2024-06-21 13:40:19.808,51.0,25
2024-06-21 13:40:19.955,51.15,25
2024-06-21 13:40:21.058,51.35,50
2024-06-21 13:40:21.366,51.2,25
2024-06-21 13:40:22.184,51.1,25
2024-06-21 13:40:22.549,51.1,50
2024-06-21 13:40:22.959,51.1,25
2024-06-21 13:40:23.828,51.0,25
2024-06-21 13:40:24.071,51.0,800
2024-06-21 13:40:24.071,51.0,800
2024-06-21 13:40:25.351,50.95,25
2024-06-21 13:40:25.585,51.05,50
2024-06-21 13:40:25.693,51.05,25
2024-06-21 13:40:25.693,51.05,25
2024-06-21 13:40:27.114,51.0,25
2024-06-21 13:40:27.448,50.8,250
2024-06-21 13:40:27.448,50.8,250
2024-06-21 13:40:28.396,51.1,75
2024-06-21 13:40:29.344,51.15,450
2024-06-21 13:40:29.779,51.3,25
2024-06-21 13:40:30.236,51.3,25
2024-06-21 13:40:30.681,51.4,25
2024-06-21 13:40:31.372,51.35,25
2024-06-21 13:40:31.372,51.35,25
2024-06-21 13:40:32.262,51.3,75
2024-06-21 13:40:32.314,51.3,25
2024-06-21 13:40:32.578,51.3,50
2024-06-21 13:40:33.443,51.35,25
2024-06-21 13:40:34.252,51.3,25
2024-06-21 13:40:34.252,51.3,25
2024-06-21 13:40:35.361,51.25,25
2024-06-21 13:40:36.332,51.2,25
2024-06-21 13:40:36.553,51.1,25
2024-06-21 13:40:36.820,51.1,75
2024-06-21 13:40:37.657,51.15,25
2024-06-21 13:40:38.168,51.2,25
2024-06-21 13:40:38.758,51.3,200
2024-06-21 13:40:39.461,51.25,25
2024-06-21 13:40:39.461,51.25,25
2024-06-21 13:40:40.405,50.9,100
2024-06-21 13:40:41.013,50.75,25
2024-06-21 13:40:41.303,50.8,350
2024-06-21 13:40:42.120,51.05,25
2024-06-21 13:40:42.120,51.05,25
2024-06-21 13:40:43.424,51.0,25
2024-06-21 13:40:43.424,51.0,25
2024-06-21 13:40:44.447,51.05,175
2024-06-21 13:40:44.653,51.05,25
2024-06-21 13:40:45.304,51.05,25
2024-06-21 13:40:45.580,51.0,250
2024-06-21 13:40:46.336,51.15,50
2024-06-21 13:40:46.336,51.15,50
2024-06-21 13:40:47.218,51.15,50
2024-06-21 13:40:47.285,51.25,25
2024-06-21 13:40:48.346,51.4,625
2024-06-21 13:40:48.346,51.4,625
2024-06-21 13:40:49.092,51.5,25
2024-06-21 13:40:49.092,51.5,25
2024-06-21 13:40:50.480,51.4,25
2024-06-21 13:40:50.828,51.4,25
2024-06-21 13:40:51.252,51.6,75
2024-06-21 13:40:51.862,51.6,50
2024-06-21 13:40:52.159,51.65,300
2024-06-21 13:40:52.159,51.65,300
2024-06-21 13:40:53.285,52.0,75
2024-06-21 13:40:53.285,52.0,75
2024-06-21 13:40:54.279,52.0,25
2024-06-21 13:40:54.279,52.0,25
2024-06-21 13:40:55.332,51.95,25
2024-06-21 13:40:55.332,51.95,25
2024-06-21 13:40:56.434,51.85,25
2024-06-21 13:40:56.892,51.8,25
2024-06-21 13:40:57.243,51.8,25
2024-06-21 13:40:57.404,51.6,200
2024-06-21 13:40:58.378,51.75,150
2024-06-21 13:40:58.890,51.7,25
2024-06-21 13:40:59.433,51.75,25
2024-06-21 13:40:59.835,51.5,25
2024-06-21 13:41:00.511,51.5,500
2024-06-21 13:41:01.459,51.4,25
2024-06-21 13:41:01.680,51.35,25
2024-06-21 13:41:01.903,51.25,75
2024-06-21 13:41:02.121,51.6,200
2024-06-21 13:41:02.121,51.6,200
2024-06-21 13:41:03.003,51.5,25
2024-06-21 13:41:03.493,51.5,25
2024-06-21 13:41:04.420,51.6,50
2024-06-21 13:41:04.927,51.55,25
2024-06-21 13:41:05.444,51.5,50
2024-06-21 13:41:05.625,51.6,25
2024-06-21 13:41:06.463,51.45,25
2024-06-21 13:41:06.766,51.5,75
2024-06-21 13:41:06.766,51.5,75
2024-06-21 13:41:06.766,51.5,75
2024-06-21 13:41:08.059,51.4,75
2024-06-21 13:41:08.496,51.25,25
2024-06-21 13:41:09.415,51.45,150
2024-06-21 13:41:10.311,51.5,25
2024-06-21 13:41:10.921,51.7,50
2024-06-21 13:41:10.921,51.7,50
2024-06-21 13:41:12.107,51.5,25
2024-06-21 13:41:12.306,51.45,25
2024-06-21 13:41:13.365,51.2,50
2024-06-21 13:41:13.686,51.45,50
2024-06-21 13:41:13.686,51.45,50
2024-06-21 13:41:14.636,51.3,25
2024-06-21 13:41:14.948,51.3,50
2024-06-21 13:41:15.933,50.9,75
2024-06-21 13:41:16.407,50.95,50
2024-06-21 13:41:17.090,51.0,25
2024-06-21 13:41:17.271,50.75,25
2024-06-21 13:41:17.910,50.6,150
2024-06-21 13:41:18.240,50.45,150
2024-06-21 13:41:18.240,50.45,150
2024-06-21 13:41:19.308,50.65,25
2024-06-21 13:41:20.410,50.55,25
2024-06-21 13:41:21.394,50.4,25
2024-06-21 13:41:21.734,50.4,25
2024-06-21 13:41:22.491,50.45,75
2024-06-21 13:41:22.563,50.35,25
2024-06-21 13:41:23.307,50.25,25
2024-06-21 13:41:23.863,50.45,25
2024-06-21 13:41:24.496,50.45,75
2024-06-21 13:41:24.943,50.7,25
2024-06-21 13:41:25.292,50.7,25
2024-06-21 13:41:26.567,50.85,25
2024-06-21 13:41:27.259,50.85,250
2024-06-21 13:41:27.706,50.8,75
2024-06-21 13:41:28.090,50.8,25
2024-06-21 13:41:28.510,50.75,25
2024-06-21 13:41:29.150,50.65,1125
2024-06-21 13:41:29.150,50.65,1125
2024-06-21 13:41:30.274,50.3,75
2024-06-21 13:41:30.274,50.3,75
2024-06-21 13:41:31.310,50.35,25
2024-06-21 13:41:31.310,50.35,25
2024-06-21 13:41:32.048,50.1,25
2024-06-21 13:41:32.048,50.1,25
2024-06-21 13:41:32.870,50.25,300
2024-06-21 13:41:32.870,50.25,300
2024-06-21 13:41:34.685,49.95,75
2024-06-21 13:41:34.685,49.95,75
2024-06-21 13:41:35.467,50.0,25
2024-06-21 13:41:35.820,50.05,25
2024-06-21 13:41:35.820,50.05,25
2024-06-21 13:41:35.820,50.05,25
2024-06-21 13:41:35.820,50.05,25
2024-06-21 13:41:37.542,50.2,50
2024-06-21 13:41:38.513,50.3,125
2024-06-21 13:41:38.773,50.1,25
2024-06-21 13:41:39.197,50.15,250
2024-06-21 13:41:39.582,50.2,25
2024-06-21 13:41:40.257,50.2,25
2024-06-21 13:41:41.167,50.35,25
2024-06-21 13:41:41.359,50.3,175
2024-06-21 13:41:41.513,50.4,25
2024-06-21 13:41:42.456,50.3,25
2024-06-21 13:41:42.456,50.3,25
2024-06-21 13:41:43.239,50.3,125
2024-06-21 13:41:43.434,50.4,25
2024-06-21 13:41:44.365,50.25,200
2024-06-21 13:41:44.365,50.25,200
2024-06-21 13:41:45.305,50.2,25
2024-06-21 13:41:45.972,50.0,100
2024-06-21 13:41:46.473,50.15,150
2024-06-21 13:41:46.473,50.15,150
2024-06-21 13:41:47.264,50.0,25
2024-06-21 13:41:47.965,50.0,25
2024-06-21 13:41:48.201,50.05,50
2024-06-21 13:41:48.445,50.0,200
2024-06-21 13:41:49.412,49.9,200
2024-06-21 13:41:49.412,49.9,200
2024-06-21 13:41:50.423,49.75,25
2024-06-21 13:41:50.947,50.0,100
2024-06-21 13:41:51.107,49.95,25
2024-06-21 13:41:51.685,50.0,100
2024-06-21 13:41:52.469,50.1,25
2024-06-21 13:41:53.021,50.2,150
2024-06-21 13:41:53.123,50.25,25
2024-06-21 13:41:54.157,50.15,50
2024-06-21 13:41:54.394,50.05,50
2024-06-21 13:41:54.394,50.05,50
2024-06-21 13:41:55.255,50.25,50
2024-06-21 13:41:55.255,50.25,50
2024-06-21 13:41:56.379,50.2,25
2024-06-21 13:41:56.379,50.2,25
2024-06-21 13:41:57.314,50.1,25
2024-06-21 13:41:57.314,50.1,25
2024-06-21 13:41:58.370,49.85,25
2024-06-21 13:41:58.370,49.85,25
2024-06-21 13:41:59.573,50.0,75
2024-06-21 13:42:00.240,49.9,25
2024-06-21 13:42:00.790,49.95,50
2024-06-21 13:42:01.286,49.85,25
2024-06-21 13:42:01.769,49.9,25
2024-06-21 13:42:02.063,49.75,25
2024-06-21 13:42:02.444,49.75,25
2024-06-21 13:42:02.444,49.75,25
2024-06-21 13:42:03.230,49.9,150
2024-06-21 13:42:03.493,49.85,175
2024-06-21 13:42:04.388,49.95,50
2024-06-21 13:42:04.457,50.0,525
2024-06-21 13:42:05.116,49.9,25
2024-06-21 13:42:06.100,50.1,25
2024-06-21 13:42:06.600,50.15,25
2024-06-21 13:42:07.274,50.3,50
2024-06-21 13:42:07.274,50.3,50
2024-06-21 13:42:08.221,50.2,25
2024-06-21 13:42:08.221,50.2,25
2024-06-21 13:42:09.427,50.2,25
2024-06-21 13:42:09.907,50.35,75
2024-06-21 13:42:10.505,50.05,250
2024-06-21 13:42:10.849,50.2,25
2024-06-21 13:42:10.849,50.2,25
2024-06-21 13:42:11.651,50.2,175
2024-06-21 13:42:11.651,50.2,175
2024-06-21 13:42:13.114,50.25,25
2024-06-21 13:42:13.114,50.25,25
2024-06-21 13:42:14.490,50.5,75
2024-06-21 13:42:14.812,50.45,25
2024-06-21 13:42:15.332,50.3,50
2024-06-21 13:42:15.649,50.25,25
2024-06-21 13:42:15.649,50.25,25
2024-06-21 13:42:16.533,50.3,25
2024-06-21 13:42:17.135,50.2,75
2024-06-21 13:42:17.593,50.1,25
2024-06-21 13:42:18.208,50.3,100
2024-06-21 13:42:18.958,50.35,25
2024-06-21 13:42:19.400,50.2,75
2024-06-21 13:42:19.400,50.2,75
2024-06-21 13:42:20.487,50.2,150
2024-06-21 13:42:21.039,50.35,50
2024-06-21 13:42:21.214,50.35,25
2024-06-21 13:42:21.681,50.25,250
2024-06-21 13:42:22.512,50.25,25
2024-06-21 13:42:22.736,50.25,25
2024-06-21 13:42:23.280,50.3,25
2024-06-21 13:42:23.687,50.35,25
2024-06-21 13:42:24.401,50.3,25
2024-06-21 13:42:24.590,50.25,25
2024-06-21 13:42:25.234,50.2,75
2024-06-21 13:42:26.145,50.3,25
2024-06-21 13:42:26.145,50.3,25
2024-06-21 13:42:26.145,50.3,25
2024-06-21 13:42:27.496,50.5,25
2024-06-21 13:42:28.126,50.4,25
2024-06-21 13:42:28.126,50.4,25
2024-06-21 13:42:29.515,50.4,100
2024-06-21 13:42:29.562,50.4,25
2024-06-21 13:42:30.201,50.45,25
2024-06-21 13:42:30.795,50.55,25
2024-06-21 13:42:31.460,50.35,25
2024-06-21 13:42:31.460,50.35,25
2024-06-21 13:42:31.938,50.15,25
2024-06-21 13:42:32.434,50.35,25
2024-06-21 13:42:33.392,50.0,25
2024-06-21 13:42:33.862,50.1,25
2024-06-21 13:42:34.359,50.0,350
2024-06-21 13:42:34.800,50.05,25
2024-06-21 13:42:35.433,50.1,25
2024-06-21 13:42:35.433,50.1,25
2024-06-21 13:42:36.237,49.9,25
2024-06-21 13:42:36.901,50.0,25
2024-06-21 13:42:37.329,49.9,1500
2024-06-21 13:42:37.673,50.0,25
2024-06-21 13:42:37.673,50.0,25
2024-06-21 13:42:38.579,50.0,325
2024-06-21 13:42:39.513,50.0,50
2024-06-21 13:42:39.577,50.0,25
2024-06-21 13:42:40.335,49.6,25
2024-06-21 13:42:40.335,49.6,25
2024-06-21 13:42:40.724,49.8,25
2024-06-21 13:42:41.627,49.8,25
2024-06-21 13:42:42.214,49.8,175
2024-06-21 13:42:42.652,49.85,50
2024-06-21 13:42:43.503,50.0,25
2024-06-21 13:42:43.503,50.0,25
2024-06-21 13:42:45.147,49.8,125
2024-06-21 13:42:45.271,49.8,50
2024-06-21 13:42:45.518,49.9,25
2024-06-21 13:42:45.645,49.85,50
2024-06-21 13:42:46.140,49.95,150
2024-06-21 13:42:46.140,49.95,150
2024-06-21 13:42:47.267,49.95,25
2024-06-21 13:42:47.598,49.95,25
2024-06-21 13:42:48.209,49.95,75
2024-06-21 13:42:48.680,50.0,25
2024-06-21 13:42:49.550,49.75,25
2024-06-21 13:42:49.550,49.75,25
2024-06-21 13:42:49.933,49.75,50
2024-06-21 13:42:50.870,49.8,25
2024-06-21 13:42:51.441,49.7,150
2024-06-21 13:42:51.798,49.6,25
2024-06-21 13:42:51.798,49.6,25
2024-06-21 13:42:52.595,49.6,25
2024-06-21 13:42:53.145,49.6,25
2024-06-21 13:42:53.810,49.35,50
2024-06-21 13:42:54.530,49.25,125
2024-06-21 13:42:55.077,49.5,25
2024-06-21 13:42:55.536,49.55,25
2024-06-21 13:42:56.229,49.55,25
2024-06-21 13:42:56.229,49.55,25
2024-06-21 13:42:57.484,49.55,25
2024-06-21 13:42:58.244,49.35,25
2024-06-21 13:42:59.173,49.45,25
2024-06-21 13:42:59.701,49.3,100
2024-06-21 13:43:00.545,49.1,25
2024-06-21 13:43:01.273,49.05,75
2024-06-21 13:43:01.497,49.2,25
2024-06-21 13:43:01.786,49.1,25
2024-06-21 13:43:02.003,49.1,25
2024-06-21 13:43:02.003,49.1,25
2024-06-21 13:43:02.872,48.9,75
2024-06-21 13:43:03.531,49.1,50
2024-06-21 13:43:04.290,49.0,25
2024-06-21 13:43:04.537,49.0,25
2024-06-21 13:43:05.487,49.15,25
2024-06-21 13:43:05.889,49.25,25
2024-06-21 13:43:06.458,49.25,25
2024-06-21 13:43:06.858,49.05,25
2024-06-21 13:43:07.139,49.0,25
2024-06-21 13:43:07.726,49.0,100
2024-06-21 13:43:08.543,48.85,25
2024-06-21 13:43:08.635,48.95,25
2024-06-21 13:43:09.435,49.0,300
2024-06-21 13:43:09.683,49.05,25
2024-06-21 13:43:10.572,49.05,25
2024-06-21 13:43:10.979,48.95,25
2024-06-21 13:43:11.481,48.85,100
2024-06-21 13:43:11.693,48.85,25
2024-06-21 13:43:12.221,48.8,50
2024-06-21 13:43:12.851,48.85,175
2024-06-21 13:43:13.554,48.75,75
2024-06-21 13:43:14.333,48.35,25
2024-06-21 13:43:14.386,48.35,25
2024-06-21 13:43:14.723,48.6,25
2024-06-21 13:43:15.517,48.4,75
2024-06-21 13:43:15.853,48.25,50
2024-06-21 13:43:16.508,48.6,25
2024-06-21 13:43:16.919,48.35,25
2024-06-21 13:43:17.561,48.5,25
2024-06-21 13:43:17.637,48.55,25
2024-06-21 13:43:18.477,48.5,100
2024-06-21 13:43:19.022,48.7,650
2024-06-21 13:43:19.450,48.55,175
2024-06-21 13:43:20.211,48.55,50
2024-06-21 13:43:20.502,48.75,25
2024-06-21 13:43:20.502,48.75,25
2024-06-21 13:43:21.400,48.85,25
2024-06-21 13:43:21.924,48.7,25
2024-06-21 13:43:22.513,48.85,25
2024-06-21 13:43:23.152,48.75,25
2024-06-21 13:43:23.334,48.8,50
2024-06-21 13:43:23.761,48.95,25
2024-06-21 13:43:24.550,48.85,25
2024-06-21 13:43:25.234,48.8,50
2024-06-21 13:43:25.457,48.8,50
2024-06-21 13:43:26.416,49.05,25
2024-06-21 13:43:26.644,48.9,25
2024-06-21 13:43:26.644,48.9,25
2024-06-21 13:43:27.722,49.0,250
2024-06-21 13:43:28.084,48.85,25
2024-06-21 13:43:28.084,48.85,25
2024-06-21 13:43:29.529,48.85,75
2024-06-21 13:43:29.939,48.8,25
2024-06-21 13:43:30.504,48.75,25
2024-06-21 13:43:31.026,48.55,25
2024-06-21 13:43:31.773,47.6,25
2024-06-21 13:43:32.226,47.85,25
2024-06-21 13:43:32.445,48.15,425
2024-06-21 13:43:33.139,48.2,25
2024-06-21 13:43:33.591,48.2,25
2024-06-21 13:43:34.559,48.2,125
2024-06-21 13:43:34.851,48.25,75
2024-06-21 13:43:35.584,48.25,25
2024-06-21 13:43:35.902,48.3,50
2024-06-21 13:43:36.526,48.4,25
2024-06-21 13:43:37.037,48.5,25
2024-06-21 13:43:37.037,48.5,25
2024-06-21 13:43:37.714,48.7,250
2024-06-21 13:43:37.714,48.7,250
2024-06-21 13:43:39.189,48.55,25
2024-06-21 13:43:39.189,48.55,25
2024-06-21 13:43:39.189,48.55,25
2024-06-21 13:43:40.556,48.5,25
2024-06-21 13:43:40.972,48.5,25
2024-06-21 13:43:41.569,48.55,25
2024-06-21 13:43:42.079,48.4,150
2024-06-21 13:43:42.359,48.4,25
2024-06-21 13:43:43.216,48.25,25
2024-06-21 13:43:43.434,48.15,50
2024-06-21 13:43:44.089,48.25,50
2024-06-21 13:43:44.448,48.15,100
2024-06-21 13:43:45.560,48.3,25
2024-06-21 13:43:45.560,48.3,25
2024-06-21 13:43:46.461,48.35,25
2024-06-21 13:43:46.913,48.45,25
2024-06-21 13:43:47.506,48.6,200
2024-06-21 13:43:47.659,48.6,25
2024-06-21 13:43:48.369,48.55,175
2024-06-21 13:43:48.993,48.7,25
2024-06-21 13:43:48.993,48.7,25
2024-06-21 13:43:49.728,48.55,150
2024-06-21 13:43:50.510,48.8,200
2024-06-21 13:43:51.092,48.7,50
2024-06-21 13:43:51.092,48.7,50
2024-06-21 13:43:51.763,48.8,50
2024-06-21 13:43:52.403,48.8,25
2024-06-21 13:43:52.591,48.8,75
2024-06-21 13:43:53.071,48.9,25
2024-06-21 13:43:53.545,48.75,25
2024-06-21 13:43:54.423,48.9,25
2024-06-21 13:43:55.111,48.95,25
2024-06-21 13:43:55.111,48.95,25
2024-06-21 13:43:55.111,48.95,25
2024-06-21 13:43:56.351,48.9,25
2024-06-21 13:43:56.955,48.8,25
2024-06-21 13:43:57.449,48.9,75
2024-06-21 13:43:58.272,48.75,25
2024-06-21 13:43:58.272,48.75,25
2024-06-21 13:43:59.402,48.75,50
2024-06-21 13:43:59.735,48.6,75
2024-06-21 13:44:00.246,48.75,25
2024-06-21 13:44:00.246,48.75,25
2024-06-21 13:44:01.500,48.6,25
2024-06-21 13:44:01.777,48.65,50
2024-06-21 13:44:01.777,48.65,50
2024-06-21 13:44:02.457,48.8,650
2024-06-21 13:44:02.457,48.8,650
2024-06-21 13:44:03.125,48.9,225
2024-06-21 13:44:04.019,48.9,175
2024-06-21 13:44:04.534,49.0,25
2024-06-21 13:44:04.996,49.0,250
2024-06-21 13:44:05.272,48.95,125
2024-06-21 13:44:06.213,48.95,25
2024-06-21 13:44:06.389,48.95,25
2024-06-21 13:44:07.048,48.8,25
2024-06-21 13:44:07.048,48.8,25
2024-06-21 13:44:07.048,48.8,25
2024-06-21 13:44:07.832,49.0,100
2024-06-21 13:44:08.468,48.9,25
2024-06-21 13:44:09.553,48.85,25
2024-06-21 13:44:09.749,48.85,25
2024-06-21 13:44:10.519,48.85,25
2024-06-21 13:44:11.360,48.95,25
2024-06-21 13:44:11.360,48.95,25
2024-06-21 13:44:12.575,49.2,25
2024-06-21 13:44:12.575,49.2,25
2024-06-21 13:44:13.579,49.25,25
2024-06-21 13:44:13.606,49.25,25
2024-06-21 13:44:14.593,49.1,50
2024-06-21 13:44:14.833,49.15,50
2024-06-21 13:44:15.597,49.25,25
2024-06-21 13:44:16.037,49.2,25
2024-06-21 13:44:16.390,49.15,175
2024-06-21 13:44:16.799,49.2,25
2024-06-21 13:44:17.413,49.4,25
2024-06-21 13:44:17.413,49.4,25
2024-06-21 13:44:18.305,49.25,25
2024-06-21 13:44:18.795,49.35,25
2024-06-21 13:44:19.529,49.35,25
2024-06-21 13:44:19.792,49.35,50
2024-06-21 13:44:20.458,49.6,50
2024-06-21 13:44:20.690,49.7,100
2024-06-21 13:44:21.360,49.7,100
2024-06-21 13:44:22.159,49.7,150
2024-06-21 13:44:22.512,49.65,25
2024-06-21 13:44:22.512,49.65,25
2024-06-21 13:44:23.373,49.65,25
2024-06-21 13:44:24.068,49.85,25
2024-06-21 13:44:24.568,49.85,25
2024-06-21 13:44:25.413,49.95,25
2024-06-21 13:44:25.462,49.85,75
2024-06-21 13:44:25.462,49.85,75
2024-06-21 13:44:26.438,49.85,25
2024-06-21 13:44:26.785,50.0,25
2024-06-21 13:44:27.127,49.95,25
2024-06-21 13:44:27.802,50.0,25
2024-06-21 13:44:27.802,50.0,25
2024-06-21 13:44:28.952,50.0,25
2024-06-21 13:44:29.533,49.8,25
2024-06-21 13:44:29.835,49.9,25
2024-06-21 13:44:30.577,49.75,25
2024-06-21 13:44:30.937,49.9,25
2024-06-21 13:44:31.255,49.9,125
2024-06-21 13:44:31.641,49.85,50
2024-06-21 13:44:32.252,49.8,125
2024-06-21 13:44:32.290,49.75,25
2024-06-21 13:44:32.842,49.75,25
2024-06-21 13:44:33.422,49.75,25
2024-06-21 13:44:34.119,49.55,25
2024-06-21 13:44:34.119,49.55,25
2024-06-21 13:44:34.735,49.65,25
2024-06-21 13:44:35.416,49.6,25
2024-06-21 13:44:35.416,49.6,25
2024-06-21 13:44:35.963,49.75,25
2024-06-21 13:44:36.659,49.75,100
2024-06-21 13:44:36.957,49.7,25
2024-06-21 13:44:37.657,49.8,25
2024-06-21 13:44:38.447,49.9,25
2024-06-21 13:44:38.873,50.0,25
2024-06-21 13:44:39.569,49.9,25
2024-06-21 13:44:39.661,49.9,50
2024-06-21 13:44:40.504,50.0,25
2024-06-21 13:44:40.504,50.0,25
2024-06-21 13:44:41.481,49.9,25
2024-06-21 13:44:41.845,49.95,125
2024-06-21 13:44:42.419,49.9,25
2024-06-21 13:44:42.419,49.9,25
2024-06-21 13:44:43.393,49.9,250
2024-06-21 13:44:43.393,49.9,250
2024-06-21 13:44:44.534,49.85,25
2024-06-21 13:44:44.830,49.8,25
2024-06-21 13:44:45.525,49.85,25
2024-06-21 13:44:45.525,49.85,25
2024-06-21 13:44:46.619,49.85,25
2024-06-21 13:44:46.797,49.9,25
2024-06-21 13:44:46.797,49.9,25
2024-06-21 13:44:47.916,49.9,50
2024-06-21 13:44:48.407,49.9,75
2024-06-21 13:44:48.848,49.85,25
2024-06-21 13:44:49.612,49.75,100
2024-06-21 13:44:50.074,49.9,25
2024-06-21 13:44:50.388,49.9,25
2024-06-21 13:44:50.388,49.9,25
2024-06-21 13:44:51.490,49.75,125
2024-06-21 13:44:52.273,49.9,25
2024-06-21 13:44:52.563,50.05,25
2024-06-21 13:44:53.078,50.1,50
2024-06-21 13:44:53.078,50.1,50
2024-06-21 13:44:54.186,50.0,25
2024-06-21 13:44:54.524,50.05,525
2024-06-21 13:44:54.524,50.05,525
2024-06-21 13:44:55.276,50.1,25
2024-06-21 13:44:55.851,50.1,25
2024-06-21 13:44:56.033,50.05,25
2024-06-21 13:44:56.721,50.1,75
2024-06-21 13:44:56.721,50.1,75
2024-06-21 13:44:56.721,50.1,75
2024-06-21 13:44:58.216,50.05,50
2024-06-21 13:44:58.805,49.9,300
2024-06-21 13:44:59.165,49.9,50
2024-06-21 13:45:00.074,50.05,50
2024-06-21 13:45:00.602,49.9,50
2024-06-21 13:45:00.602,49.9,50
2024-06-21 13:45:01.805,50.0,25
2024-06-21 13:45:02.102,49.9,225
2024-06-21 13:45:02.102,49.9,225
2024-06-21 13:45:02.867,50.15,25
2024-06-21 13:45:03.216,50.2,100
2024-06-21 13:45:03.933,50.0,50
2024-06-21 13:45:04.550,50.2,25
2024-06-21 13:45:05.124,50.3,75
2024-06-21 13:45:05.124,50.3,75
2024-06-21 13:45:06.479,49.95,25
2024-06-21 13:45:06.479,49.95,25
2024-06-21 13:45:06.479,49.95,25
2024-06-21 13:45:07.431,50.0,75
2024-06-21 13:45:07.431,50.0,75
2024-06-21 13:45:08.536,50.1,150
2024-06-21 13:45:08.536,50.1,150
2024-06-21 13:45:09.301,50.05,25
2024-06-21 13:45:10.148,50.15,25
2024-06-21 13:45:10.148,50.15,25
2024-06-21 13:45:11.291,49.9,25
2024-06-21 13:45:11.291,49.9,25
2024-06-21 13:45:12.301,49.9,200
2024-06-21 13:45:12.329,49.95,75
2024-06-21 13:45:13.440,49.95,150
2024-06-21 13:45:13.440,49.95,150
2024-06-21 13:45:13.580,49.95,25
2024-06-21 13:45:14.522,49.95,25
2024-06-21 13:45:14.846,49.95,50
2024-06-21 13:45:15.397,50.0,25
2024-06-21 13:45:16.039,50.0,550
2024-06-21 13:45:16.401,50.0,75
2024-06-21 13:45:17.034,50.0,50
2024-06-21 13:45:17.455,49.8,25
2024-06-21 13:45:17.455,49.8,25
2024-06-21 13:45:18.470,49.95,25
2024-06-21 13:45:19.259,49.65,25
2024-06-21 13:45:19.585,49.8,50
2024-06-21 13:45:19.998,49.45,25
2024-06-21 13:45:19.998,49.45,25
2024-06-21 13:45:20.929,49.65,25
2024-06-21 13:45:21.390,49.55,25
2024-06-21 13:45:22.117,49.6,25
2024-06-21 13:45:22.727,49.7,25
2024-06-21 13:45:23.589,49.75,100
2024-06-21 13:45:23.589,49.75,100
2024-06-21 13:45:24.283,49.8,25
2024-06-21 13:45:24.895,49.8,450
2024-06-21 13:45:24.895,49.8,450
2024-06-21 13:45:26.106,49.85,25
2024-06-21 13:45:26.578,50.0,50
2024-06-21 13:45:27.080,50.0,250
2024-06-21 13:45:27.287,49.95,50
2024-06-21 13:45:27.734,50.1,25
2024-06-21 13:45:28.549,50.0,25
2024-06-21 13:45:29.253,50.0,50
2024-06-21 13:45:29.396,50.15,25
2024-06-21 13:45:30.148,50.35,25
2024-06-21 13:45:30.148,50.35,25
2024-06-21 13:45:31.289,50.0,50
2024-06-21 13:45:31.289,50.0,50
2024-06-21 13:45:31.757,50.1,25
2024-06-21 13:45:32.315,50.1,75
2024-06-21 13:45:32.494,50.1,25
2024-06-21 13:45:32.927,50.2,75
2024-06-21 13:45:33.635,50.15,25
2024-06-21 13:45:34.465,50.1,75
2024-06-21 13:45:34.944,50.1,75
2024-06-21 13:45:35.564,50.25,50
2024-06-21 13:45:35.564,50.25,50
2024-06-21 13:45:36.302,50.25,25
2024-06-21 13:45:36.302,50.25,25
2024-06-21 13:45:37.065,50.25,25
2024-06-21 13:45:37.610,50.1,25
2024-06-21 13:45:38.137,50.15,25
2024-06-21 13:45:39.133,50.15,25
2024-06-21 13:45:39.360,50.0,25
2024-06-21 13:45:40.343,50.2,25
2024-06-21 13:45:40.651,50.05,50
2024-06-21 13:45:40.651,50.05,50
2024-06-21 13:45:41.914,50.2,25
2024-06-21 13:45:41.914,50.2,25
2024-06-21 13:45:43.370,50.2,25
2024-06-21 13:45:43.598,50.35,25
2024-06-21 13:45:44.227,50.3,75
2024-06-21 13:45:44.570,50.3,25
2024-06-21 13:45:45.328,50.55,75
2024-06-21 13:45:45.328,50.55,75
2024-06-21 13:45:46.422,50.4,50
2024-06-21 13:45:46.666,50.5,25
2024-06-21 13:45:47.279,50.65,25
2024-06-21 13:45:47.510,51.35,250
2024-06-21 13:45:48.392,51.35,25
2024-06-21 13:45:48.940,51.25,25
2024-06-21 13:45:49.524,51.25,25
2024-06-21 13:45:49.973,51.3,250
2024-06-21 13:45:49.973,51.3,250
2024-06-21 13:45:51.252,51.25,600
2024-06-21 13:45:51.627,51.25,25
2024-06-21 13:45:51.627,51.25,25
2024-06-21 13:45:52.429,51.1,25
2024-06-21 13:45:52.429,51.1,25
2024-06-21 13:45:53.700,51.2,25
2024-06-21 13:45:54.598,51.1,50
2024-06-21 13:45:54.598,51.1,50
2024-06-21 13:45:55.541,51.15,25
2024-06-21 13:45:55.845,51.1,25
2024-06-21 13:45:55.845,51.1,25
2024-06-21 13:45:57.041,51.25,250
2024-06-21 13:45:57.528,51.15,50
2024-06-21 13:45:57.528,51.15,50
2024-06-21 13:45:58.517,51.1,100
2024-06-21 13:45:59.086,51.3,25
2024-06-21 13:45:59.624,51.3,200
2024-06-21 13:46:00.579,51.35,200
2024-06-21 13:46:01.411,51.15,175
2024-06-21 13:46:01.411,51.15,175
2024-06-21 13:46:01.411,51.15,175
2024-06-21 13:46:01.929,51.15,100
2024-06-21 13:46:01.929,51.15,100
2024-06-21 13:46:03.482,51.15,25
2024-06-21 13:46:03.714,51.25,75
2024-06-21 13:46:04.303,51.2,25
2024-06-21 13:46:04.303,51.2,25
2024-06-21 13:46:05.628,51.2,25
2024-06-21 13:46:05.989,51.1,25
2024-06-21 13:46:06.160,51.05,175
2024-06-21 13:46:07.110,51.25,50
2024-06-21 13:46:07.476,51.15,75
2024-06-21 13:46:08.061,51.25,25
2024-06-21 13:46:08.061,51.25,25
2024-06-21 13:46:08.961,51.15,25
2024-06-21 13:46:09.606,51.25,25
2024-06-21 13:46:10.248,51.25,175
2024-06-21 13:46:10.248,51.25,175
2024-06-21 13:46:10.248,51.25,175
2024-06-21 13:46:11.470,51.45,25
2024-06-21 13:46:11.694,51.5,275
2024-06-21 13:46:12.553,51.55,200
2024-06-21 13:46:12.965,51.55,25
2024-06-21 13:46:12.965,51.55,25
2024-06-21 13:46:14.189,51.45,25
2024-06-21 13:46:14.673,51.5,50
2024-06-21 13:46:14.673,51.5,50
2024-06-21 13:46:15.656,51.4,150
2024-06-21 13:46:16.088,51.5,150
2024-06-21 13:46:16.088,51.5,150
2024-06-21 13:46:17.235,51.55,225
2024-06-21 13:46:17.235,51.55,225
2024-06-21 13:46:17.235,51.55,225
2024-06-21 13:46:18.718,51.65,225
2024-06-21 13:46:18.870,51.6,300
2024-06-21 13:46:19.674,51.5,25
2024-06-21 13:46:19.674,51.5,25
2024-06-21 13:46:20.648,51.6,25
2024-06-21 13:46:20.832,51.5,25
2024-06-21 13:46:21.304,51.45,50
2024-06-21 13:46:22.412,51.65,25
2024-06-21 13:46:22.412,51.65,25
2024-06-21 13:46:23.138,51.5,25
2024-06-21 13:46:23.545,51.6,25
2024-06-21 13:46:24.270,51.65,25
2024-06-21 13:46:24.592,51.8,25
2024-06-21 13:46:25.403,51.6,25
2024-06-21 13:46:25.644,51.5,50
2024-06-21 13:46:26.163,51.7,200
2024-06-21 13:46:26.163,51.7,200
2024-06-21 13:46:27.297,51.6,25
2024-06-21 13:46:27.297,51.6,25
2024-06-21 13:46:28.263,51.65,50
2024-06-21 13:46:28.263,51.65,50
2024-06-21 13:46:29.469,51.6,50
2024-06-21 13:46:29.469,51.6,50
2024-06-21 13:46:29.866,51.6,25
2024-06-21 13:46:30.479,51.5,25
2024-06-21 13:46:31.237,51.85,25
2024-06-21 13:46:31.389,51.8,25
2024-06-21 13:46:31.389,51.8,25
2024-06-21 13:46:31.972,51.75,50
2024-06-21 13:46:32.523,52.0,375
2024-06-21 13:46:33.583,51.9,25
2024-06-21 13:46:34.540,52.0,25
2024-06-21 13:46:34.799,52.0,25
2024-06-21 13:46:35.417,52.05,50
2024-06-21 13:46:36.198,52.05,25
2024-06-21 13:46:36.588,52.1,25
2024-06-21 13:46:37.138,51.85,25
2024-06-21 13:46:37.446,51.85,100
2024-06-21 13:46:38.200,51.95,75
2024-06-21 13:46:38.679,51.85,25
2024-06-21 13:46:39.360,51.7,25
2024-06-21 13:46:39.582,51.6,25
2024-06-21 13:46:40.649,50.75,25
2024-06-21 13:46:41.522,50.85,50
2024-06-21 13:46:41.522,50.85,50
2024-06-21 13:46:42.425,50.8,25
2024-06-21 13:46:42.852,50.8,650
2024-06-21 13:46:42.852,50.8,650
2024-06-21 13:46:43.829,50.95,375
2024-06-21 13:46:44.447,51.0,50
2024-06-21 13:46:45.412,50.75,25
2024-06-21 13:46:45.412,50.75,25
2024-06-21 13:46:46.212,50.8,25
2024-06-21 13:46:46.212,50.8,25
2024-06-21 13:46:47.187,51.0,375
2024-06-21 13:46:47.187,51.0,375
2024-06-21 13:46:48.268,50.85,50
2024-06-21 13:46:48.268,50.85,50
2024-06-21 13:46:49.211,51.0,50
2024-06-21 13:46:49.211,51.0,50
2024-06-21 13:46:50.702,50.8,25
2024-06-21 13:46:51.149,50.7,75
2024-06-21 13:46:51.534,50.85,275
2024-06-21 13:46:52.246,50.8,25
2024-06-21 13:46:52.350,50.85,525
2024-06-21 13:46:53.118,50.75,25
2024-06-21 13:46:53.441,50.8,25
2024-06-21 13:46:54.425,50.65,25
2024-06-21 13:46:54.627,50.65,25
2024-06-21 13:46:55.049,50.5,50
2024-06-21 13:46:55.049,50.5,50
2024-06-21 13:46:56.534,50.5,75
2024-06-21 13:46:56.964,50.5,25
2024-06-21 13:46:57.558,50.65,25
2024-06-21 13:46:58.195,50.55,550
2024-06-21 13:46:58.582,50.6,50
2024-06-21 13:46:59.138,50.6,25
2024-06-21 13:46:59.597,50.8,25
2024-06-21 13:47:00.013,50.8,25
2024-06-21 13:47:00.013,50.8,25
2024-06-21 13:47:01.060,50.8,200
2024-06-21 13:47:01.060,50.8,200
2024-06-21 13:47:01.767,50.8,25
2024-06-21 13:47:02.380,50.85,25
2024-06-21 13:47:02.380,50.85,25
2024-06-21 13:47:03.463,50.95,25
2024-06-21 13:47:03.811,51.0,50
2024-06-21 13:47:04.586,51.0,100
2024-06-21 13:47:04.849,51.0,300
2024-06-21 13:47:04.849,51.0,300
2024-06-21 13:47:04.849,51.0,300
2024-06-21 13:47:06.629,51.0,25
2024-06-21 13:47:07.712,51.0,25
2024-06-21 13:47:08.042,50.95,25
2024-06-21 13:47:08.438,51.0,25
2024-06-21 13:47:08.876,51.0,25
2024-06-21 13:47:09.696,51.0,175
2024-06-21 13:47:10.335,50.85,50
2024-06-21 13:47:10.335,50.85,50
2024-06-21 13:47:11.440,50.95,25
2024-06-21 13:47:11.765,50.95,25
2024-06-21 13:47:12.215,51.1,50
2024-06-21 13:47:13.143,50.95,25
2024-06-21 13:47:13.143,50.95,25
2024-06-21 13:47:13.883,50.85,350
2024-06-21 13:47:14.590,50.95,50
2024-06-21 13:47:15.486,50.6,100
2024-06-21 13:47:15.607,50.5,50
2024-06-21 13:47:15.607,50.5,50
2024-06-21 13:47:16.620,50.5,75
2024-06-21 13:47:16.620,50.5,75
2024-06-21 13:47:17.367,50.6,25
2024-06-21 13:47:18.194,50.7,25
2024-06-21 13:47:18.722,50.85,100
2024-06-21 13:47:19.202,50.95,25
2024-06-21 13:47:19.836,50.95,50
2024-06-21 13:47:19.836,50.95,50
2024-06-21 13:47:19.836,50.95,50
2024-06-21 13:47:21.676,50.8,25
2024-06-21 13:47:21.858,50.8,50
2024-06-21 13:47:22.432,50.95,25
2024-06-21 13:47:22.671,51.0,150
2024-06-21 13:47:23.160,51.3,25
2024-06-21 13:47:24.220,51.15,25
2024-06-21 13:47:24.712,51.2,25
2024-06-21 13:47:24.857,51.2,25
2024-06-21 13:47:25.420,51.4,25
2024-06-21 13:47:25.990,51.35,475
2024-06-21 13:47:26.597,51.15,25
2024-06-21 13:47:26.984,51.3,25
2024-06-21 13:47:26.984,51.3,25
2024-06-21 13:47:28.495,51.15,25
2024-06-21 13:47:28.495,51.15,25
2024-06-21 13:47:29.114,51.3,250
2024-06-21 13:47:29.114,51.3,250
2024-06-21 13:47:30.321,51.1,25
2024-06-21 13:47:30.321,51.1,25
2024-06-21 13:47:31.614,51.1,50
2024-06-21 13:47:31.614,51.1,50
2024-06-21 13:47:31.614,51.1,50
2024-06-21 13:47:32.444,51.15,200
2024-06-21 13:47:33.024,51.15,50
2024-06-21 13:47:33.200,51.0,25
2024-06-21 13:47:33.200,51.0,25
2024-06-21 13:47:34.870,51.0,250
2024-06-21 13:47:35.637,51.05,200
2024-06-21 13:47:35.803,51.05,175
2024-06-21 13:47:36.620,50.95,25
2024-06-21 13:47:36.746,51.0,200
2024-06-21 13:47:37.631,51.0,50
2024-06-21 13:47:37.631,51.0,50
2024-06-21 13:47:38.184,51.05,25
2024-06-21 13:47:38.857,51.05,25
2024-06-21 13:47:39.163,51.2,50
2024-06-21 13:47:40.287,51.05,25
2024-06-21 13:47:40.487,51.1,25
2024-06-21 13:47:41.063,51.1,50
2024-06-21 13:47:41.677,51.2,25
2024-06-21 13:47:41.677,51.2,25
2024-06-21 13:47:42.529,51.2,25
2024-06-21 13:47:43.019,51.05,25
2024-06-21 13:47:43.019,51.05,25
2024-06-21 13:47:44.464,50.75,25
2024-06-21 13:47:44.464,50.75,25
2024-06-21 13:47:45.581,50.8,50
2024-06-21 13:47:46.319,50.6,50
2024-06-21 13:47:46.319,50.6,50
2024-06-21 13:47:47.401,50.5,25
2024-06-21 13:47:47.951,50.55,50
2024-06-21 13:47:48.455,50.5,25
2024-06-21 13:47:48.988,50.6,175
2024-06-21 13:47:49.531,50.4,50
2024-06-21 13:47:49.531,50.4,50
2024-06-21 13:47:50.206,50.5,50
2024-06-21 13:47:51.123,50.55,25
2024-06-21 13:47:51.483,50.5,50
2024-06-21 13:47:52.122,50.4,25
2024-06-21 13:47:52.334,50.55,25
2024-06-21 13:47:53.288,50.4,25
2024-06-21 13:47:53.718,50.45,25
2024-06-21 13:47:54.300,50.6,325
2024-06-21 13:47:54.300,50.6,325
2024-06-21 13:47:55.020,50.45,225
2024-06-21 13:47:55.020,50.45,225
2024-06-21 13:47:56.458,50.55,25
2024-06-21 13:47:56.458,50.55,25
2024-06-21 13:47:57.709,50.25,50
2024-06-21 13:47:57.889,50.3,25
2024-06-21 13:47:58.303,50.35,25
2024-06-21 13:47:59.301,50.45,25
2024-06-21 13:47:59.301,50.45,25
2024-06-21 13:48:00.474,50.3,100
2024-06-21 13:48:00.598,50.35,25
2024-06-21 13:48:01.412,49.9,50
2024-06-21 13:48:01.412,49.9,50
2024-06-21 13:48:01.412,49.9,50
2024-06-21 13:48:02.425,49.95,250
2024-06-21 13:48:02.425,49.95,250
2024-06-21 13:48:03.112,50.0,25
2024-06-21 13:48:03.931,49.9,75
2024-06-21 13:48:04.654,50.0,25
2024-06-21 13:48:05.150,50.0,100
2024-06-21 13:48:05.519,50.0,75
2024-06-21 13:48:05.907,49.85,50
2024-06-21 13:48:06.712,49.9,25
2024-06-21 13:48:07.264,49.8,25
2024-06-21 13:48:07.362,49.8,50
2024-06-21 13:48:07.362,49.8,50
2024-06-21 13:48:08.537,49.85,150
2024-06-21 13:48:09.049,49.85,25
2024-06-21 13:48:09.698,49.95,25
2024-06-21 13:48:10.247,49.75,25
2024-06-21 13:48:10.666,49.75,450
2024-06-21 13:48:11.657,49.55,50
2024-06-21 13:48:12.460,49.8,25
2024-06-21 13:48:12.460,49.8,25
2024-06-21 13:48:12.874,49.8,25
2024-06-21 13:48:13.611,49.85,50
2024-06-21 13:48:14.410,49.8,50
2024-06-21 13:48:14.719,49.75,50
2024-06-21 13:48:15.408,49.65,75
2024-06-21 13:48:15.408,49.65,75
2024-06-21 13:48:16.512,49.7,25
2024-06-21 13:48:16.704,49.75,25
2024-06-21 13:48:16.832,50.0,100
2024-06-21 13:48:16.832,50.0,100
2024-06-21 13:48:18.286,50.0,100
2024-06-21 13:48:18.286,50.0,100
2024-06-21 13:48:19.227,49.85,25
2024-06-21 13:48:20.088,49.7,25
2024-06-21 13:48:20.502,49.5,25
2024-06-21 13:48:21.375,49.7,25
2024-06-21 13:48:21.750,49.75,25
2024-06-21 13:48:21.750,49.75,25
2024-06-21 13:48:21.750,49.75,25
2024-06-21 13:48:23.496,49.75,25
2024-06-21 13:48:23.690,49.7,25
2024-06-21 13:48:24.280,49.8,125
2024-06-21 13:48:24.926,49.55,25
2024-06-21 13:48:25.750,49.75,75
2024-06-21 13:48:25.750,49.75,75
2024-06-21 13:48:26.729,50.0,25
2024-06-21 13:48:27.240,50.15,175
2024-06-21 13:48:27.503,50.1,25
2024-06-21 13:48:27.950,50.1,25
2024-06-21 13:48:27.950,50.1,25
2024-06-21 13:48:29.234,50.05,25
2024-06-21 13:48:29.711,50.25,50
2024-06-21 13:48:30.207,50.2,25
2024-06-21 13:48:30.702,50.15,25
2024-06-21 13:48:31.233,50.0,25
2024-06-21 13:48:31.233,50.0,25
2024-06-21 13:48:32.402,50.05,25
2024-06-21 13:48:32.402,50.05,25
2024-06-21 13:48:33.507,49.8,25
2024-06-21 13:48:33.507,49.8,25
2024-06-21 13:48:34.735,49.95,25
2024-06-21 13:48:35.002,50.05,50
2024-06-21 13:48:35.332,50.2,25
2024-06-21 13:48:35.332,50.2,25
2024-06-21 13:48:36.487,50.1,25
2024-06-21 13:48:37.099,50.1,25
2024-06-21 13:48:37.099,50.1,25
2024-06-21 13:48:37.878,50.05,25
2024-06-21 13:48:37.878,50.05,25
2024-06-21 13:48:38.811,50.15,550
2024-06-21 13:48:39.578,50.0,25
2024-06-21 13:48:40.533,50.3,50
2024-06-21 13:48:40.533,50.3,50
2024-06-21 13:48:41.513,50.1,25
2024-06-21 13:48:41.789,50.15,25
2024-06-21 13:48:41.789,50.15,25
2024-06-21 13:48:41.789,50.15,25
2024-06-21 13:48:43.385,50.0,75
2024-06-21 13:48:43.385,50.0,75
2024-06-21 13:48:44.602,50.2,75
2024-06-21 13:48:44.602,50.2,75
2024-06-21 13:48:45.786,50.15,50
2024-06-21 13:48:46.405,50.2,25
2024-06-21 13:48:46.405,50.2,25
2024-06-21 13:48:47.036,50.0,850
2024-06-21 13:48:47.586,50.15,25
2024-06-21 13:48:48.281,50.1,25
2024-06-21 13:48:48.696,50.05,25
2024-06-21 13:48:49.484,50.0,25
2024-06-21 13:48:50.754,49.9,50
2024-06-21 13:48:50.754,49.9,50
2024-06-21 13:48:51.625,49.9,25
2024-06-21 13:48:52.086,50.05,25
2024-06-21 13:48:52.086,50.05,25
