time,ltp,volume
2024-06-21 13:34:55.431,151.15,75
2024-06-21 13:34:56.338,151.0,25
2024-06-21 13:34:56.407,150.95,50
2024-06-21 13:34:56.991,151.1,75
2024-06-21 13:34:56.991,151.1,75
2024-06-21 13:34:57.992,151.3,25
2024-06-21 13:34:59.467,151.25,25
2024-06-21 13:34:59.467,151.25,25
2024-06-21 13:34:59.683,151.5,50
2024-06-21 13:35:00.141,150.95,25
2024-06-21 13:35:00.417,151.15,25
2024-06-21 13:35:00.898,151.3,25
2024-06-21 13:35:01.443,151.9,425
2024-06-21 13:35:01.938,152.2,75
2024-06-21 13:35:02.266,152.05,100
2024-06-21 13:35:02.746,151.6,75
2024-06-21 13:35:03.366,151.9,50
2024-06-21 13:35:04.164,151.6,50
2024-06-21 13:35:04.318,151.35,200
2024-06-21 13:35:04.910,151.7,25
2024-06-21 13:35:05.387,151.95,25
2024-06-21 13:35:05.941,151.95,50
2024-06-21 13:35:06.415,151.75,25
2024-06-21 13:35:06.928,151.7,50
2024-06-21 13:35:07.456,151.6,875
2024-06-21 13:35:08.004,151.15,25
2024-06-21 13:35:08.004,151.15,25
2024-06-21 13:35:09.076,151.3,25
2024-06-21 13:35:09.449,151.25,25
2024-06-21 13:35:10.348,150.45,100
2024-06-21 13:35:10.460,150.5,25
2024-06-21 13:35:11.000,151.0,50
2024-06-21 13:35:11.500,151.1,25
2024-06-21 13:35:12.280,151.05,100
2024-06-21 13:35:12.280,151.05,100
2024-06-21 13:35:12.878,151.0,225
2024-06-21 13:35:13.311,151.1,25
2024-06-21 13:35:14.479,150.9,25
2024-06-21 13:35:14.571,150.7,100
2024-06-21 13:35:14.971,150.45,100
2024-06-21 13:35:15.433,150.55,25
2024-06-21 13:35:15.938,150.45,25
2024-06-21 13:35:16.453,150.45,50
2024-06-21 13:35:16.733,150.15,25
2024-06-21 13:35:16.733,150.15,25
2024-06-21 13:35:17.745,150.3,25
2024-06-21 13:35:18.313,150.15,25
2024-06-21 13:35:18.952,149.6,150
2024-06-21 13:35:19.472,149.65,75
2024-06-21 13:35:19.969,149.0,25
2024-06-21 13:35:20.354,148.95,50
2024-06-21 13:35:20.857,148.8,25
2024-06-21 13:35:21.440,149.35,75
2024-06-21 13:35:21.970,149.45,250
2024-06-21 13:35:22.437,149.15,25
2024-06-21 13:35:22.679,149.5,175
2024-06-21 13:35:23.419,149.65,50
2024-06-21 13:35:24.185,149.55,25
2024-06-21 13:35:24.478,149.7,75
2024-06-21 13:35:25.159,149.75,50
2024-06-21 13:35:25.481,149.85,25
2024-06-21 13:35:26.174,150.45,25
2024-06-21 13:35:26.487,150.4,25
2024-06-21 13:35:27.218,150.25,25
2024-06-21 13:35:27.433,150.25,25
2024-06-21 13:35:28.115,150.6,25
2024-06-21 13:35:28.115,150.6,25
2024-06-21 13:35:29.363,150.4,25
2024-06-21 13:35:30.221,150.7,25
2024-06-21 13:35:30.467,150.85,25
2024-06-21 13:35:30.467,150.85,25
2024-06-21 13:35:30.846,151.05,25
2024-06-21 13:35:31.497,151.45,50
2024-06-21 13:35:32.013,151.05,125
2024-06-21 13:35:32.487,151.5,175
2024-06-21 13:35:32.948,151.75,25
2024-06-21 13:35:33.079,151.8,175
2024-06-21 13:35:34.177,151.85,150
2024-06-21 13:35:34.502,151.25,25
2024-06-21 13:35:34.653,151.6,25
2024-06-21 13:35:35.435,151.65,25
2024-06-21 13:35:36.359,151.85,25
2024-06-21 13:35:37.256,151.1,25
2024-06-21 13:35:37.826,151.0,50
2024-06-21 13:35:38.277,151.1,50
2024-06-21 13:35:39.010,150.8,25
2024-06-21 13:35:39.439,150.85,25
2024-06-21 13:35:39.972,151.35,50
2024-06-21 13:35:40.397,150.65,125
2024-06-21 13:35:41.149,150.7,200
2024-06-21 13:35:41.493,150.75,50
2024-06-21 13:35:42.217,151.1,50
2024-06-21 13:35:42.217,151.1,50
2024-06-21 13:35:43.189,150.85,25
2024-06-21 13:35:43.189,150.85,25
2024-06-21 13:35:44.379,150.7,25
2024-06-21 13:35:44.437,150.5,50
2024-06-21 13:35:45.492,150.6,25
2024-06-21 13:35:45.587,150.5,50
2024-06-21 13:35:46.014,150.45,25
2024-06-21 13:35:46.345,150.25,200
2024-06-21 13:35:47.090,150.65,25
2024-06-21 13:35:47.368,150.4,25
2024-06-21 13:35:47.760,150.25,100
2024-06-21 13:35:48.479,150.25,25
2024-06-21 13:35:48.995,150.3,150
2024-06-21 13:35:49.457,150.0,50
2024-06-21 13:35:50.025,150.45,25
2024-06-21 13:35:50.509,150.25,25
2024-06-21 13:35:51.028,150.25,125
2024-06-21 13:35:51.282,150.15,75
2024-06-21 13:35:52.236,150.4,25
2024-06-21 13:35:52.236,150.4,25
2024-06-21 13:35:53.100,150.7,50
2024-06-21 13:35:53.397,150.45,50
2024-06-21 13:35:54.481,150.35,50
2024-06-21 13:35:54.956,150.4,125
2024-06-21 13:35:54.956,150.4,125
2024-06-21 13:35:56.188,150.55,100
2024-06-21 13:35:56.493,151.8,25
2024-06-21 13:35:57.500,150.85,50
2024-06-21 13:35:58.032,151.2,50
2024-06-21 13:35:58.232,151.25,25
2024-06-21 13:35:59.354,150.95,50
2024-06-21 13:35:59.497,151.15,75
2024-06-21 13:35:59.979,151.0,75
2024-06-21 13:36:00.474,151.2,25
2024-06-21 13:36:00.626,151.25,25
2024-06-21 13:36:01.033,151.45,25
2024-06-21 13:36:01.399,151.75,50
2024-06-21 13:36:02.043,151.8,25
2024-06-21 13:36:02.428,151.65,25
2024-06-21 13:36:03.116,151.45,100
2024-06-21 13:36:03.509,151.7,25
2024-06-21 13:36:04.203,151.85,50
2024-06-21 13:36:04.368,152.0,25
2024-06-21 13:36:04.951,151.6,25
2024-06-21 13:36:05.210,151.35,25
2024-06-21 13:36:05.992,152.0,75
2024-06-21 13:36:06.449,152.1,150
2024-06-21 13:36:07.020,152.0,75
2024-06-21 13:36:07.467,152.25,25
2024-06-21 13:36:08.132,152.3,100
2024-06-21 13:36:08.506,152.45,75
2024-06-21 13:36:09.365,151.6,75
2024-06-21 13:36:10.464,151.4,75
2024-06-21 13:36:10.553,151.15,25
2024-06-21 13:36:11.040,151.3,25
2024-06-21 13:36:11.126,151.3,100
2024-06-21 13:36:12.262,151.4,75
2024-06-21 13:36:12.434,151.5,25
2024-06-21 13:36:13.161,151.1,25
2024-06-21 13:36:13.389,151.05,25
2024-06-21 13:36:14.454,150.95,25
2024-06-21 13:36:14.479,150.65,25
2024-06-21 13:36:15.338,150.4,50
2024-06-21 13:36:16.485,151.1,125
2024-06-21 13:36:16.658,151.1,25
2024-06-21 13:36:17.015,151.1,250
2024-06-21 13:36:17.199,151.0,25
2024-06-21 13:36:17.945,150.4,25
2024-06-21 13:36:17.945,150.4,25
2024-06-21 13:36:19.035,150.7,50
2024-06-21 13:36:19.436,150.6,25
2024-06-21 13:36:20.264,151.05,125
2024-06-21 13:36:20.264,151.05,125
2024-06-21 13:36:21.452,152.05,75
2024-06-21 13:36:22.273,151.85,50
2024-06-21 13:36:22.830,152.35,200
2024-06-21 13:36:23.349,152.3,25
2024-06-21 13:36:24.515,151.25,125
2024-06-21 13:36:25.252,151.3,100
2024-06-21 13:36:25.423,151.25,25
2024-06-21 13:36:26.333,151.05,25
2024-06-21 13:36:26.333,151.05,25
2024-06-21 13:36:27.015,151.3,25
2024-06-21 13:36:28.350,151.25,100
2024-06-21 13:36:29.309,150.85,25
2024-06-21 13:36:29.309,150.85,25
2024-06-21 13:36:30.116,151.2,200
2024-06-21 13:36:30.494,151.1,25
2024-06-21 13:36:30.494,151.1,25
2024-06-21 13:36:30.979,150.7,25
2024-06-21 13:36:31.487,150.85,25
2024-06-21 13:36:31.778,151.0,50
2024-06-21 13:36:32.473,150.95,25
2024-06-21 13:36:33.007,150.7,25
2024-06-21 13:36:33.273,150.45,125
2024-06-21 13:36:34.453,151.1,25
2024-06-21 13:36:35.261,151.25,25
2024-06-21 13:36:35.261,151.25,25
2024-06-21 13:36:36.525,152.0,100
2024-06-21 13:36:37.248,151.3,125
2024-06-21 13:36:38.457,151.55,175
2024-06-21 13:36:38.457,151.55,175
2024-06-21 13:36:38.979,151.1,25
2024-06-21 13:36:39.201,151.5,25
2024-06-21 13:36:39.903,151.15,25
2024-06-21 13:36:40.540,151.4,125
2024-06-21 13:36:41.296,151.0,50
2024-06-21 13:36:41.482,151.2,50
2024-06-21 13:36:42.015,150.75,50
2024-06-21 13:36:42.015,150.75,50
2024-06-21 13:36:43.167,150.4,25
2024-06-21 13:36:43.553,150.85,50
2024-06-21 13:36:43.553,150.85,50
2024-06-21 13:36:44.552,150.5,25
2024-06-21 13:36:45.067,150.35,50
2024-06-21 13:36:45.539,150.35,125
2024-06-21 13:36:46.110,150.0,50
2024-06-21 13:36:46.408,150.25,50
2024-06-21 13:36:47.070,150.05,25
2024-06-21 13:36:47.562,149.1,250
2024-06-21 13:36:47.920,149.05,50
2024-06-21 13:36:48.505,149.35,25
2024-06-21 13:36:49.112,149.5,100
2024-06-21 13:36:49.515,149.55,50
2024-06-21 13:36:50.002,150.0,25
2024-06-21 13:36:50.395,150.2,25
2024-06-21 13:36:51.058,149.9,25
2024-06-21 13:36:51.541,150.35,50
2024-06-21 13:36:52.174,150.15,25
2024-06-21 13:36:52.174,150.15,25
2024-06-21 13:36:52.993,150.2,50
2024-06-21 13:36:53.389,150.45,25
2024-06-21 13:36:54.468,150.55,50
2024-06-21 13:36:55.168,150.3,25
2024-06-21 13:36:56.113,150.2,25
2024-06-21 13:36:56.317,150.0,25
2024-06-21 13:36:57.073,149.9,200
2024-06-21 13:36:57.401,149.55,50
2024-06-21 13:36:58.246,149.05,25
2024-06-21 13:36:59.204,148.55,150
2024-06-21 13:36:59.366,148.65,50
2024-06-21 13:37:00.134,148.65,25
2024-06-21 13:37:00.510,148.65,25
2024-06-21 13:37:01.542,147.4,25
2024-06-21 13:37:01.633,147.25,25
2024-06-21 13:37:02.496,147.7,50
2024-06-21 13:37:03.462,148.25,25
2024-06-21 13:37:03.639,148.35,25
2024-06-21 13:37:04.149,148.5,25
2024-06-21 13:37:04.522,148.3,50
2024-06-21 13:37:05.100,148.3,50
2024-06-21 13:37:05.551,148.5,175
2024-06-21 13:37:06.348,148.5,150
2024-06-21 13:37:06.348,148.5,150
2024-06-21 13:37:07.085,148.55,25
2024-06-21 13:37:07.308,148.55,25
2024-06-21 13:37:08.114,148.6,25
2024-06-21 13:37:08.380,148.7,25
2024-06-21 13:37:09.304,148.4,25
2024-06-21 13:37:09.487,148.4,25
2024-06-21 13:37:10.532,148.25,75
2024-06-21 13:37:11.144,148.6,25
2024-06-21 13:37:11.560,148.8,25
2024-06-21 13:37:12.379,148.95,25
2024-06-21 13:37:13.330,148.2,25
2024-06-21 13:37:14.551,148.25,25
2024-06-21 13:37:15.439,147.25,25
2024-06-21 13:37:15.598,147.2,25
2024-06-21 13:37:16.081,147.2,200
2024-06-21 13:37:16.563,147.0,25
2024-06-21 13:37:17.165,146.7,25
2024-06-21 13:37:17.165,146.7,25
2024-06-21 13:37:18.112,146.65,50
2024-06-21 13:37:19.569,146.2,50
2024-06-21 13:37:19.770,146.45,25
2024-06-21 13:37:20.531,146.4,25
2024-06-21 13:37:21.562,147.0,275
2024-06-21 13:37:21.725,146.85,25
2024-06-21 13:37:22.127,146.65,50
2024-06-21 13:37:22.498,146.4,50
2024-06-21 13:37:23.287,147.1,225
2024-06-21 13:37:23.737,146.6,25
2024-06-21 13:37:24.009,146.7,25
2024-06-21 13:37:24.009,146.7,25
2024-06-21 13:37:25.219,146.65,25
2024-06-21 13:37:25.545,146.6,275
2024-06-21 13:37:26.346,146.0,25
2024-06-21 13:37:26.469,146.0,25
2024-06-21 13:37:27.436,146.2,200
2024-06-21 13:37:27.436,146.2,200
2024-06-21 13:37:28.127,145.6,25
2024-06-21 13:37:28.668,144.55,25
2024-06-21 13:37:29.571,143.0,25
2024-06-21 13:37:30.160,143.7,25
2024-06-21 13:37:30.246,143.35,50
2024-06-21 13:37:30.572,142.8,25
2024-06-21 13:37:31.399,143.2,25
2024-06-21 13:37:31.555,143.75,25
2024-06-21 13:37:32.392,143.65,200
2024-06-21 13:37:32.450,144.05,25
2024-06-21 13:37:33.452,144.0,25
2024-06-21 13:37:34.586,144.55,125
2024-06-21 13:37:34.693,144.8,25
2024-06-21 13:37:35.549,145.2,25
2024-06-21 13:37:35.780,145.0,25
2024-06-21 13:37:36.481,145.0,25
2024-06-21 13:37:36.711,144.8,25
2024-06-21 13:37:36.972,144.9,75
2024-06-21 13:37:37.452,145.15,50
2024-06-21 13:37:38.156,145.7,100
2024-06-21 13:37:38.255,145.4,50
2024-06-21 13:37:39.369,145.2,25
2024-06-21 13:37:39.459,145.15,50
2024-06-21 13:37:40.376,145.0,25
2024-06-21 13:37:40.562,145.0,25
2024-06-21 13:37:41.607,144.2,25
2024-06-21 13:37:42.465,144.55,25
2024-06-21 13:37:43.510,145.0,25
2024-06-21 13:37:43.775,144.55,50
2024-06-21 13:37:44.097,145.2,50
2024-06-21 13:37:44.506,145.1,50
2024-06-21 13:37:45.131,145.3,25
2024-06-21 13:37:45.710,145.3,50
2024-06-21 13:37:46.149,145.05,125
2024-06-21 13:37:46.589,145.15,25
2024-06-21 13:37:47.368,144.85,75
2024-06-21 13:37:47.529,144.95,100
2024-06-21 13:37:47.999,144.8,25
2024-06-21 13:37:48.431,145.55,250
2024-06-21 13:37:49.337,145.4,25
2024-06-21 13:37:49.337,145.4,25
2024-06-21 13:37:50.409,145.35,25
2024-06-21 13:37:50.580,145.2,50
2024-06-21 13:37:51.582,145.2,50
2024-06-21 13:37:52.109,145.05,25
2024-06-21 13:37:52.109,145.05,25
2024-06-21 13:37:53.123,144.75,125
2024-06-21 13:37:53.296,144.45,100
2024-06-21 13:37:54.612,144.25,100
2024-06-21 13:37:55.414,143.25,25
2024-06-21 13:37:55.414,143.25,25
2024-06-21 13:37:56.621,143.25,25
2024-06-21 13:37:57.247,143.55,25
2024-06-21 13:37:57.754,143.1,25
2024-06-21 13:37:57.754,143.1,25
2024-06-21 13:37:59.018,141.95,25
2024-06-21 13:37:59.593,142.6,50
2024-06-21 13:38:00.024,143.05,25
2024-06-21 13:38:00.186,142.85,150
2024-06-21 13:38:00.594,142.05,25
2024-06-21 13:38:00.940,142.35,350
2024-06-21 13:38:01.144,142.35,25
2024-06-21 13:38:01.774,140.8,25
2024-06-21 13:38:02.244,140.8,25
2024-06-21 13:38:02.550,141.0,25
2024-06-21 13:38:03.477,141.4,125
2024-06-21 13:38:04.434,141.8,200
2024-06-21 13:38:04.593,142.0,25
2024-06-21 13:38:05.627,141.85,100
2024-06-21 13:38:06.588,141.45,25
2024-06-21 13:38:06.643,141.65,50
2024-06-21 13:38:07.282,141.1,100
2024-06-21 13:38:07.733,141.7,25
2024-06-21 13:38:07.992,141.55,25
2024-06-21 13:38:08.784,141.5,175
2024-06-21 13:38:09.584,141.55,25
2024-06-21 13:38:09.801,141.65,25
2024-06-21 13:38:10.448,141.95,25
2024-06-21 13:38:10.818,142.0,25
2024-06-21 13:38:11.676,142.65,50
2024-06-21 13:38:11.676,142.65,50
2024-06-21 13:38:12.215,142.6,50
2024-06-21 13:38:12.215,142.6,50
2024-06-21 13:38:12.788,142.55,25
2024-06-21 13:38:13.300,142.65,50
2024-06-21 13:38:14.206,142.55,50
2024-06-21 13:38:14.549,142.35,50
2024-06-21 13:38:15.212,142.55,25
2024-06-21 13:38:15.556,142.3,25
2024-06-21 13:38:16.592,142.3,25
2024-06-21 13:38:17.598,143.5,150
2024-06-21 13:38:18.561,143.65,50
2024-06-21 13:38:18.784,143.55,50
2024-06-21 13:38:19.501,143.75,25
2024-06-21 13:38:19.818,143.4,100
2024-06-21 13:38:20.633,143.45,50
2024-06-21 13:38:21.616,142.8,25
2024-06-21 13:38:21.703,142.75,25
2024-06-21 13:38:22.269,143.95,50
2024-06-21 13:38:22.341,144.05,25
2024-06-21 13:38:23.119,143.75,50
2024-06-21 13:38:23.592,143.45,325
2024-06-21 13:38:24.640,143.55,50
2024-06-21 13:38:25.536,143.15,200
2024-06-21 13:38:25.616,143.35,75
2024-06-21 13:38:26.523,143.1,25
2024-06-21 13:38:26.523,143.1,25
2024-06-21 13:38:27.426,142.55,50
2024-06-21 13:38:27.757,142.25,50
2024-06-21 13:38:27.995,142.5,25
2024-06-21 13:38:28.535,143.0,75
2024-06-21 13:38:29.249,142.9,25
2024-06-21 13:38:29.570,143.65,25
2024-06-21 13:38:30.231,143.35,25
2024-06-21 13:38:30.379,143.25,25
2024-06-21 13:38:30.599,143.6,100
2024-06-21 13:38:31.610,143.7,100
2024-06-21 13:38:32.602,143.45,25
2024-06-21 13:38:32.624,143.45,25
2024-06-21 13:38:33.217,143.1,125
2024-06-21 13:38:33.389,143.3,50
2024-06-21 13:38:34.233,143.85,25
2024-06-21 13:38:34.611,143.45,25
2024-06-21 13:38:35.419,143.55,25
2024-06-21 13:38:35.594,143.15,100
2024-06-21 13:38:36.442,142.8,25
2024-06-21 13:38:36.597,142.55,25
2024-06-21 13:38:37.630,141.9,75
2024-06-21 13:38:37.630,141.9,75
2024-06-21 13:38:38.501,142.15,100
2024-06-21 13:38:38.853,142.15,125
2024-06-21 13:38:39.205,142.2,150
2024-06-21 13:38:39.582,142.7,25
2024-06-21 13:38:39.925,142.2,75
2024-06-21 13:38:40.437,142.65,25
2024-06-21 13:38:41.269,142.85,50
2024-06-21 13:38:41.435,142.65,25
2024-06-21 13:38:42.218,143.05,25
2024-06-21 13:38:42.218,143.05,25
2024-06-21 13:38:43.677,143.75,25
2024-06-21 13:38:44.531,144.15,25
2024-06-21 13:38:44.531,144.15,25
2024-06-21 13:38:45.610,144.3,100
2024-06-21 13:38:45.843,144.4,25
2024-06-21 13:38:46.612,144.0,50
2024-06-21 13:38:47.270,143.8,25
2024-06-21 13:38:47.726,143.45,50
2024-06-21 13:38:48.366,143.5,25
2024-06-21 13:38:48.637,143.05,25
2024-06-21 13:38:49.180,143.35,50
2024-06-21 13:38:49.609,143.15,200
2024-06-21 13:38:49.844,143.35,25
2024-06-21 13:38:50.604,143.1,25
2024-06-21 13:38:51.449,144.0,450
2024-06-21 13:38:51.556,143.85,25
2024-06-21 13:38:52.287,144.0,25
2024-06-21 13:38:52.287,144.0,25
2024-06-21 13:38:53.306,143.55,25
2024-06-21 13:38:53.573,143.8,25
2024-06-21 13:38:54.648,143.45,25
2024-06-21 13:38:55.470,143.4,25
2024-06-21 13:38:56.473,143.3,25
2024-06-21 13:38:56.473,143.3,25
2024-06-21 13:38:57.467,143.35,25
2024-06-21 13:38:58.690,143.25,25
2024-06-21 13:38:59.289,142.6,25
2024-06-21 13:38:59.481,142.45,25
2024-06-21 13:39:00.208,142.9,25
2024-06-21 13:39:00.472,143.15,25
2024-06-21 13:39:01.466,142.95,75
2024-06-21 13:39:01.592,143.25,50
2024-06-21 13:39:02.480,143.5,50
2024-06-21 13:39:03.390,144.3,25
2024-06-21 13:39:03.718,144.4,25
2024-06-21 13:39:04.503,144.1,50
2024-06-21 13:39:05.592,144.45,25
2024-06-21 13:39:05.909,144.45,25
2024-06-21 13:39:06.309,144.75,50
2024-06-21 13:39:06.528,144.75,75
2024-06-21 13:39:07.418,145.1,25
2024-06-21 13:39:07.418,145.1,25
2024-06-21 13:39:08.627,144.75,25
2024-06-21 13:39:08.627,144.75,25
2024-06-21 13:39:09.619,144.8,25
2024-06-21 13:39:09.717,144.8,25
2024-06-21 13:39:10.619,144.05,25
2024-06-21 13:39:10.789,144.25,25
2024-06-21 13:39:11.559,144.45,25
2024-06-21 13:39:11.725,144.55,25
2024-06-21 13:39:12.272,144.5,50
2024-06-21 13:39:12.641,144.3,100
2024-06-21 13:39:13.179,144.7,50
2024-06-21 13:39:13.636,144.4,50
2024-06-21 13:39:14.611,144.55,25
2024-06-21 13:39:15.444,144.45,25
2024-06-21 13:39:15.559,144.5,125
2024-06-21 13:39:16.430,144.65,25
2024-06-21 13:39:16.969,144.7,50
2024-06-21 13:39:17.283,144.7,25
2024-06-21 13:39:18.371,145.1,50
2024-06-21 13:39:18.914,145.05,25
2024-06-21 13:39:19.337,144.65,250
2024-06-21 13:39:19.648,144.7,25
2024-06-21 13:39:20.649,146.6,25
2024-06-21 13:39:21.538,145.85,75
2024-06-21 13:39:21.619,146.2,75
2024-06-21 13:39:22.468,145.95,50
2024-06-21 13:39:22.468,145.95,50
2024-06-21 13:39:23.635,146.05,25
2024-06-21 13:39:23.733,146.0,125
2024-06-21 13:39:24.630,146.05,25
2024-06-21 13:39:24.708,146.2,50
2024-06-21 13:39:25.610,146.45,25
2024-06-21 13:39:25.945,146.3,100
2024-06-21 13:39:26.587,146.1,25
2024-06-21 13:39:27.296,146.3,25
2024-06-21 13:39:27.296,146.3,25
2024-06-21 13:39:28.520,146.75,25
2024-06-21 13:39:28.566,146.75,50
2024-06-21 13:39:29.624,146.75,75
2024-06-21 13:39:29.736,146.5,25
2024-06-21 13:39:30.167,146.2,50
2024-06-21 13:39:30.575,146.25,25
2024-06-21 13:39:30.575,146.25,25
2024-06-21 13:39:31.736,146.5,75
2024-06-21 13:39:32.478,146.65,100
2024-06-21 13:39:32.739,146.75,25
2024-06-21 13:39:33.164,146.85,25
2024-06-21 13:39:33.376,146.85,125
2024-06-21 13:39:34.380,147.0,50
2024-06-21 13:39:34.649,146.3,25
2024-06-21 13:39:35.602,146.3,25
2024-06-21 13:39:36.523,146.15,25
2024-06-21 13:39:36.611,146.1,25
2024-06-21 13:39:37.498,146.0,25
2024-06-21 13:39:38.276,145.5,50
2024-06-21 13:39:38.573,145.25,50
2024-06-21 13:39:39.341,145.1,25
2024-06-21 13:39:39.612,145.35,25
2024-06-21 13:39:40.264,145.05,25
2024-06-21 13:39:40.264,145.05,25
2024-06-21 13:39:41.574,145.2,100
2024-06-21 13:39:41.654,145.5,25
2024-06-21 13:39:42.669,146.3,25
2024-06-21 13:39:42.669,146.3,25
2024-06-21 13:39:42.669,146.3,25
2024-06-21 13:39:43.537,146.5,50
2024-06-21 13:39:44.299,146.35,125
2024-06-21 13:39:44.656,146.1,50
2024-06-21 13:39:45.310,146.15,25
2024-06-21 13:39:45.598,146.5,25
2024-06-21 13:39:46.375,146.35,75
2024-06-21 13:39:46.654,146.35,50
2024-06-21 13:39:47.154,146.1,75
2024-06-21 13:39:47.424,146.35,50
2024-06-21 13:39:48.655,146.0,25
2024-06-21 13:39:49.503,146.25,25
2024-06-21 13:39:49.626,146.05,100
2024-06-21 13:39:50.315,145.35,50
2024-06-21 13:39:50.783,144.9,75
2024-06-21 13:39:51.649,145.15,75
2024-06-21 13:39:51.701,145.4,150
2024-06-21 13:39:52.389,145.35,25
2024-06-21 13:39:52.746,145.4,75
2024-06-21 13:39:53.501,145.0,275
2024-06-21 13:39:53.912,145.1,25
2024-06-21 13:39:54.311,145.35,25
2024-06-21 13:39:54.617,145.15,25
2024-06-21 13:39:55.554,144.05,25
2024-06-21 13:39:55.653,144.25,25
2024-06-21 13:39:56.442,144.2,75
2024-06-21 13:39:57.497,144.5,50
2024-06-21 13:39:58.552,144.85,100
2024-06-21 13:39:58.757,144.65,425
2024-06-21 13:39:59.531,145.0,150
2024-06-21 13:40:00.272,144.95,25
2024-06-21 13:40:00.668,145.4,50
2024-06-21 13:40:00.792,145.4,25
2024-06-21 13:40:01.653,145.8,25
2024-06-21 13:40:01.885,145.2,50
2024-06-21 13:40:02.337,145.4,100
2024-06-21 13:40:02.593,145.35,25
2024-06-21 13:40:03.133,145.05,25
2024-06-21 13:40:04.541,144.15,200
2024-06-21 13:40:04.603,144.25,25
2024-06-21 13:40:05.799,143.7,25
2024-06-21 13:40:06.596,143.5,25
2024-06-21 13:40:06.772,143.75,100
2024-06-21 13:40:07.280,143.75,25
2024-06-21 13:40:08.070,142.65,200
2024-06-21 13:40:08.601,143.05,50
2024-06-21 13:40:09.647,143.4,175
2024-06-21 13:40:09.886,143.6,100
2024-06-21 13:40:10.018,143.9,50
2024-06-21 13:40:10.661,144.2,175
2024-06-21 13:40:11.593,144.85,50
2024-06-21 13:40:11.593,144.85,50
2024-06-21 13:40:11.737,144.8,50
2024-06-21 13:40:12.488,145.0,25
2024-06-21 13:40:13.485,144.95,150
2024-06-21 13:40:14.393,145.25,25
2024-06-21 13:40:14.393,145.25,25
2024-06-21 13:40:15.590,144.75,25
2024-06-21 13:40:16.646,144.05,25
2024-06-21 13:40:16.646,144.05,25
2024-06-21 13:40:17.640,143.95,150
2024-06-21 13:40:17.640,143.95,150
2024-06-21 13:40:18.388,143.5,75
2024-06-21 13:40:18.388,143.5,75
2024-06-21 13:40:19.244,143.85,75
2024-06-21 13:40:19.600,144.15,125
2024-06-21 13:40:20.621,143.45,375
2024-06-21 13:40:20.621,143.45,375
2024-06-21 13:40:21.402,144.0,50
2024-06-21 13:40:22.271,143.9,100
2024-06-21 13:40:23.600,144.05,100
2024-06-21 13:40:23.600,144.05,100
2024-06-21 13:40:24.391,144.3,125
2024-06-21 13:40:24.565,143.9,25
2024-06-21 13:40:25.665,144.2,50
2024-06-21 13:40:26.660,144.2,25
2024-06-21 13:40:26.769,143.85,150
2024-06-21 13:40:27.445,144.3,25
2024-06-21 13:40:27.733,144.2,25
2024-06-21 13:40:28.581,144.05,25
2024-06-21 13:40:28.807,144.35,125
2024-06-21 13:40:29.676,143.85,225
2024-06-21 13:40:29.711,143.8,50
2024-06-21 13:40:30.055,143.85,25
2024-06-21 13:40:30.680,143.25,25
2024-06-21 13:40:31.003,143.15,25
2024-06-21 13:40:31.381,143.75,25
2024-06-21 13:40:31.381,143.75,25
2024-06-21 13:40:32.235,143.8,25
2024-06-21 13:40:32.452,143.9,25
2024-06-21 13:40:33.346,143.15,100
2024-06-21 13:40:33.634,143.45,25
2024-06-21 13:40:34.642,144.0,25
2024-06-21 13:40:35.626,143.95,100
2024-06-21 13:40:35.834,143.9,150
2024-06-21 13:40:36.666,144.05,25
2024-06-21 13:40:37.676,144.0,50
2024-06-21 13:40:38.601,144.0,25
2024-06-21 13:40:38.766,144.0,25
2024-06-21 13:40:39.664,144.1,50
2024-06-21 13:40:40.210,144.05,25
2024-06-21 13:40:40.408,144.75,125
2024-06-21 13:40:40.586,145.15,75
2024-06-21 13:40:41.305,145.2,225
2024-06-21 13:40:41.614,144.75,25
2024-06-21 13:40:42.302,144.6,100
2024-06-21 13:40:42.302,144.6,100
2024-06-21 13:40:42.643,144.45,25
2024-06-21 13:40:43.372,144.85,25
2024-06-21 13:40:44.524,144.15,50
2024-06-21 13:40:45.310,144.45,25
2024-06-21 13:40:45.664,144.5,75
2024-06-21 13:40:46.582,144.2,175
2024-06-21 13:40:47.699,144.0,25
2024-06-21 13:40:48.565,143.65,25
2024-06-21 13:40:48.863,143.7,25
2024-06-21 13:40:49.622,143.9,50
2024-06-21 13:40:49.622,143.9,50
2024-06-21 13:40:50.234,143.55,25
2024-06-21 13:40:50.791,143.8,25
2024-06-21 13:40:51.677,142.9,25
2024-06-21 13:40:52.043,142.75,25
2024-06-21 13:40:52.261,143.05,25
2024-06-21 13:40:52.477,142.65,100
2024-06-21 13:40:53.705,142.1,25
2024-06-21 13:40:54.689,142.15,25
2024-06-21 13:40:54.689,142.15,25
2024-06-21 13:40:55.606,142.05,75
2024-06-21 13:40:56.412,142.4,25
2024-06-21 13:40:56.412,142.4,25
2024-06-21 13:40:57.052,142.4,25
2024-06-21 13:40:57.052,142.4,25
2024-06-21 13:40:58.467,142.75,25
2024-06-21 13:40:58.467,142.75,25
2024-06-21 13:40:59.693,143.25,100
2024-06-21 13:41:00.064,143.55,50
2024-06-21 13:41:00.064,143.55,50
2024-06-21 13:41:00.620,143.0,25
2024-06-21 13:41:01.411,143.65,25
2024-06-21 13:41:02.408,143.3,25
2024-06-21 13:41:02.757,143.55,75
2024-06-21 13:41:03.698,143.65,25
2024-06-21 13:41:04.628,143.35,50
2024-06-21 13:41:05.251,143.15,50
2024-06-21 13:41:05.251,143.15,50
2024-06-21 13:41:06.442,143.5,25
2024-06-21 13:41:06.442,143.5,25
2024-06-21 13:41:07.172,143.25,175
2024-06-21 13:41:07.537,143.3,175
2024-06-21 13:41:08.604,143.5,75
2024-06-21 13:41:09.614,143.3,25
2024-06-21 13:41:09.614,143.3,25
2024-06-21 13:41:10.638,143.0,25
2024-06-21 13:41:11.650,143.4,150
2024-06-21 13:41:12.049,143.05,25
2024-06-21 13:41:12.291,143.25,125
2024-06-21 13:41:12.449,143.3,25
2024-06-21 13:41:13.267,144.1,125
2024-06-21 13:41:13.695,143.85,25
2024-06-21 13:41:14.269,143.85,25
2024-06-21 13:41:14.697,144.25,25
2024-06-21 13:41:15.392,144.4,200
2024-06-21 13:41:15.708,144.55,100
2024-06-21 13:41:16.668,144.75,25
2024-06-21 13:41:16.886,144.8,25
2024-06-21 13:41:17.508,145.55,75
2024-06-21 13:41:17.835,146.1,25
2024-06-21 13:41:18.704,145.85,275
2024-06-21 13:41:18.890,145.85,25
2024-06-21 13:41:19.676,145.9,75
2024-06-21 13:41:20.532,146.0,25
2024-06-21 13:41:21.672,146.15,150
2024-06-21 13:41:21.913,146.15,50
2024-06-21 13:41:22.563,146.35,575
2024-06-21 13:41:22.904,146.5,25
2024-06-21 13:41:23.547,146.2,25
2024-06-21 13:41:23.863,146.2,50
2024-06-21 13:41:24.640,146.5,300
2024-06-21 13:41:25.067,146.1,25
2024-06-21 13:41:25.715,146.05,25
2024-06-21 13:41:26.708,145.9,250
2024-06-21 13:41:26.838,146.0,250
2024-06-21 13:41:27.432,146.0,50
2024-06-21 13:41:27.526,146.0,25
2024-06-21 13:41:28.700,146.25,25
2024-06-21 13:41:28.859,146.3,200
2024-06-21 13:41:29.497,146.9,50
2024-06-21 13:41:29.560,146.65,25
2024-06-21 13:41:30.224,146.85,25
2024-06-21 13:41:30.531,147.35,25
2024-06-21 13:41:30.679,147.5,300
2024-06-21 13:41:31.682,147.45,50
2024-06-21 13:41:32.570,146.75,75
2024-06-21 13:41:33.650,147.0,25
2024-06-21 13:41:33.918,147.45,25
2024-06-21 13:41:34.707,148.0,25
2024-06-21 13:41:34.905,148.0,225
2024-06-21 13:41:35.698,147.5,400
2024-06-21 13:41:35.816,147.55,50
2024-06-21 13:41:36.582,147.6,150
2024-06-21 13:41:37.134,147.55,25
2024-06-21 13:41:37.134,147.55,25
2024-06-21 13:41:37.699,147.3,75
2024-06-21 13:41:38.510,147.0,1450
2024-06-21 13:41:38.510,147.0,1450
2024-06-21 13:41:39.383,147.15,50
2024-06-21 13:41:39.592,147.25,25
2024-06-21 13:41:40.524,146.9,25
2024-06-21 13:41:40.677,146.95,75
2024-06-21 13:41:41.482,146.8,50
2024-06-21 13:41:41.482,146.8,50
2024-06-21 13:41:42.507,146.85,175
2024-06-21 13:41:42.507,146.85,175
2024-06-21 13:41:42.965,146.7,75
2024-06-21 13:41:42.965,146.7,75
2024-06-21 13:41:44.704,147.0,150
2024-06-21 13:41:45.456,147.0,200
2024-06-21 13:41:45.667,147.05,175
2024-06-21 13:41:46.702,147.35,50
2024-06-21 13:41:47.138,147.5,25
2024-06-21 13:41:47.712,147.5,25
2024-06-21 13:41:48.213,147.45,175
2024-06-21 13:41:49.545,147.5,50
2024-06-21 13:41:49.545,147.5,50
2024-06-21 13:41:50.684,147.85,75
2024-06-21 13:41:50.917,147.6,100
2024-06-21 13:41:51.435,147.75,50
2024-06-21 13:41:51.920,147.55,25
2024-06-21 13:41:52.392,147.25,25
2024-06-21 13:41:52.392,147.25,25
2024-06-21 13:41:52.392,147.25,25
2024-06-21 13:41:54.323,147.0,50
2024-06-21 13:41:54.427,147.35,25
2024-06-21 13:41:54.713,147.35,50
2024-06-21 13:41:55.457,146.75,25
2024-06-21 13:41:55.597,147.15,100
2024-06-21 13:41:56.526,146.9,50
2024-06-21 13:41:56.698,147.05,25
2024-06-21 13:41:57.458,147.3,50
2024-06-21 13:41:57.691,147.3,25
2024-06-21 13:41:58.676,147.8,100
2024-06-21 13:41:58.764,148.0,25
2024-06-21 13:41:59.758,148.05,25
2024-06-21 13:42:00.228,147.85,50
2024-06-21 13:42:00.732,148.05,200
2024-06-21 13:42:00.931,148.15,25
2024-06-21 13:42:01.465,148.6,25
2024-06-21 13:42:01.465,148.6,25
2024-06-21 13:42:02.445,148.6,25
2024-06-21 13:42:02.752,148.45,25
2024-06-21 13:42:03.329,148.1,25
2024-06-21 13:42:04.632,148.15,50
2024-06-21 13:42:05.667,148.0,50
2024-06-21 13:42:05.941,148.2,25
2024-06-21 13:42:06.657,147.7,50
2024-06-21 13:42:06.802,147.7,25
2024-06-21 13:42:07.651,147.35,50
2024-06-21 13:42:07.651,147.35,50
2024-06-21 13:42:08.051,147.35,75
2024-06-21 13:42:08.690,147.2,200
2024-06-21 13:42:09.725,147.3,50
2024-06-21 13:42:10.720,147.4,50
2024-06-21 13:42:10.720,147.4,50
2024-06-21 13:42:11.682,146.9,25
2024-06-21 13:42:11.762,147.15,50
2024-06-21 13:42:12.769,146.85,225
2024-06-21 13:42:12.769,146.85,225
2024-06-21 13:42:13.446,146.65,50
2024-06-21 13:42:13.753,146.5,25
2024-06-21 13:42:14.513,147.2,25
2024-06-21 13:42:14.848,147.2,25
2024-06-21 13:42:15.207,146.65,50
2024-06-21 13:42:15.646,147.1,200
2024-06-21 13:42:16.589,147.45,25
2024-06-21 13:42:16.589,147.45,25
2024-06-21 13:42:17.534,147.5,25
2024-06-21 13:42:18.296,147.55,50
2024-06-21 13:42:18.462,147.35,75
2024-06-21 13:42:19.735,147.4,75
2024-06-21 13:42:20.728,147.45,25
2024-06-21 13:42:20.755,147.4,75
2024-06-21 13:42:21.807,147.4,25
2024-06-21 13:42:22.546,147.4,50
2024-06-21 13:42:22.810,147.25,25
2024-06-21 13:42:23.406,147.2,25
2024-06-21 13:42:23.406,147.2,25
2024-06-21 13:42:24.438,147.25,300
2024-06-21 13:42:24.711,147.45,50
2024-06-21 13:42:25.720,147.1,200
2024-06-21 13:42:26.353,147.15,25
2024-06-21 13:42:26.721,146.9,125
2024-06-21 13:42:27.669,146.05,250
2024-06-21 13:42:28.393,146.8,175
2024-06-21 13:42:29.265,146.55,125
2024-06-21 13:42:29.265,146.55,125
2024-06-21 13:42:30.247,146.7,25
2024-06-21 13:42:30.662,146.5,25
2024-06-21 13:42:30.662,146.5,25
2024-06-21 13:42:31.457,146.85,50
2024-06-21 13:42:32.020,147.2,25
2024-06-21 13:42:32.431,146.75,25
2024-06-21 13:42:32.685,147.0,150
2024-06-21 13:42:33.299,147.75,50
2024-06-21 13:42:33.982,148.0,25
2024-06-21 13:42:34.768,147.95,25
2024-06-21 13:42:35.219,148.3,25
2024-06-21 13:42:35.601,148.45,25
2024-06-21 13:42:35.750,148.15,75
2024-06-21 13:42:36.605,148.55,25
2024-06-21 13:42:36.680,148.6,50
2024-06-21 13:42:37.420,148.75,25
2024-06-21 13:42:37.660,148.75,50
2024-06-21 13:42:38.725,148.55,50
2024-06-21 13:42:38.831,148.5,25
2024-06-21 13:42:39.723,148.8,200
2024-06-21 13:42:40.154,149.05,25
2024-06-21 13:42:40.554,149.2,50
2024-06-21 13:42:40.785,148.85,25
2024-06-21 13:42:41.614,148.95,25
2024-06-21 13:42:41.614,148.95,25
2024-06-21 13:42:42.391,148.7,100
2024-06-21 13:42:42.750,148.85,200
2024-06-21 13:42:43.764,148.45,25
2024-06-21 13:42:44.768,148.5,25
2024-06-21 13:42:44.823,148.5,25
2024-06-21 13:42:45.683,148.2,25
2024-06-21 13:42:46.562,148.3,75
2024-06-21 13:42:47.551,148.4,50
2024-06-21 13:42:47.551,148.4,50
2024-06-21 13:42:48.622,148.1,200
2024-06-21 13:42:48.686,148.2,50
2024-06-21 13:42:49.629,148.8,25
2024-06-21 13:42:49.760,148.85,25
2024-06-21 13:42:50.392,148.65,50
2024-06-21 13:42:50.711,148.6,50
2024-06-21 13:42:51.606,148.45,50
2024-06-21 13:42:51.711,148.4,25
2024-06-21 13:42:52.632,149.0,25
2024-06-21 13:42:52.632,149.0,25
2024-06-21 13:42:53.652,149.15,25
2024-06-21 13:42:54.653,149.55,150
2024-06-21 13:42:54.653,149.55,150
2024-06-21 13:42:55.591,148.7,25
2024-06-21 13:42:55.715,149.0,75
2024-06-21 13:42:56.745,148.7,200
2024-06-21 13:42:57.548,148.75,75
2024-06-21 13:42:57.850,148.8,25
2024-06-21 13:42:58.683,148.8,75
2024-06-21 13:42:58.918,148.85,50
2024-06-21 13:42:59.655,149.3,50
2024-06-21 13:43:00.267,149.35,25
2024-06-21 13:43:00.610,149.9,25
2024-06-21 13:43:00.709,149.75,375
2024-06-21 13:43:01.607,150.0,25
2024-06-21 13:43:01.747,149.75,100
2024-06-21 13:43:02.689,150.55,50
2024-06-21 13:43:03.625,149.8,25
2024-06-21 13:43:03.710,149.8,25
2024-06-21 13:43:04.641,150.15,25
2024-06-21 13:43:04.727,150.0,50
2024-06-21 13:43:05.779,149.85,75
2024-06-21 13:43:06.606,149.6,25
2024-06-21 13:43:06.751,150.0,25
2024-06-21 13:43:07.622,150.15,25
2024-06-21 13:43:07.782,150.35,25
2024-06-21 13:43:08.751,150.75,25
2024-06-21 13:43:09.682,150.25,25
2024-06-21 13:43:09.697,150.35,75
2024-06-21 13:43:10.615,150.55,25
2024-06-21 13:43:10.736,150.3,25
2024-06-21 13:43:11.805,150.9,25
2024-06-21 13:43:11.852,150.85,50
2024-06-21 13:43:12.716,150.65,25
2024-06-21 13:43:12.716,150.65,25
2024-06-21 13:43:13.765,151.0,50
2024-06-21 13:43:14.063,151.75,25
2024-06-21 13:43:14.782,151.55,50
2024-06-21 13:43:15.110,151.25,25
2024-06-21 13:43:15.797,152.55,25
2024-06-21 13:43:16.437,152.1,150
2024-06-21 13:43:16.638,151.75,25
2024-06-21 13:43:16.792,151.85,25
2024-06-21 13:43:17.391,152.15,25
2024-06-21 13:43:18.613,151.55,25
2024-06-21 13:43:19.667,151.45,150
2024-06-21 13:43:19.772,151.4,50
2024-06-21 13:43:20.787,151.45,25
2024-06-21 13:43:20.787,151.45,25
2024-06-21 13:43:21.809,151.55,25
2024-06-21 13:43:21.831,151.4,75
2024-06-21 13:43:22.671,151.65,25
2024-06-21 13:43:23.044,151.4,50
2024-06-21 13:43:23.806,151.35,25
2024-06-21 13:43:24.237,151.75,25
2024-06-21 13:43:24.624,151.6,25
2024-06-21 13:43:24.746,151.65,25
2024-06-21 13:43:25.695,151.35,25
2024-06-21 13:43:25.730,151.65,25
2024-06-21 13:43:26.798,151.4,75
2024-06-21 13:43:26.902,151.65,25
2024-06-21 13:43:27.428,152.0,100
2024-06-21 13:43:28.048,152.3,150
2024-06-21 13:43:28.791,152.0,25
2024-06-21 13:43:29.001,152.25,25
2024-06-21 13:43:29.697,152.85,125
2024-06-21 13:43:30.105,152.55,50
2024-06-21 13:43:30.260,152.95,50
2024-06-21 13:43:30.781,152.75,25
2024-06-21 13:43:31.111,153.1,25
2024-06-21 13:43:31.798,155.65,150
2024-06-21 13:43:32.457,154.0,25
2024-06-21 13:43:33.132,153.7,25
2024-06-21 13:43:33.959,153.65,25
2024-06-21 13:43:34.073,153.65,75
2024-06-21 13:43:34.767,153.75,50
2024-06-21 13:43:34.916,153.95,50
2024-06-21 13:43:35.919,153.25,75
2024-06-21 13:43:36.772,153.45,50
2024-06-21 13:43:37.138,153.15,25
2024-06-21 13:43:37.492,152.8,50
2024-06-21 13:43:38.149,153.15,50
2024-06-21 13:43:38.695,152.6,300
2024-06-21 13:43:38.789,152.8,25
2024-06-21 13:43:39.703,153.0,25
2024-06-21 13:43:40.700,153.5,25
2024-06-21 13:43:40.700,153.5,25
2024-06-21 13:43:41.785,154.0,25
2024-06-21 13:43:42.711,154.1,125
2024-06-21 13:43:43.681,154.8,50
2024-06-21 13:43:43.809,154.6,150
2024-06-21 13:43:44.790,154.35,25
2024-06-21 13:43:44.922,154.1,25
2024-06-21 13:43:45.672,154.25,200
2024-06-21 13:43:45.915,153.95,25
2024-06-21 13:43:46.796,153.35,450
2024-06-21 13:43:46.907,153.25,25
2024-06-21 13:43:47.716,153.25,200
2024-06-21 13:43:47.716,153.25,200
2024-06-21 13:43:48.775,153.0,100
2024-06-21 13:43:49.155,153.1,25
2024-06-21 13:43:49.748,153.0,25
2024-06-21 13:43:50.119,152.7,25
2024-06-21 13:43:50.806,152.7,500
2024-06-21 13:43:51.762,152.7,25
2024-06-21 13:43:52.749,152.9,200
2024-06-21 13:43:52.749,152.9,200
2024-06-21 13:43:53.945,152.6,175
2024-06-21 13:43:54.745,151.9,125
2024-06-21 13:43:55.808,152.15,50
2024-06-21 13:43:55.917,151.8,75
2024-06-21 13:43:56.806,151.75,25
2024-06-21 13:43:56.901,151.75,25
2024-06-21 13:43:57.743,152.3,50
2024-06-21 13:43:57.743,152.3,50
2024-06-21 13:43:58.803,152.4,25
2024-06-21 13:43:59.664,152.5,25
2024-06-21 13:43:59.664,152.5,25
2024-06-21 13:44:00.252,152.4,25
2024-06-21 13:44:00.815,153.0,50
2024-06-21 13:44:00.815,153.0,50
2024-06-21 13:44:01.703,153.15,25
2024-06-21 13:44:01.968,152.7,100
2024-06-21 13:44:02.659,152.3,50
2024-06-21 13:44:03.011,152.25,50
2024-06-21 13:44:03.772,152.2,25
2024-06-21 13:44:04.147,151.95,25
2024-06-21 13:44:04.755,151.5,25
2024-06-21 13:44:05.296,151.25,75
2024-06-21 13:44:05.826,151.0,200
2024-06-21 13:44:06.356,151.65,50
2024-06-21 13:44:06.807,151.75,25
2024-06-21 13:44:07.724,151.55,100
2024-06-21 13:44:08.758,151.8,75
2024-06-21 13:44:09.727,152.1,150
2024-06-21 13:44:09.940,152.2,150
2024-06-21 13:44:10.597,152.45,25
2024-06-21 13:44:10.980,152.3,100
2024-06-21 13:44:11.828,151.9,25
2024-06-21 13:44:11.912,152.2,25
2024-06-21 13:44:12.688,151.4,25
2024-06-21 13:44:13.083,151.6,25
2024-06-21 13:44:13.718,151.8,25
2024-06-21 13:44:14.374,152.2,25
2024-06-21 13:44:14.611,151.8,50
2024-06-21 13:44:14.611,151.8,50
2024-06-21 13:44:15.826,151.65,150
2024-06-21 13:44:15.948,151.95,100
2024-06-21 13:44:16.799,151.7,25
2024-06-21 13:44:16.948,151.55,125
2024-06-21 13:44:17.484,151.6,25
2024-06-21 13:44:17.807,151.35,75
2024-06-21 13:44:18.804,151.8,300
2024-06-21 13:44:19.661,151.0,200
2024-06-21 13:44:19.934,151.0,25
2024-06-21 13:44:20.689,149.5,100
2024-06-21 13:44:21.143,149.75,25
2024-06-21 13:44:22.001,149.4,25
2024-06-21 13:44:22.069,149.75,75
2024-06-21 13:44:22.474,150.1,75
2024-06-21 13:44:22.907,149.65,350
2024-06-21 13:44:23.691,149.65,50
2024-06-21 13:44:24.200,149.35,200
2024-06-21 13:44:24.835,148.75,175
2024-06-21 13:44:25.373,148.7,75
2024-06-21 13:44:25.824,148.95,25
2024-06-21 13:44:26.765,148.75,25
2024-06-21 13:44:26.967,148.6,25
2024-06-21 13:44:27.673,148.85,25
2024-06-21 13:44:27.967,149.0,25
2024-06-21 13:44:28.829,149.2,25
2024-06-21 13:44:28.942,149.1,25
2024-06-21 13:44:29.834,149.2,100
2024-06-21 13:44:30.182,149.35,25
2024-06-21 13:44:30.212,149.3,25
2024-06-21 13:44:30.755,149.95,50
2024-06-21 13:44:31.154,150.0,50
2024-06-21 13:44:31.768,150.15,25
2024-06-21 13:44:32.530,150.55,25
2024-06-21 13:44:32.530,150.55,25
2024-06-21 13:44:33.841,150.9,25
2024-06-21 13:44:33.987,150.65,200
2024-06-21 13:44:34.563,150.85,25
2024-06-21 13:44:35.786,150.55,25
2024-06-21 13:44:35.786,150.55,25
2024-06-21 13:44:36.752,150.1,100
2024-06-21 13:44:36.913,150.1,25
2024-06-21 13:44:37.266,150.0,25
2024-06-21 13:44:37.266,150.0,25
2024-06-21 13:44:38.759,149.4,25
2024-06-21 13:44:38.759,149.4,25
2024-06-21 13:44:39.782,149.35,25
2024-06-21 13:44:40.684,149.7,25
2024-06-21 13:44:41.468,149.7,75
2024-06-21 13:44:41.850,149.6,25
2024-06-21 13:44:42.775,149.7,25
2024-06-21 13:44:42.932,149.85,50
2024-06-21 13:44:43.718,150.0,225
2024-06-21 13:44:44.264,150.0,25
2024-06-21 13:44:44.264,150.0,25
2024-06-21 13:44:45.765,150.0,25
2024-06-21 13:44:46.226,150.0,125
2024-06-21 13:44:46.779,150.1,50
2024-06-21 13:44:47.408,150.0,25
2024-06-21 13:44:47.827,150.0,25
2024-06-21 13:44:48.308,150.0,175
2024-06-21 13:44:49.766,149.95,50
2024-06-21 13:44:50.000,149.8,225
2024-06-21 13:44:50.661,150.2,25
2024-06-21 13:44:50.958,150.3,25
2024-06-21 13:44:51.651,150.0,25
2024-06-21 13:44:51.651,150.0,25
2024-06-21 13:44:52.741,149.55,25
2024-06-21 13:44:52.861,149.2,25
2024-06-21 13:44:53.847,149.05,125
2024-06-21 13:44:54.022,149.25,25
2024-06-21 13:44:54.845,149.8,50
2024-06-21 13:44:55.219,149.55,50
2024-06-21 13:44:55.760,149.4,50
2024-06-21 13:44:55.760,149.4,50
2024-06-21 13:44:56.795,149.8,25
2024-06-21 13:44:57.705,149.95,25
2024-06-21 13:44:58.840,150.0,25
2024-06-21 13:44:58.879,150.0,250
2024-06-21 13:44:59.688,149.9,50
2024-06-21 13:45:00.166,149.7,25
2024-06-21 13:45:00.166,149.7,25
2024-06-21 13:45:00.712,149.7,25
2024-06-21 13:45:00.967,149.95,225
2024-06-21 13:45:01.685,149.8,300
2024-06-21 13:45:02.195,149.8,25
2024-06-21 13:45:02.683,149.8,25
2024-06-21 13:45:03.666,149.3,50
2024-06-21 13:45:04.779,149.5,50
2024-06-21 13:45:05.045,149.5,25
2024-06-21 13:45:05.672,149.2,50
2024-06-21 13:45:05.672,149.2,50
2024-06-21 13:45:06.485,150.1,25
2024-06-21 13:45:07.212,150.15,25
2024-06-21 13:45:07.461,149.85,125
2024-06-21 13:45:07.780,149.95,200
2024-06-21 13:45:08.761,150.15,25
2024-06-21 13:45:09.838,150.25,25
2024-06-21 13:45:10.812,149.75,50
2024-06-21 13:45:11.021,150.0,25
2024-06-21 13:45:11.831,150.25,75
2024-06-21 13:45:12.265,150.5,50
2024-06-21 13:45:12.576,150.8,25
2024-06-21 13:45:12.576,150.8,25
2024-06-21 13:45:13.851,150.7,50
2024-06-21 13:45:14.700,150.65,25
2024-06-21 13:45:14.700,150.65,25
2024-06-21 13:45:15.586,150.65,50
2024-06-21 13:45:15.960,150.5,50
2024-06-21 13:45:16.741,150.4,200
2024-06-21 13:45:17.242,151.0,150
2024-06-21 13:45:17.692,151.5,250
2024-06-21 13:45:18.849,151.4,25
2024-06-21 13:45:19.852,152.0,25
2024-06-21 13:45:20.054,152.0,25
2024-06-21 13:45:20.872,152.05,25
2024-06-21 13:45:21.061,152.1,25
2024-06-21 13:45:21.856,152.4,25
2024-06-21 13:45:22.036,152.25,50
2024-06-21 13:45:22.702,152.2,50
2024-06-21 13:45:23.082,152.4,25
2024-06-21 13:45:23.688,152.15,50
2024-06-21 13:45:24.267,151.8,100
2024-06-21 13:45:24.849,151.55,25
2024-06-21 13:45:25.209,151.5,25
2024-06-21 13:45:25.768,151.55,25
2024-06-21 13:45:26.475,150.85,200
2024-06-21 13:45:26.760,151.05,25
2024-06-21 13:45:27.706,150.35,75
2024-06-21 13:45:27.706,150.35,75
2024-06-21 13:45:28.609,150.7,75
2024-06-21 13:45:29.845,150.25,25
2024-06-21 13:45:30.250,150.1,50
2024-06-21 13:45:30.842,150.9,25
2024-06-21 13:45:31.314,151.35,75
2024-06-21 13:45:31.585,151.35,50
2024-06-21 13:45:32.163,151.1,50
2024-06-21 13:45:32.602,151.3,25
2024-06-21 13:45:33.113,151.05,150
2024-06-21 13:45:33.862,150.75,50
2024-06-21 13:45:34.894,150.5,25
2024-06-21 13:45:35.779,150.95,50
2024-06-21 13:45:36.080,151.05,25
2024-06-21 13:45:36.844,150.85,25
2024-06-21 13:45:37.107,150.65,25
2024-06-21 13:45:37.658,151.15,175
2024-06-21 13:45:38.059,151.0,200
2024-06-21 13:45:38.857,150.85,25
2024-06-21 13:45:39.296,150.95,250
2024-06-21 13:45:39.790,151.0,50
2024-06-21 13:45:39.906,151.1,25
2024-06-21 13:45:40.793,151.1,25
2024-06-21 13:45:41.372,151.15,25
2024-06-21 13:45:41.911,150.75,25
2024-06-21 13:45:42.730,150.7,25
2024-06-21 13:45:43.051,150.4,25
2024-06-21 13:45:43.763,149.35,25
2024-06-21 13:45:44.397,150.3,225
2024-06-21 13:45:44.823,150.2,25
2024-06-21 13:45:45.186,149.3,25
2024-06-21 13:45:45.858,149.25,25
2024-06-21 13:45:46.181,149.4,25
2024-06-21 13:45:46.853,149.7,25
2024-06-21 13:45:47.250,149.2,50
2024-06-21 13:45:47.250,149.2,50
2024-06-21 13:45:47.281,148.95,50
2024-06-21 13:45:48.808,146.75,50
2024-06-21 13:45:49.076,146.7,200
2024-06-21 13:45:49.834,146.9,50
2024-06-21 13:45:50.105,146.75,25
2024-06-21 13:45:50.843,146.4,25
2024-06-21 13:45:51.296,146.65,75
2024-06-21 13:45:51.865,146.4,25
2024-06-21 13:45:52.198,146.5,50
2024-06-21 13:45:52.857,146.9,25
2024-06-21 13:45:53.156,147.1,50
2024-06-21 13:45:53.909,146.95,50
2024-06-21 13:45:54.763,147.1,150
2024-06-21 13:45:55.851,147.2,25
2024-06-21 13:45:55.851,147.2,25
2024-06-21 13:45:56.867,146.75,25
2024-06-21 13:45:57.615,146.5,150
2024-06-21 13:45:58.617,146.5,75
2024-06-21 13:45:59.086,146.05,50
2024-06-21 13:45:59.864,146.05,100
2024-06-21 13:46:00.241,145.55,75
2024-06-21 13:46:00.889,146.0,25
2024-06-21 13:46:01.529,145.95,25
2024-06-21 13:46:01.878,145.9,75
2024-06-21 13:46:01.903,146.0,25
2024-06-21 13:46:02.588,145.95,25
2024-06-21 13:46:03.083,145.95,25
2024-06-21 13:46:03.508,145.95,25
2024-06-21 13:46:04.887,146.45,25
2024-06-21 13:46:05.091,146.3,25
2024-06-21 13:46:05.903,146.6,25
2024-06-21 13:46:06.147,146.4,25
2024-06-21 13:46:06.699,146.15,25
2024-06-21 13:46:07.083,146.3,25
2024-06-21 13:46:07.670,146.7,25
2024-06-21 13:46:08.149,146.4,25
2024-06-21 13:46:08.750,146.2,25
2024-06-21 13:46:09.334,146.15,50
2024-06-21 13:46:09.902,146.5,25
2024-06-21 13:46:10.331,146.4,50
2024-06-21 13:46:10.830,146.0,25
2024-06-21 13:46:11.506,146.45,25
2024-06-21 13:46:11.945,146.25,200
2024-06-21 13:46:12.753,146.55,75
2024-06-21 13:46:13.756,146.15,25
2024-06-21 13:46:14.150,146.25,175
2024-06-21 13:46:14.841,146.5,50
2024-06-21 13:46:15.031,146.5,200
2024-06-21 13:46:15.858,146.35,250
2024-06-21 13:46:16.152,146.25,50
2024-06-21 13:46:16.535,146.25,100
2024-06-21 13:46:16.951,146.35,25
2024-06-21 13:46:17.288,146.6,25
2024-06-21 13:46:18.149,146.15,25
2024-06-21 13:46:18.897,146.6,1575
2024-06-21 13:46:19.476,146.15,50
2024-06-21 13:46:19.908,146.2,25
2024-06-21 13:46:19.956,146.2,100
2024-06-21 13:46:20.838,146.15,25
2024-06-21 13:46:21.009,145.95,25
2024-06-21 13:46:21.839,146.05,25
2024-06-21 13:46:22.513,145.4,50
2024-06-21 13:46:22.916,145.5,175
2024-06-21 13:46:23.637,145.65,175
2024-06-21 13:46:24.115,145.55,25
2024-06-21 13:46:24.840,145.4,50
2024-06-21 13:46:25.091,145.05,200
2024-06-21 13:46:25.816,146.05,25
2024-06-21 13:46:25.945,145.95,50
2024-06-21 13:46:26.883,145.7,25
2024-06-21 13:46:26.983,145.55,25
2024-06-21 13:46:27.722,145.7,25
2024-06-21 13:46:28.821,145.9,175
2024-06-21 13:46:29.085,145.35,100
2024-06-21 13:46:29.747,146.0,100
2024-06-21 13:46:30.048,145.8,25
2024-06-21 13:46:30.281,145.5,75
2024-06-21 13:46:30.869,145.2,25
2024-06-21 13:46:31.566,144.7,25
2024-06-21 13:46:31.792,144.7,125
2024-06-21 13:46:32.067,144.45,25
2024-06-21 13:46:32.514,144.2,75
2024-06-21 13:46:32.646,143.55,50
2024-06-21 13:46:33.978,144.35,50
2024-06-21 13:46:34.892,144.2,250
2024-06-21 13:46:34.930,144.05,25
2024-06-21 13:46:35.834,143.2,25
2024-06-21 13:46:35.976,143.2,75
2024-06-21 13:46:36.990,143.9,50
2024-06-21 13:46:37.806,144.0,25
2024-06-21 13:46:38.116,144.15,200
2024-06-21 13:46:38.917,144.15,25
2024-06-21 13:46:39.371,144.55,50
2024-06-21 13:46:39.884,145.35,75
2024-06-21 13:46:40.503,147.4,50
2024-06-21 13:46:40.901,147.45,25
2024-06-21 13:46:41.725,147.2,25
2024-06-21 13:46:41.725,147.2,25
2024-06-21 13:46:41.725,147.2,25
2024-06-21 13:46:42.837,147.2,25
2024-06-21 13:46:43.017,147.25,25
2024-06-21 13:46:43.688,147.0,50
2024-06-21 13:46:44.088,147.25,75
2024-06-21 13:46:44.877,147.2,25
2024-06-21 13:46:45.223,147.8,25
2024-06-21 13:46:45.818,147.15,50
2024-06-21 13:46:46.353,147.4,25
2024-06-21 13:46:46.927,147.1,25
2024-06-21 13:46:47.360,146.85,25
2024-06-21 13:46:47.779,147.15,25
2024-06-21 13:46:47.779,147.15,25
2024-06-21 13:46:48.817,147.25,50
2024-06-21 13:46:48.817,147.25,50
2024-06-21 13:46:50.011,147.0,25
2024-06-21 13:46:50.790,147.15,25
2024-06-21 13:46:50.790,147.15,25
2024-06-21 13:46:51.922,147.5,25
2024-06-21 13:46:52.217,147.5,50
2024-06-21 13:46:52.616,147.25,25
2024-06-21 13:46:53.070,147.35,50
2024-06-21 13:46:53.813,146.9,375
2024-06-21 13:46:53.987,147.15,25
2024-06-21 13:46:54.888,147.8,475
2024-06-21 13:46:54.888,147.8,475
2024-06-21 13:46:56.020,147.9,25
2024-06-21 13:46:56.822,148.0,25
2024-06-21 13:46:56.986,147.6,25
2024-06-21 13:46:57.761,147.6,25
2024-06-21 13:46:58.161,147.85,50
2024-06-21 13:46:58.997,147.75,150
2024-06-21 13:46:59.841,147.35,25
2024-06-21 13:47:00.201,147.25,50
2024-06-21 13:47:00.201,147.25,50
2024-06-21 13:47:00.772,147.55,350
2024-06-21 13:47:00.772,147.55,350
2024-06-21 13:47:01.774,147.35,50
2024-06-21 13:47:01.995,147.3,25
2024-06-21 13:47:02.863,147.1,25
2024-06-21 13:47:02.987,147.4,50
2024-06-21 13:47:03.891,147.0,125
2024-06-21 13:47:04.217,147.15,50
2024-06-21 13:47:04.836,147.35,50
2024-06-21 13:47:05.289,147.05,25
2024-06-21 13:47:05.614,146.9,25
2024-06-21 13:47:05.614,146.9,25
2024-06-21 13:47:06.876,147.0,50
2024-06-21 13:47:06.971,147.0,100
2024-06-21 13:47:08.035,147.0,125
2024-06-21 13:47:08.862,147.25,50
2024-06-21 13:47:08.862,147.25,50
2024-06-21 13:47:09.881,147.15,25
2024-06-21 13:47:10.215,147.35,25
2024-06-21 13:47:10.843,147.0,25
2024-06-21 13:47:10.843,147.0,25
2024-06-21 13:47:11.693,147.25,75
2024-06-21 13:47:12.147,147.05,25
2024-06-21 13:47:12.760,147.2,25
2024-06-21 13:47:13.194,146.9,25
2024-06-21 13:47:13.913,147.55,50
2024-06-21 13:47:14.192,147.4,75
2024-06-21 13:47:14.800,147.3,25
2024-06-21 13:47:14.800,147.3,25
2024-06-21 13:47:16.144,147.9,25
2024-06-21 13:47:16.921,147.9,125
2024-06-21 13:47:16.921,147.9,125
2024-06-21 13:47:17.393,147.95,25
2024-06-21 13:47:18.316,147.4,125
2024-06-21 13:47:18.316,147.4,125
2024-06-21 13:47:18.316,147.4,125
2024-06-21 13:47:19.809,147.35,100
2024-06-21 13:47:20.075,147.3,25
2024-06-21 13:47:20.687,147.5,25
2024-06-21 13:47:20.687,147.5,25
2024-06-21 13:47:21.867,148.0,25
2024-06-21 13:47:22.220,147.95,75
2024-06-21 13:47:22.832,147.25,50
2024-06-21 13:47:23.430,146.25,25
2024-06-21 13:47:23.930,146.4,200
2024-06-21 13:47:24.468,146.7,50
2024-06-21 13:47:24.828,146.2,25
2024-06-21 13:47:25.399,146.15,200
2024-06-21 13:47:25.718,146.0,25
2024-06-21 13:47:26.646,146.45,75
2024-06-21 13:47:26.704,146.45,25
2024-06-21 13:47:26.704,146.45,25
2024-06-21 13:47:27.666,146.2,25
2024-06-21 13:47:27.666,146.2,25
2024-06-21 13:47:28.768,146.0,25
2024-06-21 13:47:29.007,146.05,25
2024-06-21 13:47:29.546,146.5,50
2024-06-21 13:47:29.984,146.55,25
2024-06-21 13:47:29.984,146.55,25
2024-06-21 13:47:30.841,147.2,25
2024-06-21 13:47:31.055,146.85,50
2024-06-21 13:47:31.527,146.65,150
2024-06-21 13:47:31.955,146.8,50
2024-06-21 13:47:32.740,147.05,25
2024-06-21 13:47:32.935,146.85,75
2024-06-21 13:47:33.821,146.95,50
2024-06-21 13:47:33.821,146.95,50
2024-06-21 13:47:35.102,146.7,25
2024-06-21 13:47:35.666,147.0,25
2024-06-21 13:47:35.706,146.85,50
2024-06-21 13:47:36.489,146.75,25
2024-06-21 13:47:36.710,146.45,50
2024-06-21 13:47:37.324,146.45,125
2024-06-21 13:47:37.851,146.4,25
2024-06-21 13:47:37.851,146.4,25
2024-06-21 13:47:38.691,146.6,125
2024-06-21 13:47:38.691,146.6,125
2024-06-21 13:47:39.866,146.65,25
2024-06-21 13:47:40.184,146.95,25
2024-06-21 13:47:40.922,146.75,25
2024-06-21 13:47:40.922,146.75,25
2024-06-21 13:47:41.743,146.6,50
2024-06-21 13:47:42.590,146.4,25
2024-06-21 13:47:42.590,146.4,25
2024-06-21 13:47:43.877,147.25,50
2024-06-21 13:47:44.143,148.0,1300
2024-06-21 13:47:44.729,147.2,25
2024-06-21 13:47:45.475,147.3,25
2024-06-21 13:47:45.793,147.6,25
2024-06-21 13:47:46.476,148.0,200
2024-06-21 13:47:46.882,148.05,75
2024-06-21 13:47:47.475,148.15,25
2024-06-21 13:47:47.937,147.95,25
2024-06-21 13:47:48.545,147.95,25
2024-06-21 13:47:48.545,147.95,25
2024-06-21 13:47:48.545,147.95,25
2024-06-21 13:47:49.961,147.8,200
2024-06-21 13:47:50.220,148.2,50
2024-06-21 13:47:50.888,148.2,50
2024-06-21 13:47:51.359,148.05,200
2024-06-21 13:47:51.761,148.25,50
2024-06-21 13:47:51.761,148.25,50
2024-06-21 13:47:52.641,147.9,225
2024-06-21 13:47:52.641,147.9,225
2024-06-21 13:47:53.950,148.25,25
2024-06-21 13:47:54.296,148.2,25
2024-06-21 13:47:54.935,148.4,50
2024-06-21 13:47:55.417,148.2,100
2024-06-21 13:47:55.854,148.3,25
2024-06-21 13:47:56.345,148.2,250
2024-06-21 13:47:56.618,148.2,200
2024-06-21 13:47:57.374,148.45,25
2024-06-21 13:47:57.819,148.65,25
2024-06-21 13:47:57.819,148.65,25
2024-06-21 13:47:58.575,148.3,375
2024-06-21 13:47:59.100,148.25,125
2024-06-21 13:47:59.965,148.65,200
2024-06-21 13:48:00.193,148.75,25
2024-06-21 13:48:00.758,149.05,175
2024-06-21 13:48:01.692,150.0,100
2024-06-21 13:48:01.961,149.7,25
2024-06-21 13:48:02.526,150.05,25
2024-06-21 13:48:02.612,150.1,25
2024-06-21 13:48:03.416,150.0,25
2024-06-21 13:48:03.714,150.25,75
2024-06-21 13:48:04.042,150.0,75
2024-06-21 13:48:04.857,149.8,25
2024-06-21 13:48:05.016,149.9,200
2024-06-21 13:48:05.899,150.0,75
2024-06-21 13:48:06.295,149.7,75
2024-06-21 13:48:06.970,149.85,25
2024-06-21 13:48:07.129,150.25,150
2024-06-21 13:48:07.733,149.8,150
2024-06-21 13:48:08.282,149.75,250
2024-06-21 13:48:08.961,149.5,25
2024-06-21 13:48:09.378,149.5,25
2024-06-21 13:48:09.965,150.35,25
2024-06-21 13:48:10.399,150.2,50
2024-06-21 13:48:10.950,150.4,225
2024-06-21 13:48:11.602,150.65,25
2024-06-21 13:48:11.952,150.55,175
2024-06-21 13:48:11.985,150.5,25
2024-06-21 13:48:12.750,150.6,75
2024-06-21 13:48:13.133,150.3,175
2024-06-21 13:48:13.972,150.45,25
2024-06-21 13:48:13.972,150.45,25
2024-06-21 13:48:14.956,150.4,200
2024-06-21 13:48:15.250,150.25,25
2024-06-21 13:48:15.822,150.45,50
2024-06-21 13:48:16.112,150.35,200
2024-06-21 13:48:16.810,149.9,25
2024-06-21 13:48:16.810,149.9,25
2024-06-21 13:48:17.645,149.95,25
2024-06-21 13:48:18.305,150.15,150
2024-06-21 13:48:18.767,150.4,25
2024-06-21 13:48:19.501,150.4,25
2024-06-21 13:48:19.785,150.45,50
2024-06-21 13:48:20.633,151.4,125
2024-06-21 13:48:20.943,151.05,25
2024-06-21 13:48:21.054,151.3,25
2024-06-21 13:48:21.953,150.9,25
2024-06-21 13:48:22.037,150.95,100
2024-06-21 13:48:22.946,150.65,25
2024-06-21 13:48:23.326,150.7,100
2024-06-21 13:48:23.976,151.1,25
2024-06-21 13:48:24.388,151.05,25
2024-06-21 13:48:24.951,151.4,25
2024-06-21 13:48:25.540,150.95,475
2024-06-21 13:48:25.978,150.85,50
2024-06-21 13:48:26.739,150.5,75
2024-06-21 13:48:26.961,150.0,75
2024-06-21 13:48:27.056,150.0,25
2024-06-21 13:48:27.879,150.45,25
2024-06-21 13:48:27.879,150.45,25
2024-06-21 13:48:28.931,150.05,25
2024-06-21 13:48:29.161,149.8,25
2024-06-21 13:48:29.967,149.95,50
2024-06-21 13:48:30.228,149.6,400
2024-06-21 13:48:30.480,149.8,100
2024-06-21 13:48:30.962,150.1,25
2024-06-21 13:48:31.079,150.1,25
2024-06-21 13:48:31.907,149.9,25
2024-06-21 13:48:32.454,149.75,275
2024-06-21 13:48:32.836,149.8,50
2024-06-21 13:48:33.551,150.55,25
2024-06-21 13:48:33.982,150.4,50
2024-06-21 13:48:33.982,150.4,50
2024-06-21 13:48:34.966,150.15,25
2024-06-21 13:48:35.179,149.95,50
2024-06-21 13:48:35.967,149.6,50
2024-06-21 13:48:36.163,149.45,25
2024-06-21 13:48:36.959,149.5,50
2024-06-21 13:48:37.321,149.45,300
2024-06-21 13:48:37.585,149.25,75
2024-06-21 13:48:38.252,149.3,100
2024-06-21 13:48:38.900,149.05,25
2024-06-21 13:48:39.077,149.15,50
2024-06-21 13:48:39.969,149.0,225
2024-06-21 13:48:40.523,148.9,25
2024-06-21 13:48:40.854,148.4,625
2024-06-21 13:48:41.542,149.0,50
2024-06-21 13:48:41.981,148.75,50
2024-06-21 13:48:42.361,149.0,25
2024-06-21 13:48:42.721,149.0,200
2024-06-21 13:48:43.564,148.8,200
2024-06-21 13:48:43.922,148.75,25
2024-06-21 13:48:44.414,149.0,25
2024-06-21 13:48:44.924,148.7,25
2024-06-21 13:48:45.166,148.35,25
2024-06-21 13:48:45.987,148.5,250
2024-06-21 13:48:46.071,148.7,200
2024-06-21 13:48:46.976,148.15,75
2024-06-21 13:48:47.283,148.7,50
2024-06-21 13:48:47.325,148.65,25
2024-06-21 13:48:48.526,149.05,25
2024-06-21 13:48:48.759,149.4,350
2024-06-21 13:48:49.641,149.1,25
2024-06-21 13:48:49.970,149.3,25
2024-06-21 13:48:49.970,149.3,25
2024-06-21 13:48:50.901,149.25,50
2024-06-21 13:48:51.037,149.25,50
2024-06-21 13:48:51.692,149.15,175
2024-06-21 13:48:51.692,149.15,175
2024-06-21 13:48:52.596,149.25,25
2024-06-21 13:48:53.075,149.0,25
