datetime,ltp,qty
1718345625389,95.5,250
1718345625882,95.6,25
1718345626581,95.3,25
1718345626628,95.45,25
1718345627570,95.3,250
1718345627913,95.25,50
1718345628802,95.3,25
1718345628890,95.2,50
1718345629960,95.25,50
1718345629960,95.25,50
1718345630548,95.25,50
1718345630910,95.25,75
1718345631525,94.55,25
1718345631814,94.7,25
1718345632031,94.85,25
1718345632031,94.85,25
1718345633764,94.8,25
1718345633910,94.7,25
1718345635021,95.0,25
1718345635584,95.15,25
1718345635929,95.1,100
1718345636572,95.15,100
1718345636910,94.95,150
1718345637394,95.1,350
1718345637788,95.3,25
1718345638965,95.3,25
1718345638992,95.35,25
1718345639978,95.3,75
1718345639978,95.3,75
1718345640576,95.15,25
1718345640888,95.5,25
1718345641962,95.3,50
1718345641962,95.3,50
1718345642442,95.15,25
1718345642937,95.15,25
1718345643541,94.85,75
1718345643963,95.0,50
1718345644487,95.45,75
1718345645783,95.35,25
1718345645783,95.35,25
1718345646718,95.4,25
1718345646905,95.45,25
1718345647690,95.35,50
1718345647978,95.45,25
1718345648586,95.3,25
1718345648980,95.4,75
1718345649604,95.0,25
1718345649867,95.15,250
1718345650499,95.2,200
1718345650779,95.25,25
1718345651816,95.0,25
1718345651816,95.0,25
1718345652635,95.1,50
1718345652635,95.1,50
1718345653473,94.95,100
1718345653851,95.25,25
1718345654628,95.4,50
1718345654628,95.4,50
1718345655662,95.3,25
1718345655662,95.3,25
1718345656383,94.9,150
1718345657767,94.8,25
1718345657767,94.8,25
1718345658534,95.35,25
1718345658884,95.0,25
1718345659525,95.2,25
1718345659980,95.25,25
1718345660634,95.3,25
1718345660911,95.2,75
1718345661952,95.15,50
1718345662440,95.35,25
1718345662774,95.2,25
1718345663216,95.15,75
1718345663911,95.5,50
1718345664327,95.5,25
1718345664327,95.5,25
1718345665509,95.55,25
1718345665807,95.6,50
1718345666884,96.1,175
1718345666884,96.1,175
1718345668084,95.6,250
1718345669080,94.9,200
1718345669925,95.25,25
1718345670119,95.15,25
1718345670982,95.1,25
1718345671541,94.95,125
1718345671973,95.05,50
1718345672245,95.2,25
1718345672245,95.2,25
1718345673506,95.05,50
1718345673925,95.05,25
1718345674435,95.3,200
1718345674947,95.3,125
1718345675610,95.45,75
1718345675948,95.25,25
1718345676704,95.2,125
1718345676704,95.2,125
1718345678075,95.05,25
1718345678452,95.1,25
1718345678452,95.1,25
1718345679217,95.05,25
1718345679217,95.05,25
1718345680628,95.5,25
1718345680750,95.3,50
1718345681816,95.25,25
1718345682707,95.25,100
1718345682989,95.05,50
1718345683985,95.1,25
1718345684698,95.3,25
1718345684895,95.4,100
1718345685468,95.5,25
1718345685986,95.35,150
1718345686942,95.25,25
1718345687288,95.1,200
1718345688291,95.1,200
1718345688291,95.1,200
1718345689665,94.85,75
1718345689968,95.0,50
1718345690609,95.0,200
1718345690859,94.95,25
1718345691777,95.0,150
1718345691777,95.0,150
1718345692724,95.1,25
1718345692978,95.1,25
1718345693985,94.85,75
1718345694852,95.15,25
1718345695036,95.2,25
1718345695649,95.25,25
1718345695961,95.4,75
1718345696639,95.4,25
1718345696639,95.4,25
1718345697626,95.25,25
1718345697626,95.25,25
1718345698503,95.45,75
1718345698950,95.3,125
1718345699680,95.35,200
1718345700103,95.4,50
1718345700856,95.45,25
1718345701072,95.3,25
1718345701644,95.55,25
1718345701969,95.45,25
1718345702926,95.25,50
1718345703849,95.0,200
1718345703990,95.2,50
1718345704747,95.4,25
1718345705998,95.5,25
1718345706020,95.5,25
1718345706604,95.45,25
1718345706765,95.4,25
1718345707866,95.4,25
1718345707866,95.4,25
1718345708943,95.4,25
1718345709899,95.6,25
1718345709899,95.6,25
1718345710486,95.35,75
1718345711009,95.45,25
1718345711681,95.35,400
1718345711865,95.5,75
1718345712489,95.5,25
1718345712609,95.35,50
1718345713737,95.4,125
1718345713737,95.4,125
1718345714998,95.55,25
1718345715906,95.35,25
1718345716701,95.35,75
1718345716926,95.3,25
1718345717973,95.05,25
1718345718634,95.15,225
1718345719008,95.3,25
1718345719916,95.5,25
1718345719980,95.6,100
1718345720707,95.4,25
1718345721104,95.7,25
1718345721600,95.6,75
1718345722012,95.95,25
1718345722504,95.95,25
1718345722911,95.85,75
1718345723744,95.65,100
1718345723784,95.65,25
1718345724601,95.8,25
1718345726010,95.5,25
1718345726093,95.75,250
1718345726332,95.7,25
1718345726970,95.6,25
1718345727723,95.7,25
1718345727723,95.7,25
1718345728978,95.7,25
1718345729021,95.75,100
1718345729917,95.65,25
1718345730180,95.2,25
1718345730556,95.25,25
1718345731145,95.35,50
1718345731710,95.2,25
1718345731710,95.2,25
1718345732742,95.3,25
1718345732955,95.25,75
1718345734017,95.2,200
1718345735025,94.85,25
1718345735167,94.9,25
1718345735563,95.35,100
1718345736035,95.4,400
1718345736587,95.4,50
1718345736836,95.2,25
1718345737613,95.45,100
1718345738020,95.25,100
1718345738753,95.45,25
1718345738753,95.45,25
1718345739616,95.4,50
1718345740970,95.0,250
1718345741155,95.0,25
1718345741690,95.1,25
1718345741898,95.2,50
1718345742391,95.0,25
1718345742992,95.0,25
1718345743765,95.05,25
1718345744005,95.0,25
1718345744848,95.1,75
1718345745920,94.5,150
1718345746066,94.55,25
1718345746642,94.4,125
1718345747374,94.35,100
1718345747743,94.75,25
1718345747929,94.8,100
1718345748696,94.8,50
1718345748862,94.75,25
1718345749679,94.4,25
1718345749909,94.5,100
1718345750930,94.15,25
1718345751806,94.45,375
1718345752803,94.3,125
1718345753087,94.4,75
1718345753741,94.4,25
1718345754029,94.7,50
1718345754534,94.6,25
1718345754989,94.55,25
1718345755241,94.6,100
1718345756020,94.6,125
1718345756708,94.35,25
1718345756708,94.35,25
1718345757649,94.4,50
1718345758873,94.2,25
1718345759200,94.0,25
1718345759870,94.0,25
1718345759870,94.0,25
1718345760172,94.0,75
1718345760846,93.85,25
1718345761209,93.85,25
1718345761569,93.8,25
1718345761932,94.0,100
1718345762537,94.0,25
1718345762537,94.0,25
1718345763949,94.05,25
1718345764948,94.0,400
1718345765892,94.0,150
1718345766223,93.9,125
1718345766532,94.15,100
1718345767000,94.2,25
1718345767409,93.65,75
1718345767409,93.65,75
1718345768837,93.6,25
1718345769894,93.85,25
1718345770922,94.05,25
1718345771668,93.85,75
1718345772081,93.95,25
1718345772489,94.0,25
1718345773020,94.05,25
1718345773667,94.2,25
1718345773900,94.2,150
1718345774711,93.95,25
1718345775047,93.7,25
1718345776023,94.0,150
1718345776647,94.0,25
1718345777068,93.85,75
1718345777823,93.9,50
1718345777878,93.9,100
1718345778416,94.0,25
1718345779862,93.75,200
1718345780660,93.65,50
1718345781164,93.45,25
1718345781632,93.4,25
1718345781930,93.55,25
1718345782944,93.7,275
1718345783823,93.45,50
1718345784772,93.6,25
1718345785752,93.45,150
1718345785752,93.45,150
1718345786478,93.8,25
1718345786478,93.8,25
1718345787804,93.4,25
1718345788053,93.6,50
1718345788474,93.65,25
1718345789990,93.85,100
1718345789990,93.85,100
1718345790790,93.55,25
1718345790790,93.55,25
1718345791420,93.55,50
1718345791420,93.55,50
1718345792772,93.5,25
1718345792772,93.5,25
1718345793671,93.3,25
1718345793990,93.45,25
1718345794856,93.65,275
1718345794856,93.65,275
1718345796005,93.5,25
1718345796763,93.55,25
1718345796763,93.55,25
1718345797733,93.5,50
1718345797971,93.35,25
1718345798884,93.35,25
1718345798884,93.35,25
1718345799660,93.35,50
1718345801054,93.65,1275
1718345801262,93.65,25
1718345801588,93.5,75
1718345802762,93.55,75
1718345803108,93.55,25
1718345803864,93.65,100
1718345803864,93.65,100
1718345804113,93.65,25
1718345805006,93.4,75
1718345806042,93.5,25
1718345806042,93.5,25
1718345806663,93.55,25
1718345807971,93.65,25
1718345808220,93.55,75
1718345808543,93.4,50
1718345808960,93.35,25
1718345809827,93.35,25
1718345809827,93.35,25
1718345811066,93.2,25
1718345811552,93.25,25
1718345811552,93.25,25
1718345812717,93.3,75
1718345812717,93.3,75
1718345813801,93.35,25
1718345814038,93.3,75
1718345814532,93.3,25
1718345814960,93.3,75
1718345816047,93.4,25
1718345816884,93.2,50
1718345816884,93.2,50
1718345817855,93.2,50
1718345817855,93.2,50
1718345818719,93.3,25
1718345818719,93.3,25
1718345819530,93.1,25
1718345819924,93.2,25
1718345820557,93.2,25
1718345821037,93.1,25
1718345821871,93.0,25
1718345823040,93.25,275
1718345823181,93.3,25
1718345823640,93.85,25
1718345824044,93.85,25
1718345824814,93.5,50
1718345824814,93.5,50
1718345826053,93.95,25
1718345826816,94.05,150
1718345827184,94.05,25
1718345827923,94.05,75
1718345828076,93.75,75
1718345829092,93.6,300
1718345829993,93.5,25
1718345830132,93.6,25
1718345830835,93.35,25
1718345831192,93.35,25
1718345831362,93.4,25
1718345831362,93.4,25
1718345832826,93.55,25
1718345833930,92.8,100
1718345833930,92.8,100
1718345835011,92.85,25
1718345836077,92.8,200
1718345836077,92.8,200
1718345836231,92.75,850
1718345837010,93.05,400
1718345838000,93.05,50
1718345838000,93.05,50
1718345838866,92.9,25
1718345838866,92.9,25
1718345839901,93.05,75
1718345839901,93.05,75
1718345840894,93.05,25
1718345841082,92.95,150
1718345842112,92.5,275
1718345843051,92.65,125
1718345843051,92.65,125
1718345843997,92.5,25
1718345844178,92.5,350
1718345844864,92.35,50
1718345845094,92.4,25
1718345846084,92.55,100
1718345846084,92.55,100
1718345847042,92.8,25
1718345847993,92.9,100
1718345848722,93.15,150
1718345849345,93.2,25
1718345849762,92.95,50
1718345849762,92.95,50
1718345850951,93.15,25
1718345851002,93.15,500
1718345852044,92.85,25
1718345852138,92.85,25
1718345853025,92.8,25
1718345854058,92.6,450
1718345854303,92.75,25
1718345854889,92.45,200
1718345854889,92.45,200
1718345856153,91.85,75
1718345856664,91.55,25
1718345857971,91.95,900
1718345858358,91.95,100
1718345858901,91.45,25
1718345859043,91.4,75
1718345859889,91.8,25
1718345860040,91.6,200
1718345860975,91.2,25
1718345861108,91.05,75
1718345861961,91.3,25
1718345861961,91.3,25
1718345862965,91.45,25
1718345862965,91.45,25
1718345863889,91.45,25
1718345864164,91.65,550
1718345865107,91.7,400
1718345866084,91.95,25
1718345866254,92.1,25
1718345866903,92.2,25
1718345866903,92.2,25
1718345867806,92.0,25
1718345867806,92.0,25
1718345868961,92.1,150
1718345869084,91.9,150
1718345869973,91.9,25
1718345869973,91.9,25
1718345870938,92.05,25
1718345870938,92.05,25
1718345871444,92.0,50
1718345871444,92.0,50
1718345872916,92.0,25
1718345872916,92.0,25
1718345874117,91.8,75
1718345874117,91.8,75
1718345874852,91.6,25
1718345876037,91.5,50
1718345876379,91.6,150
1718345876848,91.6,25
1718345876848,91.6,25
1718345877753,91.65,25
1718345878048,91.8,25
1718345879015,91.3,25
1718345879823,91.5,25
1718345880084,91.55,300
1718345881134,91.75,25
1718345881815,91.7,100
1718345882178,91.6,25
1718345882892,91.95,50
1718345883089,91.8,25
1718345884207,91.5,25
1718345885074,91.0,50
1718345885195,91.05,100
1718345886080,90.8,25
1718345886116,90.8,25
1718345887183,91.05,100
1718345887978,90.85,250
1718345888394,90.65,125
1718345888949,90.55,25
1718345889074,90.75,200
1718345889951,90.45,25
1718345889951,90.45,25
1718345891058,90.4,50
1718345891946,90.45,100
1718345892036,90.35,150
1718345893213,90.1,125
1718345894012,90.45,25
1718345894196,90.65,125
1718345894994,90.25,125
1718345895328,90.35,75
1718345895992,90.1,1525
1718345896104,90.1,125
1718345896840,90.15,75
1718345898121,90.25,25
1718345899098,90.35,25
1718345899764,90.2,25
1718345900232,90.15,25
1718345900912,90.1,50
1718345901213,90.15,25
1718345902018,90.45,450
1718345902018,90.45,450
1718345903119,90.4,50
1718345904084,90.5,25
1718345904868,90.5,25
1718345905129,90.8,25
1718345906092,90.85,25
1718345906191,90.85,25
1718345906960,90.95,75
1718345906960,90.95,75
1718345908120,90.95,50
1718345908427,91.0,75
1718345908997,90.75,50
1718345910046,90.9,25
1718345911090,90.9,250
1718345911231,91.05,75
1718345911894,91.1,25
1718345912416,91.0,25
1718345913064,90.8,25
1718345914061,90.85,25
1718345914108,90.7,25
1718345915120,90.25,100
1718345915278,90.2,25
1718345916110,90.3,25
1718345916301,90.35,25
1718345916932,89.65,25
1718345916932,89.65,25
1718345918091,89.5,125
1718345919062,89.5,100
1718345920011,89.4,100
1718345920100,89.6,25
1718345921103,89.55,25
1718345921245,89.75,25
1718345921916,89.95,100
1718345922220,89.9,25
1718345923056,89.9,75
1718345923228,90.0,25
1718345923975,90.2,25
1718345924082,90.35,50
1718345925013,90.3,125
1718345926059,90.5,50
1718345926059,90.5,50
1718345927103,90.45,50
1718345927910,90.45,150
1718345928433,90.45,25
1718345929065,90.4,50
1718345929139,90.35,200
1718345930050,90.4,75
1718345930050,90.4,75
1718345931026,90.45,25
1718345931026,90.45,25
1718345931975,90.5,25
1718345931975,90.5,25
1718345933108,90.1,100
1718345933108,90.1,100
1718345934030,90.5,375
1718345934499,90.25,25
1718345934945,90.25,25
1718345934945,90.25,25
1718345935838,90.5,25
1718345935838,90.5,25
1718345936962,90.55,25
1718345937106,90.3,25
1718345938113,90.4,25
1718345938259,90.4,25
1718345939127,90.1,150
1718345939453,90.25,225
1718345940110,90.15,100
1718345941145,90.2,25
1718345942001,90.3,25
1718345942198,90.2,25
1718345943141,90.2,125
1718345944120,91.3,100
1718345945004,90.9,50
1718345945274,90.95,75
1718345946001,91.15,25
1718345946217,91.15,125
1718345946874,91.45,50
1718345947182,91.35,100
1718345948095,91.5,1625
1718345948095,91.5,1625
1718345949117,91.35,75
1718345950003,91.4,25
1718345951030,91.3,200
1718345951276,91.1,175
1718345951824,90.95,200
1718345952725,91.0,25
1718345953001,90.65,25
1718345954020,90.45,25
1718345954020,90.45,25
1718345955015,90.65,25
1718345956106,90.45,25
1718345956748,90.35,25
1718345957269,90.3,25
1718345958157,90.4,200
1718345959151,90.3,150
1718345959151,90.3,150
1718345960101,90.35,25
1718345960289,90.35,25
1718345961046,90.25,25
1718345961216,90.35,25
1718345961768,90.35,25
1718345963057,90.4,25
1718345963275,90.45,100
1718345964001,90.4,25
1718345964341,90.45,25
1718345965127,90.5,25
1718345965381,90.7,25
1718345966109,90.65,50
1718345966342,90.45,50
1718345966849,90.1,25
1718345967268,90.25,25
1718345968067,90.35,25
1718345969124,90.25,25
1718345969124,90.25,25
1718345970121,90.05,75
1718345970340,89.85,25
1718345971002,89.85,25
1718345971468,90.0,75
1718345972086,89.85,100
1718345973162,89.6,300
1718345973269,89.8,25
1718345973813,89.8,100
1718345974234,89.85,50
1718345974792,90.0,25
1718345975343,89.9,100
1718345976148,90.0,25
1718345976918,89.8,50
1718345977943,90.0,50
1718345979129,89.65,75
1718345979193,89.85,50
1718345979983,89.85,100
1718345980368,89.75,175
1718345981084,89.8,50
1718345981536,89.75,25
1718345981629,89.7,25
1718345982719,89.5,1425
1718345983661,89.7,150
1718345985132,89.8,25
1718345986007,90.05,25
1718345986233,90.1,25
1718345986894,89.9,25
1718345987390,90.15,25
1718345988126,90.3,25
1718345988550,90.3,75
1718345989115,90.25,25
1718345990166,90.6,25
1718345990201,90.55,100
1718345991169,90.95,75
1718345991719,90.95,200
1718345993007,91.1,50
1718345994176,91.3,25
1718345995138,91.3,25
1718345995138,91.3,25
1718345996318,91.15,50
1718345997066,91.3,25
1718345997481,91.4,25
1718345998012,91.0,200
1718345999152,91.05,75
1718345999380,90.95,25
1718346000064,90.7,25
1718346000064,90.7,25
1718346001135,90.2,25
1718346001503,90.25,25
1718346001503,90.25,25
1718346003183,90.05,50
1718346003951,90.3,25
1718346005161,90.1,75
1718346005392,90.15,175
1718346006111,89.8,25
1718346006397,89.85,25
1718346006973,89.65,25
1718346006973,89.65,25
1718346008035,89.65,50
1718346008996,89.8,25
1718346010127,89.9,50
1718346011016,89.75,25
1718346011321,89.7,25
1718346012164,89.75,25
1718346012191,89.8,75
1718346012928,89.8,325
1718346013380,89.9,25
1718346014081,90.05,50
1718346014595,90.15,75
1718346014800,90.1,100
1718346015555,90.05,1000
1718346016810,90.1,25
1718346018174,90.4,100
1718346018359,90.35,75
1718346019062,90.4,25
1718346019543,90.55,25
1718346020177,90.55,25
1718346021068,90.7,25
1718346021381,90.6,50
1718346021971,90.35,25
1718346021971,90.35,25
1718346022802,90.65,25
1718346023345,89.9,25
1718346023969,90.0,25
1718346024445,89.95,25
1718346025013,89.95,25
1718346026210,90.15,125
1718346026706,90.05,75
1718346026706,90.05,75
1718346027716,90.1,125
1718346028485,89.8,25
1718346029042,89.7,50
1718346029536,89.85,100
1718346030029,89.9,25
1718346030205,90.0,25
1718346031062,89.9,275
1718346031062,89.9,275
1718346031971,90.15,275
1718346033209,89.9,25
1718346033904,90.2,75
1718346034398,90.1,25
1718346034647,89.9,50
1718346035564,90.2,50
1718346036198,89.95,25
1718346036987,89.95,400
1718346036987,89.95,400
1718346038165,90.15,25
1718346039124,90.25,25
1718346039938,90.0,50
1718346039938,90.0,50
1718346041181,90.35,25
1718346041354,90.1,25
1718346041904,90.4,25
1718346042360,90.35,50
1718346043104,90.15,25
1718346043469,90.4,25
1718346044081,90.2,25
1718346044653,90.3,25
1718346044854,90.5,300
1718346046182,90.55,50
1718346046182,90.55,50
1718346047025,90.55,25
1718346048171,90.45,75
1718346048960,90.6,50
1718346048960,90.6,50
1718346050273,90.4,25
1718346050839,90.55,175
1718346051406,90.7,100
1718346051406,90.7,100
1718346052669,90.7,50
1718346053052,90.8,25
1718346053772,90.55,25
1718346055042,90.6,175
1718346055042,90.6,175
1718346055938,90.45,25
1718346055938,90.45,25
1718346056980,90.85,50
1718346057315,90.8,25
1718346058064,90.8,125
1718346058509,90.8,25
1718346059220,90.6,25
1718346060041,90.8,75
1718346060282,90.8,25
1718346061044,90.8,25
1718346061423,90.75,175
1718346062096,90.6,25
1718346062676,90.8,50
1718346063174,90.75,950
1718346063174,90.75,950
1718346064226,90.45,50
1718346064260,90.45,100
1718346064801,90.4,25
1718346064801,90.4,25
1718346066021,90.55,50
1718346066497,90.45,50
1718346067400,90.35,25
1718346068222,89.95,75
1718346068660,90.1,25
1718346068865,90.1,100
1718346070212,90.35,75
1718346070212,90.35,75
1718346071185,90.35,100
1718346071185,90.35,100
1718346071849,90.4,125
1718346073230,90.3,50
1718346073407,90.3,50
1718346074028,90.4,25
1718346074028,90.4,25
1718346075217,90.25,25
1718346075549,90.4,25
1718346076144,90.45,25
1718346076144,90.45,25
1718346077205,90.05,450
1718346077205,90.05,450
1718346078114,90.4,25
1718346078114,90.4,25
1718346079094,90.3,50
1718346079500,90.5,25
1718346080211,90.35,25
1718346080282,90.35,125
1718346081052,90.65,25
1718346081774,90.55,50
1718346081774,90.55,50
1718346083159,90.65,75
1718346083159,90.65,75
1718346084169,90.5,50
1718346084379,90.55,25
1718346084708,90.5,25
1718346085260,90.75,125
1718346085929,91.0,25
1718346086609,91.0,25
1718346086609,91.0,25
1718346087872,90.95,50
1718346089070,90.8,25
1718346089534,90.8,25
1718346090065,90.85,50
1718346090065,90.85,50
1718346090674,91.0,125
1718346090674,91.0,125
1718346091678,91.0,75
1718346092174,91.0,25
1718346092174,91.0,25
1718346093283,90.8,75
1718346094233,90.9,25
1718346094233,90.9,25
1718346095229,90.65,100
1718346095229,90.65,100
1718346096105,90.8,275
1718346096474,90.75,25
1718346096902,90.6,25
1718346096902,90.6,25
1718346098182,90.8,25
1718346098571,90.85,25
1718346099134,90.8,75
1718346099134,90.8,75
1718346100315,90.9,1125
1718346101039,90.9,125
1718346101294,90.85,25
1718346102066,90.8,25
1718346102066,90.8,25
1718346102541,90.9,25
1718346102541,90.9,25
1718346104018,90.9,25
1718346104397,91.0,50
1718346105129,91.0,25
1718346105637,91.0,25
1718346106298,91.0,25
1718346106659,91.05,75
1718346106659,91.05,75
1718346108256,91.2,25
1718346108403,91.05,25
1718346109236,91.05,25
1718346109568,91.2,25
1718346110225,91.25,450
1718346110543,91.15,25
1718346110879,91.25,25
1718346111691,91.25,50
1718346111691,91.25,50
1718346113183,90.9,225
1718346113388,91.1,25
1718346114212,91.35,50
1718346114286,91.35,25
1718346115128,91.2,25
1718346115525,91.25,25
1718346115914,91.15,25
1718346116407,91.2,50
1718346116993,91.4,25
1718346117280,91.25,25
1718346117948,91.4,50
1718346117948,91.4,50
1718346119212,91.4,225
1718346119212,91.4,225
1718346119634,91.45,50
1718346119634,91.45,50
1718346120418,91.35,125
1718346121124,91.45,50
1718346121573,91.1,150
1718346122184,91.15,25
1718346122184,91.15,25
1718346123237,91.5,150
1718346123573,91.7,150
1718346124384,91.85,25
1718346125234,91.85,50
1718346125536,91.75,100
1718346126219,91.8,25
1718346126713,91.65,75
1718346126937,91.75,25
1718346126937,91.75,25
1718346128227,91.5,50
1718346128227,91.5,50
1718346129206,91.35,25
1718346129482,91.55,50
1718346129782,91.55,100
1718346130589,91.4,25
1718346130832,91.25,25
1718346131333,91.15,25
1718346131808,91.25,25
1718346131808,91.25,25
1718346133099,91.05,25
1718346133099,91.05,25
1718346134003,91.25,25
1718346134654,91.25,25
1718346135103,91.25,175
1718346135276,91.25,25
1718346136213,91.45,50
1718346136213,91.45,50
1718346137069,91.55,25
1718346137069,91.55,25
1718346138032,91.55,25
1718346138368,91.45,25
1718346139059,91.4,25
1718346139567,91.45,50
1718346140001,91.45,25
1718346140620,91.4,25
1718346141093,91.5,25
1718346141093,91.5,25
1718346142003,91.4,25
1718346142003,91.4,25
1718346143078,91.3,50
1718346143530,91.4,75
1718346144241,91.35,150
1718346144518,91.2,25
1718346144873,91.05,50
1718346145485,91.1,25
1718346146118,91.25,125
1718346146502,91.25,75
1718346147147,91.25,50
1718346147147,91.25,50
1718346148193,91.2,50
1718346148193,91.2,50
1718346149148,91.15,25
1718346149311,91.15,25
1718346150150,90.8,50
1718346150242,90.85,25
1718346150633,90.5,25
1718346150948,90.55,50
1718346151467,90.55,25
1718346152059,90.55,50
1718346152733,90.85,25
1718346152838,91.0,25
1718346152838,91.0,25
1718346154260,91.35,75
1718346154260,91.35,75
1718346155169,91.7,25
1718346155594,91.65,200
1718346156093,91.65,50
1718346156611,91.65,25
1718346157002,91.6,25
1718346157002,91.6,25
1718346157706,91.75,25
1718346158306,91.75,125
1718346159243,91.6,50
1718346159243,91.6,50
1718346160255,91.75,25
1718346160255,91.75,25
1718346161041,91.4,25
1718346161529,91.25,100
1718346162066,91.15,25
1718346162298,91.2,200
1718346162816,91.4,25
1718346163408,91.3,25
1718346164257,91.05,25
1718346164500,91.25,50
1718346164955,91.25,50
1718346165574,91.25,25
1718346166005,91.25,50
1718346166324,91.4,25
1718346167033,91.85,25
1718346167033,91.85,25
1718346167857,91.8,100
1718346168834,92.0,25
1718346169250,91.95,50
1718346169250,91.95,50
1718346169967,92.0,25
1718346169967,92.0,25
1718346171044,92.2,150
1718346171383,92.2,50
1718346172262,92.35,175
1718346172262,92.35,175
1718346173139,92.1,75
1718346173472,92.3,25
1718346174283,92.5,25
1718346174536,92.65,25
1718346175290,93.0,25
1718346175799,92.75,75
1718346175911,92.6,400
1718346175911,92.6,400
1718346177237,92.65,25
1718346177237,92.65,25
1718346178293,92.85,25
1718346178642,92.75,75
1718346179122,92.85,25
1718346179635,92.7,25
1718346180044,92.6,25
1718346180044,92.6,25
1718346180796,93.0,50
1718346180796,93.0,50
1718346180796,93.0,50
1718346182212,92.9,25
1718346182212,92.9,25
1718346182968,92.8,125
1718346183366,92.95,25
1718346184012,92.9,25
1718346184556,92.9,50
1718346185159,92.85,50
1718346185707,92.9,50
1718346186180,92.95,25
1718346186180,92.95,25
1718346187100,92.9,25
1718346187405,92.8,25
1718346187704,92.9,25
1718346188413,92.85,25
1718346189222,92.75,25
1718346189339,92.7,50
1718346190273,92.45,25
1718346190479,92.6,25
1718346191266,92.45,250
1718346191385,92.75,125
1718346192071,92.55,175
1718346192650,92.3,50
1718346193294,92.45,50
1718346193476,92.45,175
1718346194261,92.6,25
1718346194391,92.45,25
1718346195101,92.45,25
1718346195588,92.3,75
1718346196149,92.4,25
1718346196699,92.5,200
1718346197144,92.4,25
1718346197597,92.35,225
1718346198308,92.55,50
1718346198779,92.45,25
1718346198779,92.45,25
1718346198779,92.45,25
1718346200138,92.5,50
1718346200650,92.6,25
1718346201192,92.7,125
1718346201192,92.7,125
1718346201192,92.7,125
1718346202601,92.55,25
1718346203201,92.85,50
1718346203807,92.9,50
1718346204061,92.95,25
1718346204387,92.95,125
1718346205286,92.9,25
1718346205387,92.85,25
1718346205827,92.95,25
1718346206520,92.85,25
1718346207265,92.9,25
1718346207482,92.85,25
1718346207879,92.85,25
1718346208702,92.85,25
1718346209173,92.95,25
1718346209836,92.8,25
1718346210001,92.9,75
1718346210242,92.85,825
1718346210519,93.0,25
1718346211301,93.0,350
1718346211301,93.0,350
1718346212046,93.0,50
1718346212576,92.8,175
1718346213133,92.75,25
1718346213404,93.0,100
1718346214016,92.85,50
1718346214728,92.85,25
1718346215320,93.0,25
1718346215922,93.1,25
1718346216083,93.0,75
1718346216454,93.15,25
1718346217234,92.85,50
1718346217514,92.8,100
1718346218271,92.9,25
1718346218553,92.5,1125
1718346219263,92.8,25
1718346219669,92.7,50
1718346220321,92.95,50
1718346220680,93.15,100
1718346221296,92.85,50
1718346221296,92.85,50
1718346221913,93.15,125
1718346222309,93.15,25
1718346223311,93.1,25
1718346223539,93.3,25
1718346224281,93.3,25
1718346224788,93.45,50
1718346225273,93.45,125
1718346225934,93.45,50
1718346226272,93.45,75
1718346226272,93.45,75
1718346227270,93.5,100
1718346227662,93.5,100
1718346228283,93.5,25
1718346228554,93.85,150
1718346229301,94.0,150
1718346229488,94.0,1625
1718346230217,93.85,25
1718346230750,94.0,75
1718346231041,93.85,25
1718346231902,93.9,125
1718346231902,93.9,125
1718346232507,94.0,500
1718346233281,94.1,150
1718346233554,94.1,225
1718346234320,93.8,100
1718346234567,93.95,25
1718346235279,94.0,50
1718346235613,94.0,150
1718346236267,93.8,250
1718346236602,94.05,25
1718346237327,93.85,200
1718346237948,93.75,25
1718346238144,93.9,75
1718346238456,93.9,25
1718346238995,93.9,175
1718346239384,93.95,50
1718346239973,93.75,125
1718346240284,93.8,25
1718346240584,93.65,250
1718346241318,93.7,25
1718346241621,93.8,25
1718346242063,93.95,25
1718346242842,93.95,100
1718346243239,93.85,100
1718346243576,93.85,75
1718346244298,94.0,50
1718346244298,94.0,50
1718346245134,94.0,100
1718346245732,93.85,25
1718346246326,94.35,25
1718346246899,94.25,25
1718346247308,94.0,100
1718346247569,94.0,25
1718346248317,93.85,200
1718346248398,93.85,100
1718346249331,94.05,25
1718346249488,94.05,25
1718346250325,94.8,25
1718346250529,94.55,25
1718346251052,94.55,75
1718346251552,94.2,25
1718346252165,94.25,25
1718346252165,94.25,25
1718346253017,94.4,50
1718346253745,94.45,100
1718346254163,94.3,25
1718346254366,94.45,50
1718346255336,94.3,25
1718346255727,94.25,25
1718346256075,94.5,225
1718346256895,94.6,100
1718346256895,94.6,100
1718346256895,94.6,100
1718346258305,94.35,25
1718346258549,94.35,100
1718346259338,94.4,25
1718346259772,94.05,25
1718346260222,94.15,25
1718346260871,94.45,25
1718346261328,94.25,25
1718346261879,94.65,25
1718346262102,94.7,25
1718346262993,94.7,25
1718346263166,94.7,25
1718346263530,94.6,250
1718346264275,94.55,25
1718346264563,94.4,100
1718346265260,94.6,25
1718346265643,94.6,50
1718346266272,94.6,25
1718346266687,94.5,25
1718346267340,94.45,25
1718346268000,94.5,25
1718346268318,94.4,100
1718346268507,94.55,25
1718346269255,94.6,50
1718346269255,94.6,50
1718346270108,94.65,75
1718346270251,94.85,25
1718346270416,94.75,50
1718346271163,94.6,25
1718346271565,94.8,150
1718346271651,94.75,25
1718346272233,94.8,25
1718346273366,95.2,25
1718346273623,95.0,25
1718346274299,94.8,25
1718346274781,94.95,25
1718346275333,94.95,75
1718346275828,95.0,50
1718346276321,94.8,25
1718346276680,94.9,500
1718346277158,94.8,25
1718346277481,94.95,25
1718346278294,94.95,25
1718346278550,94.95,25
1718346279226,95.0,250
1718346279752,94.85,25
1718346280300,95.1,350
1718346280951,94.6,25
1718346281298,94.7,400
1718346281979,94.5,950
1718346282241,94.7,25
1718346282500,94.55,200
1718346283295,94.65,25
1718346283295,94.65,25
1718346284115,94.75,25
1718346284115,94.75,25
1718346285232,94.9,50
1718346285375,95.0,50
1718346286343,95.0,25
1718346286964,95.0,25
1718346287112,94.9,25
1718346288035,94.75,50
1718346288333,94.8,25
1718346288637,95.0,125
1718346289239,94.9,175
1718346289239,94.9,175
1718346290259,94.9,25
1718346290545,94.8,25
1718346291179,94.9,25
1718346291697,94.8,25
1718346292052,94.8,25
1718346292823,94.6,25
1718346293247,94.6,300
1718346293932,94.85,100
1718346294349,94.9,200
1718346294618,94.75,25
1718346295148,94.8,1000
1718346295536,94.7,150
1718346295780,94.85,25
1718346296666,94.8,25
1718346297051,94.65,200
1718346297668,94.75,50
1718346298294,94.95,75
1718346298527,95.0,75
1718346298964,94.95,50
1718346299655,95.1,275
1718346300098,94.95,25
1718346300319,95.0,75
1718346300653,95.05,25
1718346301065,95.0,25
1718346301490,94.95,25
1718346302158,95.0,250
1718346302751,94.9,75
1718346303271,95.15,50
1718346303773,94.95,25
1718346304364,94.95,50
1718346304881,94.95,225
1718346305318,95.0,50
1718346305549,94.85,25
1718346306322,94.85,100
1718346306322,94.85,100
1718346306322,94.85,100
1718346307797,94.75,25
1718346308332,94.55,75
1718346308332,94.55,75
1718346309323,94.75,25
1718346309639,94.8,50
1718346310330,94.75,25
1718346310692,95.0,100
1718346311092,94.95,50
1718346311665,94.95,250
1718346312322,94.9,25
1718346312511,94.85,175
1718346313031,94.9,25
1718346313625,95.05,50
1718346314365,95.15,50
1718346314581,95.0,25
1718346315311,95.0,25
1718346315866,95.1,25
1718346316355,95.1,25
1718346316907,95.55,25
1718346317321,95.6,25
1718346317636,95.15,25
1718346318280,95.25,25
1718346318848,95.15,100
1718346319370,95.2,25
1718346319839,95.4,25
1718346320312,95.4,100
1718346320816,95.45,25
1718346321242,95.25,25
1718346321725,95.4,25
1718346321941,95.2,200
1718346323057,95.5,25
1718346323228,95.5,25
1718346323646,95.3,75
1718346324246,95.3,25
1718346324571,95.2,25
1718346325330,95.1,25
1718346325886,95.25,150
1718346326279,95.2,25
1718346326715,95.1,25
1718346327105,95.35,100
1718346328101,95.3,50
1718346328385,95.4,25
1718346329115,95.25,25
1718346329355,95.4,125
1718346330158,95.5,25
1718346330200,95.45,25
1718346330375,95.55,25
1718346330504,95.3,75
1718346331324,95.45,50
1718346331699,95.3,300
1718346332136,95.4,25
1718346332513,95.55,25
1718346333369,95.5,25
1718346333627,95.65,50
1718346334348,95.45,350
1718346334348,95.45,350
1718346335296,95.85,200
1718346335748,95.7,25
1718346336374,95.8,25
1718346336656,95.7,75
1718346337140,95.75,25
1718346337817,95.9,25
1718346338367,95.9,25
1718346338720,95.85,25
1718346339315,95.9,25
1718346339696,95.8,25
1718346340381,95.95,25
1718346340712,95.95,25
1718346341206,96.0,25
1718346341648,95.75,150
1718346341772,95.95,200
1718346342404,95.8,75
1718346343354,95.7,25
1718346343584,95.9,25
1718346344352,95.7,50
1718346344756,95.55,275
1718346345306,95.5,25
1718346345710,95.65,25
1718346345941,95.65,25
1718346346718,95.7,50
1718346347216,95.7,100
1718346347690,95.6,25
1718346348344,95.5,225
1718346348544,95.55,25
1718346349280,95.2,75
1718346349508,95.4,25
1718346350387,95.2,200
1718346350672,95.45,50
1718346351366,94.95,50
1718346351695,95.0,25
1718346352310,95.25,75
1718346352660,95.15,25
1718346353310,95.3,375
1718346353753,95.2,225
1718346354343,95.1,375
1718346354598,95.1,25
1718346355347,95.25,50
1718346355535,95.1,25
1718346355915,95.15,25
1718346356703,95.0,25
1718346357064,95.15,25
1718346357714,95.2,200
1718346358277,95.2,25
1718346358462,95.15,50
1718346358982,95.15,25
1718346359938,95.1,350
1718346360121,95.25,25
1718346360307,95.1,25
1718346360950,95.1,125
1718346361375,95.2,25
1718346361683,95.3,25
1718346362188,95.2,25
1718346363399,95.0,25
1718346363399,95.0,25
1718346364349,95.55,25
1718346364569,95.35,25
1718346364962,95.3,25
1718346365713,95.5,25
1718346366264,95.45,25
1718346366679,95.5,25
1718346367225,95.4,25
1718346368159,95.55,50
1718346368258,95.4,25
1718346369384,95.15,75
1718346369745,95.4,100
1718346370148,95.3,25
1718346370502,95.3,75
1718346371164,95.3,25
1718346371856,95.3,25
1718346372202,95.1,25
1718346372725,95.2,25
1718346373384,95.0,300
1718346373775,95.0,200
1718346373775,95.0,200
1718346374767,94.7,25
1718346375396,94.35,250
1718346375856,94.25,375
1718346376385,94.2,50
1718346376967,94.3,100
1718346377299,94.05,225
1718346377960,93.75,50
1718346378399,93.6,250
1718346379173,93.7,25
1718346379392,93.8,25
1718346379741,93.7,75
1718346380406,93.7,25
1718346380662,93.75,50
1718346381299,94.0,175
1718346381631,94.2,75
1718346382231,94.9,25
1718346382723,95.05,25
1718346383384,94.85,125
1718346383472,95.0,50
1718346384363,95.25,50
1718346384573,95.4,100
1718346385282,95.05,50
1718346385956,95.65,25
1718346386325,95.45,50
1718346387037,95.25,75
1718346387300,95.45,150
1718346387590,95.55,25
1718346388294,95.7,100
1718346388710,95.55,100
1718346389364,95.65,25
1718346389718,95.65,25
1718346390130,95.5,50
1718346390414,95.55,50
1718346390741,95.65,100
1718346391342,95.25,25
1718346391827,95.35,250
1718346392211,95.45,25
1718346392520,95.45,25
1718346393326,95.05,175
1718346393875,95.05,50
1718346394299,95.15,50
1718346394823,95.05,125
1718346395361,95.0,75
1718346395768,94.8,75
1718346396339,95.15,25
1718346396616,95.15,25
1718346396616,95.15,25
1718346397783,95.15,25
1718346398196,95.15,25
1718346398514,95.25,100
1718346399190,95.35,100
1718346399568,95.0,100
1718346400345,95.5,200
1718346400991,95.7,25
1718346401395,95.6,100
1718346401900,95.5,25
1718346402112,95.45,50
1718346403070,95.45,75
1718346403342,95.45,250
1718346403451,95.4,25
1718346404389,95.2,50
1718346404787,95.4,100
1718346405107,95.0,325
1718346405719,95.2,100
1718346406272,95.15,25
1718346406658,95.0,25
1718346406658,95.0,25
1718346407437,95.0,25
1718346408179,95.35,25
1718346408758,95.2,250
1718346409225,95.1,25
1718346410069,95.35,25
1718346410311,95.3,25
1718346411131,95.1,75
1718346411324,95.25,25
1718346411714,95.2,300
1718346412225,95.0,175
1718346412756,95.25,25
1718346413335,95.3,25
1718346414011,95.2,100
1718346414011,95.2,100
1718346414740,95.2,25
1718346415284,95.0,25
1718346416217,94.75,50
1718346416265,94.8,25
1718346417046,95.0,25
1718346417046,95.0,25
1718346417775,94.85,25
1718346418214,94.75,25
1718346418813,94.85,25
1718346419060,94.6,25
1718346420135,94.35,25
1718346420229,94.05,175
1718346420724,94.1,25
1718346421433,94.0,75
1718346421606,94.15,50
1718346422079,94.2,25
1718346422720,94.45,25
1718346423333,94.35,150
1718346423333,94.35,150
1718346424282,94.25,50
1718346425188,94.2,25
1718346425398,94.1,25
1718346426191,94.25,125
1718346426316,94.25,50
1718346426531,94.05,25
1718346426810,94.25,25
1718346427929,94.0,25
1718346428424,94.0,25
1718346429008,94.05,25
1718346429374,94.25,200
1718346430144,94.25,50
1718346430421,94.05,50
1718346430457,94.05,25
1718346431109,94.05,25
1718346431109,94.05,25
1718346431109,94.05,25
1718346431109,94.05,25
1718346433297,94.5,25
1718346434232,94.75,25
1718346434232,94.75,25
1718346435364,95.25,25
1718346435820,95.25,25
1718346436385,95.05,25
1718346436706,95.35,25
1718346437114,95.25,25
1718346437783,95.25,25
1718346438385,95.2,25
1718346438874,95.2,25
1718346439264,95.15,50
1718346440058,95.15,50
1718346440394,95.05,225
1718346441237,95.25,250
1718346441320,95.15,25
1718346441628,95.25,25
1718346442219,95.15,25
1718346442812,95.05,25
1718346443414,95.25,25
1718346444035,95.3,25
1718346444336,95.35,600
1718346445265,95.05,25
1718346445265,95.05,25
1718346445852,95.05,25
1718346446314,95.5,25
1718346446314,95.5,25
1718346447150,95.5,250
1718346448060,95.45,75
1718346448324,95.5,225
1718346449213,95.5,50
1718346449334,95.4,25
1718346449717,95.2,100
1718346449717,95.2,100
1718346450450,95.05,25
1718346450854,95.0,50
1718346451444,94.85,650
1718346451549,95.0,150
1718346452415,94.95,25
1718346452652,94.95,125
1718346453348,95.0,50
1718346454065,95.1,50
1718346454385,95.25,25
1718346454706,95.1,25
1718346455401,95.0,325
1718346455401,95.0,325
1718346456424,95.05,50
1718346456566,95.25,25
1718346457121,95.25,25
1718346457890,95.25,25
1718346457890,95.25,25
1718346459120,95.35,75
1718346459429,95.2,25
1718346460216,95.05,75
1718346460445,95.2,25
1718346461158,95.05,25
1718346461158,95.05,25
1718346461158,95.05,25
1718346462323,95.2,150
1718346463107,94.95,25
1718346463426,94.85,175
1718346463772,94.8,125
1718346463772,94.8,125
1718346465383,94.65,75
1718346465786,94.65,200
1718346466330,94.4,25
1718346466635,94.55,100
1718346467344,94.2,50
1718346467923,94.45,50
1718346468425,94.3,25
1718346468978,94.1,25
1718346468978,94.1,25
1718346469737,94.05,200
1718346470438,94.0,100
1718346470999,94.05,25
1718346470999,94.05,25
1718346472128,94.05,25
1718346472307,94.0,25
1718346473296,93.95,25
1718346473424,93.95,25
1718346473782,93.75,50
1718346474436,93.85,75
1718346474804,94.0,25
1718346475390,94.0,100
1718346476079,93.6,25
1718346476351,93.65,25
1718346476351,93.65,25
1718346476351,93.65,25
1718346476351,93.65,25
1718346476351,93.65,25
1718346478919,93.0,175
1718346479374,93.3,25
1718346479826,93.55,25
1718346480152,93.45,25
1718346480386,93.45,25
1718346480911,93.25,250
1718346481383,93.0,25
1718346481696,93.1,250
1718346482424,93.1,25
1718346482906,93.15,25
1718346483428,93.2,25
1718346483924,93.3,125
1718346484478,93.5,325
1718346485150,93.6,700
1718346485354,93.5,25
1718346485940,93.65,50
1718346486461,93.7,25
1718346486935,93.55,50
1718346487210,93.8,25
1718346488146,93.6,100
1718346488375,93.95,50
1718346488960,93.6,175
1718346489486,93.6,50
1718346489915,93.55,200
1718346490292,93.5,25
1718346490932,93.75,50
1718346491445,93.85,25
1718346491526,93.5,175
1718346492360,93.65,25
1718346492773,93.55,100
1718346493476,93.35,25
1718346494156,93.25,300
1718346494427,93.35,50
1718346495056,93.55,25
1718346495310,93.35,500
1718346495931,93.5,25
1718346496336,93.4,25
1718346496696,93.45,25
1718346497457,93.7,200
1718346497960,93.85,200
1718346498449,93.85,100
1718346499100,93.85,25
1718346499317,93.85,25
1718346500263,94.0,25
1718346500445,93.85,25
1718346500445,93.85,25
1718346501419,94.0,25
1718346502087,94.2,25
1718346502255,93.8,25
1718346503120,93.85,50
1718346503413,93.65,25
1718346504419,93.8,25
1718346504419,93.8,25
1718346505258,93.9,25
1718346505949,93.85,100
1718346506428,93.9,25
1718346506654,93.75,25
1718346507447,93.6,125
1718346507811,93.6,100
1718346507811,93.6,100
1718346508938,93.7,50
1718346509428,93.65,25
1718346509650,93.55,400
1718346509650,93.55,400
1718346510375,93.7,125
1718346510819,93.55,25
1718346510819,93.55,25
1718346511932,93.55,175
1718346512336,93.6,25
1718346512812,93.4,75
1718346513507,93.35,25
1718346513818,93.35,25
1718346514397,93.4,50
1718346515269,93.25,50
1718346515269,93.25,50
1718346515638,93.15,200
1718346516165,93.1,50
1718346516585,93.25,100
1718346517507,93.1,75
1718346518154,93.1,75
1718346518413,93.05,75
1718346519232,93.1,25
1718346519493,93.05,75
1718346519907,93.2,450
1718346520384,93.2,225
1718346520911,92.9,200
1718346521343,92.95,125
1718346522157,93.15,125
1718346522455,93.0,25
1718346523086,92.95,25
1718346523319,92.9,50
1718346524268,93.0,100
1718346524443,92.8,50
1718346524795,93.0,225
1718346525511,93.0,75
1718346526177,92.8,25
1718346526177,92.8,25
1718346527064,93.05,250
1718346527392,92.65,25
1718346527623,92.95,25
1718346528491,92.95,25
1718346528598,92.75,25
1718346529441,92.95,50
1718346529441,92.95,50
1718346530292,92.8,200
1718346530863,92.8,150
1718346531362,92.75,175
1718346531928,92.6,25
1718346532316,92.75,25
1718346533081,92.8,50
1718346533446,92.95,25
1718346534424,92.75,25
1718346534424,92.75,25
1718346534822,92.9,25
1718346535480,93.15,125
1718346535833,93.3,25
1718346536494,93.3,150
1718346537089,93.45,25
1718346537351,93.35,25
1718346538245,93.4,25
1718346538566,93.4,25
1718346538566,93.4,25
1718346539516,93.35,25
1718346540039,93.6,25
1718346540039,93.6,25
1718346540906,93.5,25
1718346541462,93.55,25
1718346541854,93.4,50
1718346542421,93.5,50
1718346542886,93.15,25
1718346543491,93.3,125
1718346544088,93.25,25
1718346544088,93.25,25
1718346545387,93.15,50
1718346545387,93.15,50
1718346545692,93.05,25
1718346546505,93.1,50
1718346546735,93.0,25
1718346547220,92.95,25
1718346548147,92.95,75
1718346548471,92.9,25
1718346549213,92.9,50
1718346549213,92.9,50
1718346550478,92.85,150
1718346550994,92.8,25
1718346551290,92.7,50
1718346551867,92.7,25
1718346552532,92.7,25
1718346553162,92.7,25
1718346553508,92.7,25
1718346554238,92.85,25
1718346554474,92.85,25
1718346555451,92.8,25
1718346555524,92.8,25
1718346555787,92.7,100
1718346556524,92.7,50
1718346556990,92.75,25
1718346557365,92.9,25
1718346558068,92.7,50
1718346558138,92.7,75
1718346559052,92.45,50
1718346559523,92.3,50
1718346560461,92.2,75
1718346561262,92.0,25
1718346561492,92.15,50
1718346562530,92.15,250
1718346563000,92.05,100
1718346563519,92.2,50
1718346564027,92.35,175
1718346564470,92.3,25
1718346565244,92.9,25
1718346565518,92.9,100
1718346566491,93.0,25
1718346567225,93.2,25
1718346567480,93.0,25
1718346567816,93.2,25
1718346568518,93.3,25
1718346568921,93.05,225
1718346568921,93.05,225
1718346569908,92.95,50
1718346569908,92.95,50
1718346570308,93.0,25
1718346571003,92.95,25
1718346571255,93.1,100
1718346571877,93.0,25
1718346571877,93.0,25
1718346573331,93.0,25
1718346573331,93.0,25
1718346573827,93.15,25
1718346574529,92.85,25
1718346575247,92.9,25
1718346575247,92.9,25
1718346576542,92.0,75
1718346576951,92.05,50
1718346577298,92.2,50
1718346577854,92.25,25
1718346577854,92.25,25
1718346579273,91.85,50
1718346579457,91.95,25
1718346580301,92.1,200
1718346581302,92.05,75
1718346581464,91.8,100
1718346581982,91.85,50
1718346581982,91.85,50
1718346583044,91.95,25
1718346583502,91.8,50
1718346583878,91.65,50
1718346584490,92.2,25
1718346584785,92.35,125
1718346585512,92.75,75
1718346586029,92.65,25
1718346586396,92.85,150
1718346587023,92.8,50
1718346587397,92.65,25
1718346588170,92.8,25
1718346588514,92.6,25
1718346589122,92.8,50
1718346590019,92.75,50
1718346590451,92.65,250
1718346590451,92.65,250
1718346591384,92.8,50
1718346591900,92.85,25
1718346592212,92.65,25
1718346592935,92.85,25
1718346593520,92.85,25
1718346594081,92.75,25
1718346594219,92.9,25
1718346595009,92.95,25
1718346595326,92.9,50
1718346595729,92.95,50
1718346596545,92.8,100
1718346596837,92.7,25
1718346597362,92.75,25
1718346597362,92.75,25
1718346598752,92.9,25
1718346598752,92.9,25
1718346599524,92.75,100
1718346599903,92.95,25
1718346600526,92.95,25
1718346601189,92.9,25
1718346601189,92.9,25
1718346601189,92.9,25
1718346601189,92.9,25
1718346603540,92.6,25
1718346604092,92.6,100
1718346604443,92.6,25
1718346604744,92.6,75
1718346605311,92.4,125
1718346606235,92.2,25
1718346606522,92.15,25
1718346607332,92.05,25
1718346607446,92.05,25
1718346608461,91.9,25
1718346609047,91.7,25
1718346609511,91.8,25
1718346610149,91.85,25
1718346610554,91.5,50
1718346611278,91.6,50
1718346611540,91.55,25
1718346612233,91.55,25
1718346613505,91.25,25
1718346614121,91.55,100
1718346614529,91.75,25
1718346615117,91.9,50
1718346615494,91.9,50
1718346616133,91.8,50
1718346616550,91.65,25
1718346617308,91.6,100
1718346617357,91.6,100
1718346618340,91.35,25
1718346618427,91.25,50
1718346619342,91.25,25
1718346620121,91.65,25
1718346620436,91.6,25
1718346621287,91.4,25
1718346621547,91.4,75
1718346622508,91.25,75
1718346623105,91.35,25
1718346623411,91.25,100
1718346624055,91.6,50
1718346624340,91.85,225
1718346625037,91.8,25
1718346625537,91.75,25
1718346626255,91.7,175
1718346627311,91.75,25
1718346627900,91.8,25
1718346628485,91.7,25
1718346629292,92.2,25
1718346630088,92.15,100
1718346630544,92.25,25
1718346631312,92.1,100
1718346631865,92.0,175
1718346631865,92.0,175
1718346632397,92.05,25
1718346633458,92.0,25
1718346634252,92.05,25
1718346634252,92.05,25
1718346635004,92.2,300
1718346635507,92.2,25
1718346636266,92.4,25
1718346637387,92.4,300
1718346637781,92.15,75
1718346638501,92.25,25
1718346638920,92.2,50
1718346639513,92.2,50
1718346640027,92.2,25
1718346640475,92.15,25
1718346641229,92.25,50
1718346641229,92.25,50
1718346642438,92.35,25
1718346642940,92.4,25
1718346643527,92.3,25
1718346644112,92.45,125
1718346644470,92.2,100
1718346645121,92.05,25
1718346645510,92.25,25
1718346646052,92.05,25
1718346646490,92.25,25
1718346646751,92.25,25
1718346647370,92.3,25
1718346648214,92.45,25
1718346648214,92.45,25
1718346648860,92.25,25
1718346648860,92.25,25
1718346650538,92.3,25
1718346650605,92.4,25
1718346651179,92.3,625
1718346651575,92.4,500
1718346651828,92.5,75
1718346651828,92.5,75
1718346653369,92.65,25
1718346653539,92.7,25
1718346654353,92.75,25
1718346654573,92.8,25
1718346655523,93.1,25
1718346655808,93.1,25
1718346656214,93.05,25
1718346656554,93.15,100
1718346657203,93.05,175
1718346657563,93.4,25
1718346658032,93.25,125
1718346658547,93.3,75
1718346659193,93.6,25
1718346659588,93.3,225
1718346660062,93.15,25
1718346660062,93.15,25
1718346660062,93.15,25
1718346661096,93.1,25
1718346661096,93.1,25
1718346662157,92.8,75
1718346662588,92.25,425
1718346663189,92.7,25
1718346663510,92.65,50
1718346664249,92.5,25
1718346664558,92.45,25
1718346665552,92.35,25
1718346666185,92.55,50
1718346666185,92.55,50
1718346667203,92.45,25
1718346667203,92.45,25
1718346668316,92.4,25
1718346668466,92.35,25
1718346669390,92.5,25
1718346670580,92.4,25
1718346670791,92.35,50
1718346671227,92.5,25
1718346671227,92.5,25
1718346672138,92.25,25
1718346672479,92.35,25
1718346672967,92.1,25
1718346673586,92.2,25
1718346674463,92.1,25
1718346674610,92.1,50
1718346675551,92.25,25
1718346675551,92.25,25
1718346676234,92.25,75
1718346676431,92.1,25
1718346677027,92.1,25
1718346677387,92.2,25
1718346678247,92.25,25
1718346678370,92.25,75
1718346679239,92.2,25
1718346679515,92.35,25
1718346679515,92.35,25
1718346680587,92.05,75
1718346681164,92.2,75
1718346681164,92.2,75
1718346682287,92.25,25
1718346683151,92.55,25
1718346683369,92.35,25
1718346684122,92.4,25
1718346684122,92.4,25
1718346685143,92.4,50
1718346685143,92.4,50
1718346686141,92.4,25
1718346686141,92.4,25
1718346686618,92.6,200
1718346686618,92.6,200
1718346688250,92.25,75
1718346689227,92.35,25
1718346689227,92.35,25
1718346689733,92.3,75
1718346689733,92.3,75
1718346690454,92.1,25
1718346691436,92.2,25
1718346691436,92.2,25
1718346691654,92.1,25
1718346691654,92.1,25
1718346693368,92.35,25
1718346693368,92.35,25
1718346694085,92.2,25
1718346694570,92.2,25
1718346695174,92.3,100
1718346695332,92.1,75
1718346696438,92.0,25
1718346696565,92.05,50
1718346697161,92.2,50
1718346697161,92.2,50
1718346698269,92.0,100
1718346698340,92.15,25
1718346699477,92.25,50
1718346699477,92.25,50
1718346700215,92.15,25
1718346700550,92.15,25
1718346701651,92.2,75
1718346702044,92.15,50
1718346702582,92.0,25
1718346703380,92.2,25
1718346703380,92.2,25
1718346704383,92.2,25
1718346704512,92.2,400
1718346705325,91.9,25
1718346705325,91.9,25
1718346706239,91.85,50
1718346706565,91.8,25
1718346707254,92.05,25
1718346707459,92.05,25
1718346708171,92.05,25
1718346708171,92.05,25
1718346709404,92.0,150
1718346709587,92.15,50
1718346710128,92.25,25
1718346711278,91.9,25
1718346711444,91.8,25
1718346711956,91.9,25
1718346712544,91.9,25
1718346712544,91.9,25
1718346713623,91.75,25
1718346714425,91.7,25
1718346714556,91.8,350
1718346715014,91.85,25
1718346715014,91.85,25
1718346716582,91.95,25
1718346717201,91.85,25
1718346717467,92.1,125
1718346718242,92.0,75
1718346718377,92.2,200
1718346719450,92.0,25
1718346719450,92.0,25
1718346720087,91.95,25
1718346720278,92.15,25
1718346721633,91.9,200
1718346721633,91.9,200
1718346722394,92.0,25
1718346723547,92.3,25
1718346724348,92.2,25
1718346724713,92.25,50
1718346724927,92.2,50
1718346724927,92.2,50
1718346726307,92.35,50
1718346726307,92.35,50
1718346727278,92.2,25
1718346727384,92.2,25
1718346728272,92.85,25
1718346728368,93.0,25
1718346729401,92.55,100
1718346730033,92.5,25
1718346730587,92.4,25
1718346731529,92.55,25
1718346731529,92.55,25
1718346732516,92.2,25
1718346732516,92.2,25
1718346732516,92.2,25
1718346733449,92.15,25
1718346734509,91.8,25
1718346734569,91.6,25
1718346735591,91.95,25
1718346735629,91.8,25
1718346736450,91.9,50
1718346736662,91.9,25
1718346737329,91.9,25
1718346737514,91.9,25
1718346738326,91.9,200
1718346738606,92.2,75
1718346739246,92.15,100
1718346739568,92.15,125
1718346740180,92.45,50
1718346740180,92.45,50
1718346741282,92.2,25
1718346742374,92.3,25
1718346742374,92.3,25
1718346743692,92.35,75
1718346744288,92.2,25
1718346744288,92.2,25
1718346745238,92.15,25
1718346745565,92.35,25
1718346746033,92.35,25
1718346746436,92.2,25
1718346747072,92.25,25
1718346747624,92.25,50
1718346748345,92.4,25
1718346748345,92.4,25
1718346749315,92.45,25
1718346749315,92.45,25
1718346749315,92.45,25
1718346750702,92.25,25
1718346751119,92.2,25
1718346751626,92.1,25
1718346751626,92.1,25
1718346752546,92.15,25
1718346753201,92.05,25
1718346753355,92.15,75
1718346754439,92.05,25
1718346755436,92.35,25
1718346755436,92.35,25
1718346756152,92.2,25
1718346756442,92.0,50
1718346756988,92.0,200
1718346756988,92.0,200
1718346758009,92.0,50
1718346758009,92.0,50
1718346758840,92.35,25
1718346760319,92.35,50
1718346761052,92.45,125
1718346761641,92.45,25
1718346761982,92.5,25
1718346761982,92.5,25
1718346763171,92.5,50
1718346763636,92.35,25
1718346764288,92.35,25
1718346764288,92.35,25
1718346765566,92.25,25
1718346766337,92.3,75
1718346767386,92.1,25
1718346767386,92.1,25
1718346768284,92.25,75
1718346768446,92.4,250
1718346769225,92.2,200
1718346769491,92.4,75
1718346770446,92.25,25
1718346770446,92.25,25
1718346771518,92.05,25
1718346771649,92.3,25
1718346772438,92.4,125
1718346772610,92.2,25
1718346773057,92.2,25
1718346773601,92.15,25
1718346774229,92.0,25
1718346774229,92.0,25
1718346774990,92.0,25
1718346775552,92.05,75
1718346776028,92.05,25
1718346776557,92.15,100
1718346777361,92.0,50
1718346777492,92.2,75
1718346778346,91.8,25
1718346779395,91.95,25
1718346779677,91.9,25
1718346779677,91.9,25
1718346779677,91.9,25
1718346780497,91.8,225
1718346781367,92.25,25
1718346782312,92.2,25
1718346783638,92.45,25
1718346783667,92.35,25
1718346784199,92.35,25
1718346784469,92.6,200
1718346785414,92.85,25
1718346785636,93.05,50
1718346785990,92.55,50
1718346785990,92.55,50
1718346787398,92.55,25
1718346788575,92.8,100
1718346788575,92.8,100
1718346789228,93.15,175
1718346789228,93.15,175
1718346789228,93.15,175
1718346790636,93.05,75
1718346791496,93.2,75
1718346792282,93.15,25
1718346792282,93.15,25
1718346792951,93.35,50
1718346792951,93.35,50
1718346794363,93.05,25
1718346794650,93.3,225
1718346795381,93.3,25
1718346795381,93.3,25
1718346796632,93.35,25
1718346797625,93.35,25
1718346798633,93.5,50
1718346798633,93.5,50
1718346799366,93.35,300
1718346799668,93.55,25
1718346800431,93.4,25
1718346800668,93.5,175
1718346801272,93.4,25
1718346801605,93.45,25
1718346802348,93.3,100
1718346803579,93.3,25
1718346804612,93.5,200
1718346804709,93.75,50
1718346805342,93.9,50
1718346805640,93.9,50
1718346806315,93.85,250
1718346807283,93.7,25
1718346807283,93.7,25
1718346808651,93.85,50
1718346809653,93.5,1075
1718346809811,93.35,50
1718346809811,93.35,50
1718346810365,93.4,375
1718346810365,93.4,375
1718346811640,93.0,25
1718346812243,92.9,25
1718346813524,92.85,50
1718346813524,92.85,50
1718346814417,92.15,25
1718346814493,92.35,50
1718346815403,91.9,50
1718346815592,91.85,25
1718346816587,91.95,25
1718346817471,91.75,25
1718346818591,91.75,150
1718346818785,92.0,275
1718346819141,91.8,50
1718346819654,91.8,25
1718346820283,91.65,75
1718346820637,91.6,25
1718346821640,91.45,100
1718346822630,91.35,25
1718346823668,91.25,25
1718346823764,91.1,25
1718346824467,90.5,25
1718346824481,90.6,150
1718346825340,90.3,25
1718346825561,90.1,25
1718346826466,90.2,125
1718346826621,90.3,100
1718346827386,89.25,25
1718346828864,89.15,25
1718346829637,88.8,25
1718346830062,88.85,25
1718346830443,88.7,25
1718346830658,88.95,25
1718346831472,89.2,25
1718346831622,89.45,50
1718346832400,89.35,25
1718346832499,89.2,25
1718346833438,89.15,200
1718346833658,89.0,50
1718346834688,88.95,50
1718346835689,89.2,25
1718346836676,88.9,50
1718346836676,88.9,50
1718346837488,89.05,25
1718346837488,89.05,25
1718346838651,88.9,50
1718346839677,88.85,50
1718346839888,88.8,25
1718346840072,88.8,25
1718346840435,88.4,25
1718346840574,88.5,500
1718346841364,88.65,25
1718346841525,88.95,325
1718346842488,88.95,25
1718346842664,88.9,50
1718346843684,88.95,25
1718346844679,89.0,100
1718346845540,89.25,175
1718346845896,89.3,25
1718346846434,89.5,250
1718346846606,89.6,25
1718346847390,89.75,25
1718346847390,89.75,25
1718346848475,89.65,25
1718346848628,89.95,125
1718346849482,89.65,25
1718346849631,89.9,50
1718346850653,89.65,25
1718346851702,89.8,25
1718346852712,89.95,125
1718346852777,89.95,175
1718346853450,89.75,50
1718346853697,89.55,25
1718346854329,89.95,25
1718346855692,89.95,250
1718346856692,89.55,25
1718346856750,89.45,50
1718346857273,89.6,25
1718346857538,89.5,25
1718346858435,89.55,200
1718346858609,89.7,25
1718346859277,89.65,100
1718346859277,89.65,100
1718346860711,89.5,25
1718346861561,89.45,25
1718346862495,89.3,25
1718346863488,89.3,25
1718346863917,89.45,50
1718346864543,89.5,50
1718346864701,89.55,50
1718346865536,89.15,75
1718346865870,89.05,25
1718346866627,89.0,25
1718346866845,89.15,25
1718346867590,89.1,25
1718346868641,89.0,75
1718346868841,88.9,100
1718346869454,89.05,25
1718346869564,89.0,25
1718346870160,89.05,200
1718346870309,89.0,50
1718346870686,89.05,25
1718346871721,89.0,25
1718346872517,89.1,25
1718346872721,88.95,25
1718346873671,88.85,25
1718346873937,88.85,25
1718346874454,89.15,75
1718346874679,89.0,25
1718346875525,89.05,25
1718346875564,89.0,25
1718346876596,89.0,25
1718346877752,88.95,100
1718346878590,89.35,25
1718346878966,89.7,50
1718346879474,89.8,25
1718346879474,89.8,25
1718346880481,89.6,25
1718346880688,89.65,25
1718346881476,89.85,50
1718346881715,90.0,50
1718346882575,90.65,50
1718346883690,90.9,100
1718346883919,90.85,25
1718346884705,90.95,25
1718346884705,90.95,25
1718346885444,90.85,25
1718346885965,90.4,75
1718346886548,90.3,50
1718346886635,90.3,25
1718346887394,90.1,50
1718346887743,89.95,150
1718346888554,89.75,25
1718346888637,89.9,75
1718346889447,89.8,25
1718346890713,89.35,25
1718346890713,89.35,25
1718346891273,89.65,25
1718346891971,89.55,25
1718346892143,89.55,25
1718346892613,89.55,50
1718346893521,89.75,100
1718346893521,89.75,100
1718346894224,89.6,75
1718346894224,89.6,75
1718346895703,89.7,25
1718346896710,89.45,175
1718346896916,89.3,25
1718346897360,89.45,75
1718346897673,89.5,25
1718346898050,89.35,25
1718346898646,89.55,50
1718346899432,89.6,50
1718346899432,89.6,50
1718346900125,89.55,50
1718346900637,89.4,25
1718346901435,89.5,25
1718346902313,89.6,200
1718346902925,89.6,75
1718346903513,89.4,50
1718346903513,89.4,50
1718346904319,89.45,125
1718346904319,89.45,125
1718346905433,89.5,25
1718346906707,89.6,50
1718346906707,89.6,50
1718346907799,89.3,50
1718346907929,89.4,50
1718346908275,89.45,200
1718346908275,89.45,200
1718346909509,89.55,25
1718346909509,89.55,25
1718346910587,89.5,50
1718346910587,89.5,50
1718346911223,89.55,25
1718346912184,89.3,25
1718346912184,89.3,25
1718346913502,89.55,75
1718346913677,89.6,25
1718346914657,89.35,125
1718346915409,89.55,75
1718346915409,89.55,75
1718346916395,89.65,25
1718346916395,89.65,25
1718346917054,89.45,25
1718346918624,89.25,25
1718346918670,89.25,50
1718346919617,89.2,25
1718346919617,89.2,25
1718346920663,89.05,25
1718346920663,89.05,25
1718346921572,89.0,100
1718346921987,89.05,25
1718346922306,89.2,25
1718346922711,89.2,25
1718346923668,89.0,50
1718346924523,89.0,25
1718346924709,89.2,25
1718346925628,89.1,25
1718346925778,89.3,325
1718346926588,89.0,150
1718346927475,89.05,75
1718346927742,89.4,25
1718346928618,89.75,25
1718346929011,89.95,325
1718346929723,90.4,325
1718346930101,90.45,50
1718346930646,90.6,150
1718346930833,90.6,100
1718346931565,90.45,25
1718346931565,90.45,25
1718346932550,90.4,250
1718346932847,90.7,550
1718346933297,90.8,25
1718346933297,90.8,25
1718346934552,90.65,25
1718346934552,90.65,25
1718346935626,90.95,200
1718346935626,90.95,200
1718346936714,90.6,100
1718346936714,90.6,100
1718346937635,90.5,250
1718346937858,90.5,25
1718346938557,90.5,25
1718346939472,90.4,25
1718346940456,90.55,25
1718346940713,90.55,25
1718346941639,90.5,25
1718346942661,90.5,25
1718346942837,90.45,50
1718346943643,90.0,25
1718346943961,90.1,75
1718346944636,90.0,50
1718346944636,90.0,50
1718346945635,89.85,25
1718346945635,89.85,25
1718346946464,90.0,25
1718346946755,90.0,75
1718346947344,89.65,25
1718346947344,89.65,25
1718346948651,89.9,25
1718346949360,90.1,25
1718346949360,90.1,25
1718346950755,89.85,25
1718346951670,90.0,25
1718346951783,89.95,75
1718346952350,90.1,25
1718346952431,90.1,25
1718346953610,90.1,100
1718346953610,90.1,100
1718346954458,90.0,75
1718346954784,90.0,25
1718346955670,90.1,25
1718346955758,90.05,50
1718346956269,89.85,50
1718346956995,89.7,25
1718346957542,89.9,225
1718346958507,89.8,25
1718346958870,89.7,25
1718346959702,89.9,250
1718346960147,90.05,50
1718346960719,89.5,25
1718346961613,89.7,25
1718346961710,89.9,250
1718346962603,89.95,975
1718346962603,89.95,975
1718346963706,89.75,25
1718346964500,89.75,25
1718346965705,90.1,50
1718346965891,90.15,100
1718346966709,89.9,25
1718346966848,89.8,50
1718346967483,90.05,25
1718346967853,90.0,25
1718346968359,89.95,25
1718346968889,89.85,50
1718346969659,89.9,75
1718346970182,89.8,25
1718346970182,89.8,25
1718346971293,89.75,25
1718346972628,89.9,50
1718346972628,89.9,50
1718346973725,89.85,50
1718346974063,89.75,50
1718346974063,89.75,50
1718346974767,89.95,25
1718346975622,89.8,25
1718346976445,89.8,25
1718346976445,89.8,25
1718346977600,89.55,250
1718346978297,89.4,75
1718346978580,89.6,225
1718346979757,89.6,100
1718346979757,89.6,100
1718346980129,89.6,50
1718346980129,89.6,50
1718346981681,89.0,25
1718346981999,89.05,25
1718346983719,89.0,50
1718346983783,89.0,25
1718346984690,89.2,50
1718346984690,89.2,50
1718346985722,89.05,25
1718346986116,89.1,25
1718346986645,89.15,50
1718346986717,89.2,25
1718346986717,89.2,25
1718346988753,89.1,100
1718346988882,89.1,75
1718346989678,88.85,25
1718346990103,89.0,100
1718346990725,88.9,25
1718346991075,89.05,25
1718346991658,88.85,100
1718346992678,89.15,25
1718346992913,89.3,25
1718346993463,89.0,25
1718346993819,89.1,50
1718346994527,88.95,25
1718346994941,88.8,175
1718346995708,89.05,25
1718346995985,89.0,25
1718346996777,88.9,25
1718346997763,88.85,25
1718346998723,88.65,125
1718346998865,88.85,25
1718346999723,88.95,25
1718346999873,88.8,50
1718347000762,88.85,50
1718347000762,88.85,50
1718347001732,89.2,25
1718347001732,89.2,25
1718347002676,89.0,25
1718347002903,89.15,25
1718347003780,89.2,25
1718347004582,89.0,25
1718347005750,89.15,25
1718347005785,89.15,50
1718347006696,89.1,75
1718347006892,89.25,25
1718347007612,89.2,100
1718347008381,89.25,25
1718347009642,89.15,50
1718347009864,89.0,175
1718347010780,89.2,25
1718347010813,89.2,25
1718347011720,88.85,75
1718347011987,88.7,25
1718347012752,88.9,25
1718347013714,89.2,175
1718347014786,88.95,25
1718347014847,89.1,25
1718347015774,89.05,100
1718347015774,89.05,100
1718347016729,89.0,25
1718347017167,88.75,125
1718347017605,88.85,25
1718347018722,89.0,25
1718347019691,89.0,25
1718347020119,89.0,25
1718347020618,89.0,25
1718347021692,88.8,50
1718347021692,88.8,50
1718347022468,88.8,25
1718347022814,88.85,25
1718347023574,88.95,25
1718347023574,88.95,25
1718347024619,88.7,150
1718347025707,88.85,100
1718347025919,89.1,25
1718347026655,89.2,25
1718347026849,89.15,50
1718347027545,89.2,25
1718347028782,89.3,25
1718347029445,89.15,25
1718347029445,89.15,25
1718347030804,89.1,25
1718347030984,89.3,25
1718347031193,89.25,125
1718347031729,89.35,25
1718347032045,89.7,25
1718347032950,89.3,25
1718347033360,89.25,25
1718347034754,89.5,400
1718347034965,89.4,25
1718347035743,89.3,50
1718347035743,89.3,50
1718347036681,89.45,25
1718347037061,89.5,50
1718347037573,89.5,25
1718347038171,89.65,25
1718347038612,89.6,50
1718347039781,89.7,25
1718347039781,89.7,25
1718347040574,89.7,25
1718347041331,89.45,25
1718347041331,89.45,25
1718347043805,89.5,100
1718347044766,89.2,25
1718347045443,89.3,25
1718347046249,89.35,50
1718347046978,89.25,50
1718347047659,89.25,25
1718347047886,89.25,25
1718347048777,89.9,50
1718347048962,89.8,100
1718347049754,89.75,25
1718347050163,89.65,25
1718347050184,89.6,25
1718347050497,89.75,25
1718347051012,89.9,25
1718347051622,89.75,25
1718347052686,89.9,125
1718347053672,89.75,25
1718347054789,89.85,25
1718347054789,89.85,25
1718347055595,89.7,25
1718347055897,89.85,25
1718347056675,89.85,25
1718347056675,89.85,25
1718347057431,89.75,25
1718347058007,89.75,25
1718347058667,89.7,75
1718347059357,89.9,25
1718347060737,89.8,25
1718347061558,89.85,200
1718347061854,89.85,25
1718347062492,89.9,50
1718347062931,89.95,50
1718347063475,89.8,25
1718347063923,89.9,200
1718347064534,89.9,175
1718347064992,89.7,50
1718347065719,89.7,25
1718347066132,89.9,25
1718347066722,89.8,25
1718347066722,89.8,25
1718347067607,89.6,25
1718347068756,89.95,50
1718347069760,89.8,25
1718347069760,89.8,25
1718347070716,90.0,75
1718347071008,89.85,25
1718347071319,89.8,25
1718347071319,89.8,25
1718347072499,89.9,25
1718347073168,89.7,25
1718347073660,89.75,25
1718347074612,89.65,75
1718347075628,89.55,125
1718347076022,89.25,225
1718347076762,88.8,150
1718347077601,88.9,25
1718347078256,88.75,25
1718347078651,88.75,200
1718347079216,88.6,25
1718347079779,88.8,50
1718347079921,88.6,75
1718347080203,88.6,25
1718347080815,88.6,50
1718347081233,88.7,25
1718347081736,88.6,25
1718347082260,88.5,50
1718347082637,88.4,100
1718347083862,88.45,25
1718347084793,88.0,25
1718347084859,87.65,25
1718347085855,87.55,25
1718347086685,87.7,50
1718347087379,87.6,100
1718347087782,87.45,25
1718347088819,87.7,50
1718347089226,88.5,75
1718347089751,88.5,175
1718347090040,88.6,25
1718347090677,88.45,50
1718347091036,88.5,25
1718347091802,88.45,25
1718347092178,88.5,25
1718347092657,88.65,250
1718347093273,87.9,50
1718347093892,87.6,100
1718347094829,87.75,100
1718347095794,87.6,75
1718347096039,87.55,25
1718347096584,87.6,25
1718347096584,87.6,25
1718347097734,87.6,25
1718347098862,87.45,125
1718347099808,88.0,525
1718347100011,88.05,50
1718347100616,88.0,50
1718347100616,88.0,50
1718347101839,87.25,25
1718347101839,87.25,25
1718347102827,87.7,25
1718347103179,87.7,50
1718347103794,87.65,25
1718347103794,87.65,25
1718347104799,87.6,25
1718347105559,87.4,100
1718347106104,87.2,75
1718347106727,87.45,25
1718347107143,87.3,25
1718347107830,87.25,125
1718347108843,87.1,25
1718347109747,87.7,25
1718347109894,87.65,25
1718347110070,87.45,75
1718347110771,87.1,25
1718347111621,87.05,25
1718347112592,87.1,25
1718347113036,87.1,25
1718347113714,87.05,50
1718347114071,86.9,25
1718347114777,87.35,25
1718347115004,87.3,100
1718347115842,86.5,25
1718347116480,86.65,25
1718347116619,86.5,100
1718347117793,86.95,125
1718347118038,86.75,25
1718347118763,86.8,75
1718347118763,86.8,75
1718347119808,87.1,25
1718347120033,87.1,25
1718347120722,86.7,75
1718347121128,86.95,25
1718347121679,87.0,200
1718347122121,86.9,25
1718347122731,87.0,50
1718347123843,87.2,50
1718347124841,87.2,50
1718347125090,87.15,50
1718347125854,87.1,225
1718347126133,87.0,25
1718347126638,87.05,25
1718347127271,86.6,325
1718347127668,86.85,25
1718347127668,86.85,25
1718347128813,86.6,25
1718347128919,86.6,75
1718347129794,86.65,50
1718347130055,86.25,25
1718347130826,86.25,25
1718347131327,86.35,25
1718347131681,86.45,25
1718347132916,86.45,50
1718347133842,86.55,50
1718347133987,86.65,25
1718347134769,86.25,100
1718347135323,86.35,25
1718347135859,86.5,25
1718347136697,86.45,25
1718347136697,86.45,25
1718347137574,86.35,25
1718347137960,86.3,25
1718347138763,86.5,125
1718347139082,86.5,25
1718347139837,86.4,725
1718347140052,86.35,25
1718347140356,86.2,125
1718347140542,86.15,200
1718347140927,86.3,125
1718347141917,86.55,175
1718347142651,86.5,25
1718347142871,86.55,50
1718347143772,86.1,25
1718347144122,86.05,100
1718347144866,86.15,25
1718347145158,86.15,25
1718347145858,85.8,25
1718347146333,85.7,200
1718347146708,85.6,200
1718347146920,85.75,200
1718347147730,85.4,25
1718347148108,85.5,50
1718347148838,85.45,25
1718347148838,85.45,25
1718347149740,85.4,25
1718347149968,85.45,50
1718347150961,85.4,375
1718347151690,85.0,50
1718347151690,85.0,50
1718347152763,84.45,25
1718347153562,84.75,125
1718347153916,84.75,425
1718347154867,84.9,25
1718347154971,84.75,50
1718347155865,84.65,175
1718347155956,84.65,50
1718347156811,84.75,75
1718347156958,84.9,25
1718347157846,85.2,250
1718347157954,85.0,300
1718347158834,85.1,25
1718347158834,85.1,25
1718347159783,85.0,25
1718347159986,85.15,150
1718347160827,84.95,200
1718347160827,84.95,200
1718347161703,85.15,150
1718347161810,85.15,25
1718347162832,84.85,50
1718347163960,85.15,25
1718347164880,85.0,100
1718347164964,85.0,25
1718347165801,85.15,25
1718347166102,85.25,25
1718347166687,85.05,150
1718347166687,85.05,150
1718347167654,84.85,25
1718347167985,84.8,25
1718347168854,84.65,75
1718347169198,84.95,200
1718347169794,85.0,75
1718347170136,84.8,50
1718347170385,84.4,25
1718347170863,83.6,25
1718347171010,82.8,150
1718347171705,83.05,25
1718347171855,83.1,25
1718347172960,83.6,150
1718347173051,83.4,100
1718347173840,83.4,25
1718347173962,83.2,25
1718347174864,83.45,125
1718347175210,83.15,25
1718347175768,83.2,25
1718347176153,83.15,125
1718347176709,83.0,25
1718347176911,82.85,125
1718347177871,83.45,25
1718347178081,83.25,25
1718347178873,83.05,25
1718347179222,83.25,25
1718347179739,83.4,100
1718347180382,83.5,50
1718347180877,83.5,25
1718347181409,83.6,125
1718347181715,83.4,25
1718347181994,83.55,25
1718347182901,83.35,75
1718347183389,83.55,50
1718347183854,83.6,100
1718347184304,83.6,25
1718347184844,83.35,75
1718347185585,83.3,25
1718347185833,83.3,75
1718347185987,83.2,25
1718347186697,83.55,25
1718347186940,83.6,25
1718347187778,83.65,200
1718347188231,83.8,25
1718347188671,83.8,25
1718347189191,83.85,25
1718347189901,83.8,25
1718347190393,83.6,25
1718347190893,83.95,50
1718347191190,83.95,50
1718347191631,84.0,25
1718347191883,83.9,125
1718347192842,83.95,25
1718347193046,83.9,25
1718347193832,84.75,25
1718347193990,84.6,100
1718347194870,84.6,25
1718347195048,84.7,125
1718347195886,84.75,75
1718347196247,84.75,50
1718347196689,84.8,25
1718347197031,84.75,75
1718347197687,84.85,100
1718347198020,84.85,250
1718347198725,84.85,25
1718347199117,84.9,50
1718347199898,84.85,25
1718347200123,84.6,250
1718347200898,84.25,25
1718347200966,84.2,50
1718347201659,84.15,25
1718347202177,84.3,100
1718347202723,84.05,50
1718347203232,84.2,25
1718347203819,84.5,25
1718347204319,84.35,250
1718347204819,84.2,25
1718347205075,84.35,25
1718347205906,84.25,25
1718347206255,84.35,25
1718347206679,84.35,25
1718347207147,84.95,150
1718347207842,84.75,25
1718347208441,84.95,25
1718347208866,84.8,100
1718347209003,84.85,75
1718347209605,85.0,25
1718347210039,85.0,300
1718347210804,85.45,75
1718347211158,85.05,25
1718347211691,85.1,50
1718347212102,85.05,75
1718347212914,85.1,50
1718347212914,85.1,50
1718347213861,85.6,25
1718347214028,85.5,25
1718347214830,85.8,75
1718347214918,85.8,50
1718347215740,85.5,25
1718347216018,85.5,150
1718347216504,85.45,25
1718347217062,85.65,25
1718347217903,85.15,100
1718347218259,85.1,25
1718347218915,85.4,75
1718347219286,85.65,275
1718347219921,85.6,150
1718347220426,85.5,75
1718347220843,85.5,100
1718347221067,85.05,25
1718347221686,84.65,100
1718347221891,84.8,200
1718347222824,84.9,25
1718347223207,84.55,25
1718347223910,84.75,50
1718347224428,84.75,50
1718347224868,84.4,25
1718347225019,84.55,25
1718347225852,84.7,275
1718347226057,84.75,100
1718347226899,84.8,25
1718347226899,84.8,25
1718347227898,84.5,25
1718347227965,84.7,25
1718347228917,84.55,50
1718347228968,84.7,25
1718347229593,84.7,25
1718347229593,84.7,25
1718347230248,84.9,100
1718347230827,84.9,25
1718347231499,84.9,375
1718347231805,84.75,25
1718347232420,84.6,175
1718347232714,84.45,50
1718347233098,84.7,75
1718347233902,84.55,25
1718347234104,84.3,725
1718347234754,84.05,75
1718347234754,84.05,75
1718347235657,84.05,400
1718347236097,84.1,25
1718347236873,84.25,25
1718347236873,84.25,25
1718347237712,84.1,100
1718347238176,84.3,25
1718347238874,83.65,25
1718347239263,84.15,25
1718347239902,84.4,75
1718347240507,84.1,25
1718347240932,84.2,25
1718347241097,84.1,25
1718347241821,84.05,475
1718347241821,84.05,475
1718347242802,84.35,25
1718347243135,84.35,50
1718347243610,84.5,175
1718347244280,84.15,25
1718347244886,84.25,25
1718347245466,84.4,125
1718347245892,84.25,100
1718347246070,84.2,100
1718347246540,84.15,25
1718347247117,84.15,25
1718347247907,84.05,25
1718347248306,84.05,100
1718347248861,83.95,25
1718347249515,84.2,50
1718347249731,84.3,25
1718347250030,84.45,25
1718347250937,84.25,250
1718347251112,84.25,25
1718347251576,84.2,100
1718347251576,84.2,100
1718347252601,84.5,25
1718347253155,84.4,25
1718347253892,84.3,25
1718347253892,84.3,25
1718347254646,84.0,25
1718347255666,84.85,25
1718347255896,84.7,50
1718347256073,84.75,25
1718347256743,84.8,25
1718347256973,84.65,25
1718347257804,84.55,25
1718347258226,84.75,500
1718347258796,84.65,100
1718347259319,84.6,50
1718347259885,84.75,50
1718347260105,84.35,25
1718347260369,84.35,25
1718347260853,84.2,275
1718347260853,84.2,275
1718347261678,84.15,25
1718347262337,83.8,25
1718347262672,83.8,100
1718347263160,84.05,50
1718347263829,83.9,25
1718347264281,83.85,25
1718347264728,83.95,25
1718347265300,83.95,25
1718347265755,84.0,25
1718347266384,83.8,25
1718347266602,84.0,25
1718347267108,83.95,100
1718347267651,83.75,25
1718347268064,83.85,50
1718347268895,83.0,25
1718347269852,83.35,200
1718347270113,83.45,50
1718347270684,83.8,100
1718347270859,83.9,150
1718347271124,83.7,25
1718347271920,83.2,25
1718347271920,83.2,25
1718347272501,82.9,25
1718347273149,83.2,125
1718347273873,83.5,25
1718347274182,83.6,150
1718347274887,83.6,25
1718347275441,83.65,25
1718347275913,83.55,275
1718347276002,83.7,125
1718347276685,83.7,25
1718347277012,83.5,25
1718347277942,83.55,100
1718347278221,83.5,75
1718347278890,83.85,25
1718347279436,83.85,25
1718347279924,83.9,25
1718347279924,83.9,25
1718347280844,83.55,100
1718347281076,83.5,25
1718347281897,83.15,25
1718347281952,83.15,975
1718347282919,82.65,25
1718347283187,83.0,25
1718347283879,83.25,25
1718347284088,83.15,25
1718347284951,82.8,25
1718347285023,82.65,25
1718347285871,82.85,75
1718347286364,83.0,100
1718347286826,82.6,50
1718347287335,82.65,25
1718347287808,83.1,25
1718347288584,83.0,25
1718347288924,82.95,25
1718347289164,82.95,25
1718347289926,83.05,25
1718347290059,83.0,25
1718347290315,83.1,100
1718347290951,83.3,25
1718347291383,83.45,25
1718347291921,83.55,25
1718347292584,84.35,25
1718347292872,84.3,150
1718347293569,84.55,125
1718347293940,84.35,25
1718347294406,84.3,25
1718347294727,84.25,375
1718347295103,84.4,75
1718347295953,84.25,25
1718347296222,84.2,25
1718347296818,84.5,50
1718347297223,84.25,25
1718347297944,84.45,25
1718347298494,84.25,25
1718347298971,84.45,25
1718347299196,84.5,75
1718347299847,84.8,225
1718347300282,84.65,25
1718347300814,84.5,100
1718347301326,84.75,25
1718347301326,84.75,25
1718347302272,84.75,25
1718347302927,84.8,475
1718347303600,84.95,100
1718347303920,84.9,25
1718347304161,84.85,25
1718347304970,85.3,25
1718347305352,85.65,25
1718347305915,85.8,100
1718347306553,85.6,50
1718347306864,85.8,50
1718347307381,86.0,25
1718347307381,86.0,25
1718347308211,86.0,25
1718347308965,86.0,25
1718347309149,85.8,50
1718347309881,85.6,100
1718347310398,85.65,200
1718347310955,85.75,25
1718347311421,85.55,100
1718347311868,85.65,25
1718347312377,85.65,500
1718347312891,85.65,25
1718347313179,85.55,100
1718347313842,85.7,25
1718347314324,85.65,25
1718347314817,85.7,25
1718347315398,85.55,25
1718347315970,85.6,50
1718347316343,85.55,25
1718347316782,85.5,475
1718347317481,85.65,25
1718347317766,85.65,100
1718347318170,85.75,25
1718347318958,85.65,25
1718347318996,85.65,25
1718347319936,85.55,100
1718347320013,85.55,250
1718347320013,85.55,250
1718347320772,85.9,50
1718347321307,86.0,25
1718347321729,86.0,100
1718347322624,86.0,100
1718347322882,86.25,25
1718347323189,86.0,175
1718347323695,86.05,50
1718347324247,86.15,25
1718347324852,86.45,25
1718347325235,86.55,50
1718347325914,86.65,25
1718347326218,86.6,25
1718347326909,86.6,100
1718347327153,86.6,250
1718347327869,86.45,25
1718347328248,86.45,25
1718347328914,86.5,25
1718347329386,86.5,50
1718347329978,86.35,25
1718347330574,86.55,25
1718347330950,86.5,25
1718347331255,86.5,50
1718347331697,86.2,25
1718347332172,86.25,75
1718347332962,86.4,100
1718347333427,86.65,25
1718347333975,86.35,25
1718347334437,86.55,75
1718347334606,86.45,25
1718347335485,86.65,25
1718347335962,86.5,25
1718347336168,86.75,25
1718347336728,86.9,50
1718347337218,87.05,50
1718347337878,87.15,25
1718347338627,87.2,50
1718347338859,86.9,75
1718347339243,87.0,50
1718347339978,86.9,25
1718347340276,86.9,200
1718347340928,86.95,25
1718347341444,87.3,250
1718347341685,87.15,200
1718347342568,87.1,25
1718347342830,87.4,150
1718347343277,87.45,25
1718347343981,87.45,50
1718347344224,87.45,275
1718347344855,87.6,100
1718347345655,87.45,25
1718347345981,87.6,25
1718347346451,87.4,25
1718347346756,87.45,50
1718347347560,87.4,25
1718347347890,87.1,150
1718347348270,87.3,25
1718347348909,87.0,25
1718347349251,87.1,50
1718347349946,87.1,25
1718347350007,86.9,25
1718347350302,87.1,25
1718347350997,87.0,50
1718347351318,86.9,50
1718347351926,86.9,200
1718347352664,86.75,50
1718347352973,87.05,100
1718347353250,87.0,25
1718347353950,86.95,25
1718347354051,86.95,25
1718347354833,87.3,50
1718347355459,87.35,25
1718347355999,87.1,600
1718347356681,87.05,175
1718347356774,87.3,350
1718347357149,87.15,200
1718347357847,87.15,25
1718347358148,87.35,25
1718347358919,87.4,25
1718347359280,86.95,250
1718347360010,86.7,25
1718347360301,86.7,25
1718347361000,86.9,25
1718347361291,86.7,25
1718347361879,86.45,25
1718347362687,86.55,25
1718347362883,86.6,50
1718347363026,86.7,225
1718347364002,86.8,300
1718347364229,86.85,50
1718347365153,86.85,50
1718347365301,86.9,100
1718347365301,86.9,100
1718347366698,86.85,50
1718347366698,86.85,50
1718347366698,86.85,50
1718347367462,87.0,450
1718347368151,87.1,325
1718347368957,87.15,25
1718347369339,87.15,25
1718347369947,87.1,25
1718347370466,86.9,200
1718347370466,86.9,200
1718347371591,86.45,25
1718347371932,86.7,25
1718347372020,86.75,25
1718347373009,87.0,250
1718347373265,87.05,25
1718347374017,86.55,125
1718347374468,86.6,100
1718347374899,86.7,125
1718347375458,86.55,25
1718347375599,86.8,75
1718347376622,86.8,175
1718347376848,86.95,25
1718347376848,86.95,25
1718347377371,86.95,25
1718347378119,86.85,75
1718347378875,87.0,200
1718347378875,87.0,200
1718347379992,87.0,25
1718347380294,87.0,50
1718347380817,87.05,25
1718347381011,87.2,25
1718347381834,87.2,25
1718347382680,87.1,50
1718347382680,87.1,50
1718347383326,87.1,75
1718347383977,87.05,25
1718347384330,87.3,25
1718347384903,87.1,25
1718347385426,87.0,100
1718347385904,87.1,25
1718347386445,87.15,75
1718347386824,87.2,75
1718347387538,87.0,25
1718347387878,87.0,175
1718347388275,87.05,100
1718347388794,87.05,50
1718347389470,87.15,25
1718347389470,87.15,25
1718347390302,87.15,25
1718347390925,87.2,25
1718347391098,87.3,75
1718347391636,87.3,75
1718347392246,87.25,25
1718347392891,87.35,25
1718347393679,87.1,25
1718347393679,87.1,25
1718347394130,87.15,25
1718347394944,87.25,50
1718347395359,87.25,25
1718347395972,87.25,50
1718347396411,87.4,50
1718347396411,87.4,50
1718347397327,87.4,175
1718347397822,87.4,25
1718347398457,87.45,150
1718347399004,87.0,25
1718347399651,87.3,25
1718347399651,87.3,25
1718347400360,87.2,275
1718347400613,87.25,25
1718347401102,87.3,25
1718347401575,87.3,50
1718347401945,87.35,200
1718347402999,87.2,25
1718347403396,87.0,25
1718347403884,87.05,225
1718347404534,87.1,150
1718347404984,87.1,25
1718347405294,87.05,25
1718347405992,87.35,25
1718347406182,87.15,25
1718347406789,87.05,25
1718347407224,87.0,25
1718347407968,86.8,50
1718347408437,86.85,75
1718347408916,87.0,25
1718347409401,86.9,25
1718347409983,86.85,25
1718347410156,86.85,50
1718347410703,86.7,25
1718347410970,86.55,25
1718347411289,87.15,25
1718347411983,87.05,50
1718347412101,87.05,25
1718347412880,87.05,325
1718347413576,87.1,25
1718347413971,87.1,25
1718347414625,87.05,75
1718347414985,87.2,25
1718347415350,87.05,125
1718347415669,87.15,75
1718347416314,87.05,50
1718347416850,86.95,100
1718347417575,87.1,50
1718347417827,87.15,25
1718347418786,86.95,25
1718347419020,86.85,50
1718347419633,86.9,25
1718347419932,86.65,25
1718347420363,86.8,25
1718347420906,86.75,25
1718347421242,86.7,50
1718347421994,86.8,175
1718347422135,86.7,25
1718347422884,86.85,25
1718347423232,86.7,25
1718347424561,86.5,25
1718347425016,86.6,25
1718347425486,86.55,25
1718347425747,86.55,25
1718347426536,86.3,25
1718347426820,86.25,175
1718347427699,86.4,25
1718347428028,86.4,50
1718347428317,86.25,50
1718347429014,86.25,25
1718347429182,86.5,25
1718347429926,86.5,75
1718347430159,86.3,25
1718347430904,86.3,100
1718347431526,86.35,25
1718347431526,86.35,25
1718347432455,86.3,25
1718347432894,86.3,25
1718347433429,86.4,100
1718347434018,86.4,25
1718347434249,86.45,25
1718347435025,86.25,75
1718347435399,86.35,25
1718347435911,86.35,25
1718347436265,86.15,25
1718347436834,86.5,50
1718347437381,86.5,300
1718347438025,86.5,450
1718347438609,86.65,25
1718347438943,86.35,25
1718347439411,86.4,25
1718347439411,86.4,25
1718347439411,86.4,25
1718347441021,86.15,25
1718347441414,86.05,25
1718347441673,86.05,25
1718347442321,86.05,25
1718347442848,85.95,25
1718347443623,86.35,25
1718347444018,86.1,50
1718347444588,86.1,25
1718347445031,86.35,200
1718347445825,86.35,25
1718347446007,86.25,175
1718347446346,86.4,25
1718347446720,86.7,25
1718347447222,86.5,25
1718347447967,85.8,25
1718347448323,85.95,50
1718347448982,85.95,25
1718347449612,86.0,25
1718347449986,86.1,25
1718347450680,86.3,25
1718347450881,86.2,25
1718347451417,86.1,75
1718347451864,86.0,25
1718347452536,86.05,25
1718347452985,85.95,25
1718347453604,86.0,25
1718347453736,86.0,225
1718347454660,86.1,25
1718347454941,86.05,25
1718347455393,86.05,25
1718347456027,86.2,50
1718347456386,85.95,25
1718347456967,85.95,25
1718347457086,85.9,75
1718347458001,85.95,25
1718347458408,86.15,50
1718347458978,85.85,25
1718347459586,86.1,75
1718347459873,86.2,200
1718347460601,86.05,100
1718347461033,85.9,25
1718347461762,85.85,75
1718347461920,85.9,150
1718347462338,85.65,25
1718347462969,85.6,75
1718347463247,85.45,25
1718347464048,85.45,100
1718347464643,85.35,25
1718347464969,85.3,25
1718347465806,85.4,75
1718347466001,85.35,25
1718347466294,85.45,25
1718347466934,85.4,50
1718347467301,85.35,75
1718347467784,85.25,50
1718347468462,85.25,25
1718347469006,85.15,25
1718347469647,85.3,25
1718347470115,85.25,25
1718347470449,85.2,25
1718347470902,85.1,25
1718347471611,85.4,25
1718347471696,85.35,50
1718347472526,85.4,25
1718347472951,85.45,50
1718347473380,85.4,25
1718347474027,85.6,25
1718347474426,85.75,250
1718347475008,86.05,250
1718347475008,86.05,250
1718347476060,86.8,25
1718347476793,86.95,25
1718347476937,86.9,25
1718347477858,86.75,25
1718347477884,86.75,50
1718347478237,87.0,25
1718347479055,87.1,50
1718347479398,87.05,25
1718347480017,87.1,25
1718347480419,87.2,25
1718347480803,87.0,25
1718347481349,86.75,25
1718347481723,86.6,25
1718347482457,85.95,25
1718347482758,85.95,25
1718347483679,85.95,25
1718347483862,85.75,25
1718347484745,85.6,25
1718347485061,85.55,50
1718347485410,85.65,25
1718347486050,85.7,25
1718347486209,85.7,100
1718347487023,85.95,100
1718347487232,85.7,25
1718347488035,85.8,25
1718347488498,85.8,25
1718347488786,85.75,25
1718347489531,85.7,50
1718347489959,85.6,25
1718347490697,85.9,25
1718347491075,85.9,50
1718347491683,85.8,25
1718347491683,85.8,25
1718347492198,85.75,25
1718347492940,86.0,25
1718347493406,85.8,25
1718347494002,85.8,25
1718347494002,85.8,25
1718347494972,85.8,25
1718347495416,86.1,25
1718347496073,85.8,25
1718347496489,86.0,25
1718347496899,85.95,50
1718347497324,86.1,25
1718347497906,85.95,200
1718347498495,85.95,25
1718347499038,85.95,225
1718347499396,85.8,25
1718347500100,85.8,150
1718347500620,85.8,25
1718347501047,85.75,50
1718347501674,85.65,50
1718347501745,85.75,50
1718347502919,85.3,25
1718347503047,85.25,25
1718347503375,85.35,25
1718347503864,85.4,150
1718347504455,85.4,25
1718347504986,85.25,25
1718347505378,85.05,25
1718347506087,85.05,25
1718347506459,85.05,25
1718347507003,84.9,25
1718347507454,84.95,100
1718347507891,84.75,50
1718347508720,84.75,25
1718347509018,84.8,25
1718347509820,84.55,25
1718347510046,84.8,75
1718347510495,84.8,125
1718347511087,84.9,25
1718347511518,84.9,25
1718347511861,84.9,25
1718347512622,85.2,25
1718347512885,85.0,100
1718347513613,85.45,25
1718347513759,85.55,75
1718347514849,85.4,25
1718347515049,85.45,25
1718347515391,85.55,25
1718347515973,85.65,25
1718347516283,85.5,25
1718347516662,85.7,50
1718347517280,85.2,50
1718347517705,85.3,25
1718347518662,85.4,75
1718347519057,85.25,25
1718347519611,85.3,25
1718347519611,85.3,25
1718347520887,85.25,25
1718347521051,85.1,50
1718347521506,85.2,100
1718347521971,85.05,25
1718347522521,85.15,150
1718347522655,85.2,25
1718347523530,85.15,200
1718347524016,85.15,25
1718347524503,85.2,25
1718347525031,85.1,25
1718347525716,85.25,25
1718347526043,85.2,25
1718347526717,85.35,25
1718347527043,85.4,25
1718347528011,85.25,50
1718347528554,85.45,50
1718347529076,85.5,25
1718347529442,85.45,100
1718347530137,85.35,200
1718347530291,85.45,75
1718347531072,85.3,25
1718347531701,85.35,125
1718347532001,85.45,25
1718347532001,85.45,25
1718347533069,85.3,25
1718347533490,85.35,25
1718347533815,85.25,50
1718347534704,85.35,25
1718347535014,85.25,450
1718347535538,85.5,25
1718347535725,85.55,25
1718347536346,85.55,25
1718347536826,85.5,25
1718347537285,85.5,25
1718347537837,85.25,25
1718347538729,85.35,50
1718347539048,85.15,100
1718347539096,85.15,25
1718347539978,85.2,25
1718347540901,85.05,50
1718347540901,85.05,50
1718347540901,85.05,50
1718347541796,85.4,325
1718347541796,85.4,325
1718347542655,85.4,100
1718347543357,85.15,125
1718347543909,85.05,75
1718347544534,84.9,25
1718347544984,84.65,25
1718347545764,84.5,225
1718347546108,84.7,50
1718347546570,84.55,25
1718347546908,84.6,50
1718347547561,84.65,50
1718347547959,84.2,25
1718347548491,84.3,25
1718347549073,84.35,25
1718347549706,84.55,25
1718347549932,84.5,50
1718347550698,84.5,25
1718347551029,84.45,50
1718347551657,84.4,50
1718347551892,84.4,25
1718347552763,84.3,25
1718347552763,84.3,25
1718347553516,84.45,25
1718347554034,84.35,50
1718347554464,84.35,25
1718347554684,84.35,50
1718347555767,84.5,25
1718347555988,84.65,25
1718347556729,84.45,175
1718347557016,84.5,25
1718347557888,84.5,50
1718347558052,84.65,75
1718347558498,84.3,50
1718347559056,84.4,75
1718347559416,84.45,25
1718347560147,84.05,75
1718347560770,84.5,50
1718347561043,84.5,50
1718347561657,84.55,25
1718347561657,84.55,25
1718347562874,84.05,25
1718347562874,84.05,25
1718347563380,83.7,50
1718347564100,83.65,25
1718347564552,83.7,25
1718347565316,83.5,50
1718347565774,83.5,50
1718347566036,83.45,25
1718347566852,84.0,25
1718347566852,84.0,25
1718347567147,84.0,50
1718347568085,84.15,50
1718347568741,84.25,50
1718347569111,84.35,50
1718347569815,84.3,25
1718347569962,84.45,25
1718347571120,84.85,25
1718347571775,84.75,25
1718347571860,84.8,25
1718347572965,85.1,25
1718347573051,85.2,25
1718347573628,85.25,25
1718347574092,85.35,25
1718347574810,85.6,25
1718347575086,85.95,25
1718347575926,86.0,25
1718347576092,86.1,25
1718347576482,86.15,75
1718347577068,85.95,25
1718347577434,85.7,25
1718347578087,85.4,25
1718347578836,85.25,25
1718347579135,85.1,25
1718347580050,84.75,50
1718347580615,84.0,925
1718347581084,84.35,25
1718347581619,84.1,50
1718347581737,84.05,25
1718347582482,83.85,25
1718347582933,84.1,50
1718347583333,84.2,25
1718347584013,84.0,25
1718347584693,83.9,25
1718347585116,83.9,25
1718347585430,84.15,25
1718347586133,84.35,25
1718347586716,84.35,25
1718347586716,84.35,25
1718347587770,84.5,25
1718347587871,84.7,25
1718347589113,85.05,25
1718347589395,85.15,25
1718347590106,84.9,25
1718347590106,84.9,25
1718347591092,85.0,25
1718347591688,84.8,25
1718347591934,84.9,25
1718347592465,84.55,175
1718347593075,84.5,425
1718347593997,84.35,25
1718347594077,84.5,25
1718347594594,84.6,25
1718347594871,84.5,25
1718347594871,84.5,25
1718347596043,84.6,125
1718347596499,84.5,25
1718347597100,84.4,25
1718347597387,84.6,150
1718347598096,84.8,75
1718347599024,84.95,100
1718347599577,85.0,325
1718347600007,85.2,25
1718347600622,84.9,25
1718347601035,85.05,25
1718347601571,85.1,75
1718347601717,85.15,25
1718347602721,84.95,25
1718347603134,84.95,25
1718347603866,85.0,25
1718347604117,85.15,250
1718347604384,85.0,100
1718347605570,85.35,25
1718347605570,85.35,25
1718347606631,84.65,75
1718347606631,84.65,75
1718347607719,84.8,25
1718347608040,84.8,50
1718347608733,84.95,50
1718347608733,84.95,50
1718347609609,84.9,100
1718347609609,84.9,100
1718347610608,84.9,25
1718347611080,85.0,125
1718347611573,84.8,75
1718347611573,84.8,75
1718347612278,84.95,25
1718347613107,84.9,25
1718347613636,85.15,100
1718347614040,85.1,25
1718347614562,85.0,50
1718347615131,85.15,50
1718347615522,85.2,25
1718347615934,85.3,125
1718347616584,85.25,100
1718347616917,85.15,25
1718347617589,85.5,25
1718347618073,85.7,25
1718347618626,85.55,150
1718347618985,85.55,50
1718347618985,85.55,50
1718347620130,85.5,75
1718347620130,85.5,75
1718347621416,85.4,175
1718347621416,85.4,175
1718347621416,85.4,175
1718347622848,85.25,50
1718347623308,85.4,25
1718347623830,85.45,25
1718347624703,85.3,100
1718347625060,85.05,25
1718347625477,84.95,25
1718347626052,85.25,200
1718347626399,85.2,25
1718347626915,85.35,25
1718347627838,85.15,50
1718347628149,84.95,25
1718347628790,85.15,25
1718347629571,84.8,25
1718347629863,85.0,25
1718347630575,84.85,25
1718347631096,85.1,100
1718347631714,85.05,50
1718347631957,84.8,25
1718347632288,84.95,25
1718347632916,85.1,25
1718347633644,84.9,50
1718347634044,84.9,25
1718347634511,85.0,50
1718347635132,84.9,25
1718347635511,85.05,25
1718347636065,84.9,25
1718347636641,85.2,25
1718347636902,85.2,25
1718347637804,85.2,125
1718347637804,85.2,125
1718347638605,85.25,25
1718347639114,85.3,25
1718347640018,84.95,25
1718347640018,84.95,25
1718347640601,85.15,25
1718347641131,85.2,25
1718347641655,85.25,75
1718347641783,85.05,25
1718347642419,85.15,25
1718347642419,85.15,25
1718347643331,85.15,50
1718347644035,85.2,150
1718347644440,85.0,25
1718347644933,85.05,25
1718347645700,85.2,25
1718347646026,85.1,50
1718347646438,85.2,25
1718347646824,85.1,25
1718347647451,85.2,25
1718347647786,85.0,100
1718347648803,85.15,50
1718347648803,85.15,50
1718347649509,84.9,25
1718347649509,84.9,25
1718347651038,85.0,25
1718347651927,85.1,25
1718347652542,85.1,25
1718347653170,84.85,25
1718347653903,85.0,25
1718347654047,85.2,175
1718347654912,84.9,50
1718347655100,84.95,25
1718347655928,84.95,25
1718347656055,85.1,25
1718347657016,84.9,25
1718347657478,84.85,300
1718347658099,84.85,50
1718347658610,84.7,25
1718347659079,85.0,25
1718347659226,85.0,25
1718347660088,84.7,25
1718347660331,84.75,25
1718347661166,84.8,25
1718347661688,84.65,50
1718347662118,84.75,25
1718347662911,84.85,25
1718347662911,84.85,25
1718347663907,85.0,25
1718347664027,84.9,25
1718347664666,84.85,50
1718347665100,84.55,25
1718347665712,84.45,25
1718347665712,84.45,25
1718347666730,84.65,25
1718347667126,84.55,25
1718347668162,84.85,250
1718347668730,84.9,25
1718347669120,84.7,25
1718347669511,84.8,25
1718347670120,84.85,25
1718347670698,85.05,25
1718347670764,85.15,100
1718347671873,85.2,50
1718347672086,85.6,25
1718347672670,85.75,75
1718347673109,85.45,25
1718347673574,85.45,25
1718347673955,85.8,75
1718347674766,86.05,75
1718347675174,86.05,75
1718347675955,86.0,175
1718347676111,86.1,25
1718347676896,86.0,25
1718347677023,86.0,200
1718347677023,86.0,200
1718347677023,86.0,200
1718347678874,86.15,25
1718347679052,86.0,100
1718347680178,85.8,25
1718347680178,85.8,25
1718347680749,85.9,25
1718347680900,85.85,25
1718347681694,85.85,25
1718347681954,85.8,50
1718347682819,85.85,25
1718347682819,85.85,25
1718347683820,85.95,25
1718347684026,86.0,225
1718347685106,85.85,200
1718347685659,85.65,25
1718347685659,85.65,25
1718347686706,85.75,25
1718347686706,85.75,25
1718347687636,85.85,25
1718347688036,85.7,100
1718347688436,85.75,25
1718347689154,85.5,250
1718347689948,85.4,25
1718347689948,85.4,25
1718347690540,85.25,200
1718347691167,85.5,25
1718347691763,85.4,25
1718347691763,85.4,25
1718347692425,85.3,125
1718347693185,85.25,50
1718347693185,85.25,50
1718347694002,85.2,25
1718347694482,85.4,25
1718347695143,85.35,25
1718347695702,85.2,125
1718347696180,85.2,25
1718347696711,85.2,100
1718347697086,85.4,75
1718347697086,85.4,75
1718347697899,85.3,25
1718347698632,85.05,25
1718347699076,85.3,25
1718347699555,85.05,25
1718347699555,85.05,25
1718347700816,85.0,25
1718347701181,85.0,25
1718347701537,84.95,25
1718347701944,84.85,25
1718347702701,84.85,25
1718347702842,84.9,25
1718347703552,84.9,25
1718347703552,84.9,25
1718347704580,84.75,25
1718347705102,84.85,25
1718347705413,84.8,25
1718347706209,84.8,25
1718347706578,84.6,25
1718347707129,84.75,100
1718347707986,84.9,25
1718347707986,84.9,25
1718347708805,84.55,25
1718347709029,84.65,75
1718347709572,84.55,25
1718347710802,84.7,50
1718347711033,84.5,50
1718347711611,84.65,25
1718347711844,84.55,25
1718347712978,84.45,25
1718347713177,84.4,25
1718347714007,84.6,50
1718347714007,84.6,50
1718347714969,84.8,25
1718347715028,84.75,50
1718347716211,85.1,25
1718347716719,85.2,150
1718347717138,85.7,25
1718347717791,85.85,25
1718347718207,85.55,75
1718347718768,85.7,25
1718347718768,85.7,25
1718347720017,85.75,50
1718347720094,85.75,75
1718347721057,85.55,25
1718347721576,85.55,25
1718347721986,85.6,100
1718347722692,85.6,25
1718347722692,85.6,25
1718347723497,85.7,25
1718347724187,85.1,25
1718347724837,85.0,100
1718347725186,84.7,75
1718347725857,84.8,25
1718347726185,84.8,50
1718347727136,84.85,25
1718347727595,85.0,150
1718347728047,85.15,25
1718347728841,85.1,25
1718347729008,85.1,25
1718347729825,85.1,25
1718347729825,85.1,25
1718347730772,85.0,75
1718347731026,85.0,25
1718347731682,84.95,25
1718347731682,84.95,25
1718347732819,85.25,25
1718347732819,85.25,25
1718347733515,85.15,25
1718347733515,85.15,25
1718347734753,85.05,25
1718347736167,85.0,25
1718347736702,85.1,25
1718347737151,85.2,50
1718347737214,85.2,25
1718347738007,85.15,225
1718347738775,85.15,25
1718347739219,85.35,25
1718347739639,85.55,25
1718347739639,85.55,25
1718347739639,85.55,25
1718347740664,85.55,175
1718347741001,85.4,25
1718347741796,85.4,25
1718347741796,85.4,25
1718347742637,85.45,25
1718347743192,85.65,150
1718347743597,85.3,50
1718347743988,85.4,25
1718347745015,85.5,25
1718347745015,85.5,25
1718347745701,85.4,50
1718347746310,85.2,25
1718347746310,85.2,25
1718347746310,85.2,25
1718347748197,85.35,25
1718347748618,85.3,25
1718347749825,85.25,75
1718347749825,85.25,75
1718347750860,85.25,350
1718347751189,85.5,50
1718347751708,85.45,25
1718347752160,85.4,25
1718347752641,85.5,25
1718347752641,85.5,25
1718347753842,85.35,25
1718347754158,85.35,25
1718347754415,85.4,25
1718347755224,85.4,50
1718347755754,85.4,25
1718347755754,85.4,25
1718347756612,85.15,25
1718347756612,85.15,25
1718347757155,85.3,50
1718347758143,85.35,25
1718347759051,85.0,25
1718347759232,85.15,50
1718347759232,85.15,50
1718347760147,85.2,50
1718347760485,85.05,100
1718347761169,85.1,25
1718347761700,84.95,25
1718347761700,84.95,25
1718347762625,85.1,25
1718347762625,85.1,25
1718347763888,85.2,25
1718347763888,85.2,25
1718347764440,85.0,25
1718347764440,85.0,25
1718347765643,84.8,75
1718347766224,85.1,25
1718347766641,84.85,50
1718347766641,84.85,50
1718347766641,84.85,50
1718347768052,84.9,25
1718347768896,84.9,25
1718347768896,84.9,25
1718347768896,84.9,25
1718347770431,84.75,25
1718347771178,84.55,25
1718347771628,84.55,25
1718347771628,84.55,25
1718347772601,84.7,25
1718347772908,84.7,75
1718347772908,84.7,75
1718347773994,84.7,25
1718347774478,84.75,125
1718347775203,84.75,25
1718347775558,84.5,25
1718347775558,84.5,25
1718347776873,84.7,25
1718347776873,84.7,25
1718347778111,84.65,25
1718347778194,84.7,25
1718347778878,84.6,25
1718347779202,84.7,50
1718347779809,84.65,25
1718347779809,84.65,25
1718347779809,84.65,25
1718347779809,84.65,25
1718347782210,84.7,50
1718347782683,84.7,50
1718347782683,84.7,50
1718347783678,84.6,25
1718347784014,84.75,50
1718347784896,84.2,25
1718347785220,84.3,25
1718347785690,84.35,25
1718347786109,84.4,25
1718347786577,84.45,50
1718347787128,84.7,25
1718347787447,84.45,25
1718347787883,84.5,25
1718347788779,84.7,25
1718347789098,84.8,25
1718347789733,84.8,25
1718347789733,84.8,25
1718347790868,84.8,25
1718347791196,84.8,75
1718347791670,84.6,25
1718347791670,84.6,25
1718347792389,84.65,25
1718347792389,84.65,25
1718347793940,84.7,75
1718347794105,84.6,25
1718347794896,84.8,25
1718347795064,84.7,50
1718347796002,84.9,25
1718347796002,84.9,25
1718347796761,84.7,25
1718347797069,84.85,50
1718347798094,84.8,50
1718347798094,84.8,50
1718347798094,84.8,50
1718347799532,84.5,125
1718347800161,84.65,25
1718347800231,84.55,50
1718347800231,84.55,50
1718347800769,84.55,25
1718347801262,84.2,75
1718347802221,83.8,50
1718347802221,83.8,50
1718347803244,84.1,25
1718347803340,84.1,50
1718347803766,83.8,25
1718347803766,83.8,25
1718347805155,83.5,125
1718347805155,83.5,125
1718347805930,83.25,50
1718347806249,83.45,25
1718347806626,83.5,25
1718347806626,83.5,25
1718347807877,83.5,50
1718347808221,83.65,50
1718347809160,83.6,25
1718347809216,83.75,75
1718347809899,83.7,75
1718347810186,83.55,50
1718347811234,83.55,25
1718347811956,83.15,25
1718347811956,83.15,25
1718347812881,84.0,25
1718347813116,83.75,25
1718347813963,83.75,25
1718347814280,83.6,25
1718347814734,83.7,25
1718347815247,83.65,25
1718347816139,83.4,75
1718347816139,83.4,75
1718347817240,83.25,50
1718347818168,83.25,75
1718347818342,83.2,25
1718347818895,83.2,25
1718347819176,83.05,50
1718347819895,83.25,25
1718347820105,83.35,25
1718347820836,83.05,25
1718347821214,83.1,50
1718347821888,83.35,25
1718347822222,83.2,75
1718347822761,83.2,25
1718347823265,83.4,225
1718347823924,83.4,250
1718347824230,83.4,25
1718347825039,83.35,25
1718347825207,83.35,25
1718347826271,83.4,25
1718347827112,83.05,25
1718347827273,83.1,25
1718347827764,83.2,25
1718347828211,83.25,25
1718347828962,83.2,25
1718347829215,83.25,25
1718347829987,83.0,25
1718347829987,83.0,25
1718347830938,83.0,100
1718347831096,82.9,25
1718347832162,82.85,175
1718347833269,82.9,50
1718347834202,82.95,25
1718347834381,82.75,175
1718347834987,82.95,25
1718347835211,82.95,25
1718347836253,82.95,25
1718347836696,82.95,25
1718347836696,82.95,25
1718347838222,82.9,25
1718347839241,82.75,125
1718347839367,82.55,25
1718347840020,82.6,25
1718347840284,82.5,50
1718347841007,82.4,75
1718347841234,82.1,75
1718347841976,81.4,25
1718347842330,81.55,25
1718347843263,82.25,200
1718347844277,82.2,25
1718347845135,82.2,100
1718347845409,82.2,25
1718347846021,81.9,200
1718347846267,81.85,50
1718347847188,81.95,25
1718347848010,82.2,250
1718347848284,82.25,50
1718347848939,82.55,50
1718347849229,82.45,50
1718347850191,82.1,50
1718347851261,82.25,25
1718347851618,82.3,100
1718347851618,82.3,100
1718347853387,82.25,25
1718347854018,82.25,25
1718347854164,82.2,100
1718347855029,82.55,25
1718347855199,82.5,25
1718347855923,82.7,25
1718347856199,82.7,250
1718347857163,82.35,25
1718347858212,82.65,25
1718347858212,82.65,25
1718347858797,82.55,25
1718347859105,82.7,100
1718347860023,82.6,25
1718347860023,82.6,25
1718347860233,82.5,25
1718347861235,82.8,25
1718347862175,82.7,325
1718347862175,82.7,325
1718347863232,82.15,25
1718347863437,82.1,25
1718347864022,82.0,25
1718347864252,82.3,25
1718347865147,82.35,25
1718347865279,82.4,25
1718347865754,82.2,25
1718347866219,82.4,25
1718347866497,82.25,25
1718347867184,82.05,25
1718347868167,82.1,50
1718347868167,82.1,50
1718347869291,82.65,50
1718347869434,82.6,25
1718347870266,82.7,150
1718347870385,82.45,125
1718347870932,82.65,75
1718347871196,82.7,25
1718347871963,82.45,25
1718347872073,82.55,25
1718347872880,82.8,175
1718347873024,82.85,25
1718347873877,82.75,25
1718347874286,82.8,25
1718347875207,82.75,125
1718347875896,83.0,300
1718347876157,83.05,150
1718347876746,83.6,100
1718347877284,83.75,25
1718347878255,83.65,25
1718347879306,83.45,75
1718347880190,83.65,125
1718347880474,83.6,200
1718347880828,83.3,25
1718347880828,83.3,25
1718347881993,83.1,25
1718347882139,83.15,50
1718347883252,82.85,25
1718347883315,82.65,25
1718347883915,82.35,100
1718347884469,82.3,25
1718347885006,82.15,50
1718347885297,81.75,225
1718347885698,81.9,75
1718347886266,82.1,50
1718347887130,82.35,25
1718347888183,82.35,50
1718347888849,82.6,25
1718347889438,82.9,250
1718347890125,82.65,25
1718347890277,82.7,100
1718347891078,83.4,75
1718347891202,83.25,50
1718347891855,83.25,50
1718347892289,83.05,125
1718347893103,83.25,25
1718347893209,83.4,175
1718347894295,83.3,25
1718347895270,83.2,25
1718347896002,82.85,100
1718347896002,82.85,100
1718347896927,82.8,25
1718347897250,82.65,25
1718347897905,82.75,25
1718347898236,82.6,100
1718347899063,82.35,25
1718347900068,82.3,25
1718347900893,82.25,25
1718347902075,81.95,50
1718347902460,82.0,25
1718347902651,82.0,1025
1718347903239,82.05,25
1718347903691,82.35,25
1718347904323,82.2,25
1718347904871,82.35,25
1718347905302,82.2,75
1718347906282,82.35,25
1718347907163,82.15,125
1718347907838,82.35,25
1718347909269,82.2,25
1718347910294,82.25,75
1718347910294,82.25,75
1718347910832,82.4,25
1718347911204,82.4,25
1718347911604,82.45,125
1718347911604,82.45,125
1718347912982,82.3,25
1718347913226,82.1,100
1718347914180,82.35,125
1718347915313,82.0,25
1718347916303,81.95,50
1718347916749,82.15,25
1718347916749,82.15,25
1718347918193,82.15,25
1718347918329,82.25,25
1718347919126,82.15,100
1718347919269,82.1,25
1718347920163,81.9,25
1718347920301,81.75,25
1718347921343,81.35,50
1718347922094,81.35,25
1718347922252,81.3,50
1718347923142,80.95,100
1718347923265,80.65,75
1718347923949,80.7,50
1718347924272,80.75,50
1718347925104,80.6,25
1718347925315,80.4,75
1718347926305,80.55,25
1718347927180,80.5,25
1718347927180,80.5,25
1718347928088,80.3,25
1718347928272,80.35,25
1718347929050,80.5,25
1718347929271,80.4,25
1718347930326,80.2,25
1718347931348,81.0,25
1718347932069,80.85,25
1718347932453,80.9,25
1718347932453,80.9,25
1718347933301,80.7,25
1718347934084,80.6,25
1718347934275,80.4,25
1718347935294,80.35,25
1718347935294,80.35,25
1718347936303,80.3,25
1718347937351,80.65,50
1718347938291,80.45,25
1718347938549,80.45,25
1718347938768,80.6,25
1718347939260,80.7,25
1718347940234,80.5,75
1718347941287,80.55,25
1718347941383,80.5,25
1718347942086,80.5,25
1718347943158,80.6,25
1718347943520,80.8,25
1718347944131,80.65,50
1718347944187,80.45,150
1718347945105,80.0,25
1718347945330,80.1,25
1718347946352,80.7,25
1718347946726,80.65,25
1718347948340,80.6,100
1718347949280,80.8,25
1718347949939,81.0,550
1718347950300,80.75,25
1718347950573,80.75,25
1718347951180,80.45,75
1718347951326,80.55,25
1718347952132,80.55,50
1718347952132,80.55,50
1718347953078,80.4,125
1718347953242,80.4,25
1718347954184,80.5,25
1718347954184,80.5,25
1718347955356,80.15,25
1718347956315,80.3,25
1718347956580,80.35,50
1718347956979,80.25,50
1718347957348,80.05,25
1718347958192,79.5,100
1718347958329,79.75,25
1718347959367,79.55,100
1718347960308,78.7,25
1718347960802,79.2,375
1718347961349,79.25,25
1718347961594,79.0,25
1718347962300,78.85,25
1718347962501,78.95,50
1718347963182,78.8,25
1718347963350,78.9,25
1718347964215,79.1,100
1718347964347,79.25,25
1718347965204,79.25,25
1718347965251,79.3,175
1718347966363,78.95,25
1718347966363,78.95,25
1718347967127,79.15,25
1718347967127,79.15,25
1718347968113,79.3,25
1718347968268,79.35,75
1718347969285,79.3,25
1718347969285,79.3,25
1718347970154,79.2,25
1718347971201,78.65,25
1718347971347,79.35,75
1718347972296,79.55,25
1718347972296,79.55,25
1718347973142,79.4,25
1718347973364,79.4,50
1718347973849,79.7,175
1718347975303,79.2,25
1718347975480,79.25,25
1718347976141,79.2,25
1718347976141,79.2,25
1718347977188,79.8,75
1718347977188,79.8,75
1718347978235,79.65,25
1718347978235,79.65,25
1718347979338,79.5,350
1718347979623,80.0,25
1718347980094,79.85,50
1718347980343,79.75,50
1718347981213,79.7,25
1718347981619,79.7,25
1718347981708,79.75,25
1718347981708,79.75,25
1718347983319,79.55,50
1718347983564,79.65,25
1718347984190,79.75,25
1718347984453,79.5,75
1718347985186,79.5,25
1718347985614,79.6,150
1718347986240,79.4,75
1718347986298,79.55,50
1718347987187,79.65,75
1718347987402,79.6,25
1718347988218,79.75,25
1718347988442,79.85,25
1718347989367,80.25,25
1718347989367,80.25,25
1718347990283,80.2,25
1718347991361,80.1,50
1718347991588,80.2,25
1718347992194,80.2,50
1718347992594,80.2,50
1718347993318,80.5,125
1718347993411,80.35,25
1718347994235,80.0,175
1718347994351,80.05,25
1718347995363,80.5,250
1718347996341,80.8,25
1718347996444,81.0,50
1718347997356,80.9,25
1718347997551,80.85,100
1718347997850,81.15,25
1718347998306,81.15,25
1718347999115,81.2,25
