time,ltp,volume
2024-06-21 14:27:31.419,138.7,50
2024-06-21 14:27:32.223,140.65,100
2024-06-21 14:27:32.254,140.45,50
2024-06-21 14:27:33.326,141.45,25
2024-06-21 14:27:33.326,141.45,25
2024-06-21 14:27:34.419,142.4,25
2024-06-21 14:27:34.642,143.25,75
2024-06-21 14:27:35.428,143.0,50
2024-06-21 14:27:35.626,144.0,150
2024-06-21 14:27:36.636,143.2,25
2024-06-21 14:27:36.806,143.8,125
2024-06-21 14:27:37.256,144.0,25
2024-06-21 14:27:37.799,144.0,25
2024-06-21 14:27:38.349,144.0,50
2024-06-21 14:27:39.044,146.0,25
2024-06-21 14:27:39.383,145.95,75
2024-06-21 14:27:40.050,146.9,75
2024-06-21 14:27:40.438,146.45,25
2024-06-21 14:27:41.217,146.75,25
2024-06-21 14:27:41.625,146.25,50
2024-06-21 14:27:42.036,145.95,250
2024-06-21 14:27:42.259,145.45,50
2024-06-21 14:27:43.085,145.55,25
2024-06-21 14:27:43.321,145.2,50
2024-06-21 14:27:44.221,145.4,150
2024-06-21 14:27:44.428,144.65,25
2024-06-21 14:27:44.613,144.7,25
2024-06-21 14:27:45.428,144.5,25
2024-06-21 14:27:45.645,143.95,25
2024-06-21 14:27:46.426,142.75,50
2024-06-21 14:27:46.641,143.05,150
2024-06-21 14:27:47.245,144.3,25
2024-06-21 14:27:47.245,144.3,25
2024-06-21 14:27:48.151,144.45,25
2024-06-21 14:27:49.417,145.25,50
2024-06-21 14:27:49.639,144.8,50
2024-06-21 14:27:50.424,145.2,125
2024-06-21 14:27:51.021,144.05,125
2024-06-21 14:27:51.424,144.2,25
2024-06-21 14:27:51.638,144.65,125
2024-06-21 14:27:52.285,143.85,25
2024-06-21 14:27:52.285,143.85,25
2024-06-21 14:27:53.290,143.75,25
2024-06-21 14:27:54.259,142.8,75
2024-06-21 14:27:54.415,143.55,25
2024-06-21 14:27:55.198,143.05,25
2024-06-21 14:27:55.618,143.05,50
2024-06-21 14:27:56.232,143.65,100
2024-06-21 14:27:56.428,143.45,25
2024-06-21 14:27:56.638,143.35,25
2024-06-21 14:27:57.287,143.55,150
2024-06-21 14:27:57.582,143.8,25
2024-06-21 14:27:58.424,144.3,25
2024-06-21 14:27:58.866,143.6,25
2024-06-21 14:27:59.430,144.1,50
2024-06-21 14:28:00.021,144.25,250
2024-06-21 14:28:00.303,144.55,25
2024-06-21 14:28:00.612,145.1,25
2024-06-21 14:28:01.275,144.65,100
2024-06-21 14:28:01.358,144.7,50
2024-06-21 14:28:02.252,145.5,50
2024-06-21 14:28:02.252,145.5,50
2024-06-21 14:28:03.152,146.1,25
2024-06-21 14:28:03.682,145.7,50
2024-06-21 14:28:04.646,145.1,150
2024-06-21 14:28:04.869,145.05,25
2024-06-21 14:28:05.448,145.15,25
2024-06-21 14:28:05.853,144.25,25
2024-06-21 14:28:06.423,144.5,25
2024-06-21 14:28:07.073,144.5,25
2024-06-21 14:28:07.261,144.4,25
2024-06-21 14:28:08.016,144.85,25
2024-06-21 14:28:08.313,145.1,75
2024-06-21 14:28:09.265,146.05,25
2024-06-21 14:28:09.431,146.3,25
2024-06-21 14:28:10.437,147.5,50
2024-06-21 14:28:10.656,146.9,50
2024-06-21 14:28:11.451,146.45,150
2024-06-21 14:28:11.814,146.7,25
2024-06-21 14:28:12.224,147.25,25
2024-06-21 14:28:12.877,147.35,50
2024-06-21 14:28:13.447,146.3,25
2024-06-21 14:28:13.687,146.4,75
2024-06-21 14:28:14.639,145.85,50
2024-06-21 14:28:14.696,145.75,25
2024-06-21 14:28:15.458,144.5,100
2024-06-21 14:28:15.853,144.0,25
2024-06-21 14:28:16.432,143.75,25
2024-06-21 14:28:16.877,143.8,25
2024-06-21 14:28:17.242,143.9,25
2024-06-21 14:28:17.787,144.5,100
2024-06-21 14:28:18.500,144.6,50
2024-06-21 14:28:18.659,144.6,25
2024-06-21 14:28:19.450,145.6,25
2024-06-21 14:28:19.703,145.3,75
2024-06-21 14:28:20.456,145.6,50
2024-06-21 14:28:21.090,146.1,125
2024-06-21 14:28:21.460,146.05,50
2024-06-21 14:28:22.262,145.75,75
2024-06-21 14:28:22.262,145.75,75
2024-06-21 14:28:22.471,146.05,225
2024-06-21 14:28:23.546,145.0,25
2024-06-21 14:28:24.282,144.85,25
2024-06-21 14:28:24.404,144.8,200
2024-06-21 14:28:25.434,143.45,75
2024-06-21 14:28:25.434,143.45,75
2024-06-21 14:28:25.856,143.85,25
2024-06-21 14:28:26.628,144.2,25
2024-06-21 14:28:26.628,144.2,25
2024-06-21 14:28:27.242,144.5,25
2024-06-21 14:28:27.242,144.5,25
2024-06-21 14:28:28.241,144.3,150
2024-06-21 14:28:28.719,144.45,25
2024-06-21 14:28:29.424,145.0,25
2024-06-21 14:28:29.663,144.8,25
2024-06-21 14:28:30.253,145.85,25
2024-06-21 14:28:30.464,146.6,50
2024-06-21 14:28:30.715,147.4,25
2024-06-21 14:28:31.635,147.65,25
2024-06-21 14:28:32.095,147.25,25
2024-06-21 14:28:32.259,147.35,25
2024-06-21 14:28:32.968,148.2,100
2024-06-21 14:28:33.003,148.45,75
2024-06-21 14:28:34.097,147.75,100
2024-06-21 14:28:34.465,148.05,25
2024-06-21 14:28:35.308,148.85,25
2024-06-21 14:28:35.442,149.55,25
2024-06-21 14:28:36.318,149.05,50
2024-06-21 14:28:36.663,149.05,300
2024-06-21 14:28:37.241,148.85,25
2024-06-21 14:28:37.241,148.85,25
2024-06-21 14:28:38.506,148.95,25
2024-06-21 14:28:39.507,149.1,50
2024-06-21 14:28:39.655,148.4,25
2024-06-21 14:28:40.710,147.35,25
2024-06-21 14:28:41.110,147.0,25
2024-06-21 14:28:41.462,146.6,50
2024-06-21 14:28:41.662,146.55,25
2024-06-21 14:28:42.261,147.3,25
2024-06-21 14:28:42.906,147.7,125
2024-06-21 14:28:43.667,148.85,50
2024-06-21 14:28:44.111,149.25,25
2024-06-21 14:28:44.441,148.8,25
2024-06-21 14:28:45.321,148.9,50
2024-06-21 14:28:45.458,148.45,100
2024-06-21 14:28:46.453,148.35,25
2024-06-21 14:28:47.135,148.5,50
2024-06-21 14:28:47.234,148.65,75
2024-06-21 14:28:47.991,149.0,25
2024-06-21 14:28:48.463,149.4,150
2024-06-21 14:28:49.347,149.5,25
2024-06-21 14:28:49.663,150.0,50
2024-06-21 14:28:50.356,150.3,25
2024-06-21 14:28:50.482,150.75,75
2024-06-21 14:28:50.933,150.25,200
2024-06-21 14:28:51.662,151.75,50
2024-06-21 14:28:51.944,151.0,75
2024-06-21 14:28:52.249,150.8,25
2024-06-21 14:28:52.263,150.25,25
2024-06-21 14:28:53.453,150.7,400
2024-06-21 14:28:54.144,151.25,50
2024-06-21 14:28:54.480,151.1,125
2024-06-21 14:28:55.115,150.5,75
2024-06-21 14:28:55.483,149.7,150
2024-06-21 14:28:56.343,149.35,75
2024-06-21 14:28:56.689,149.6,25
2024-06-21 14:28:57.238,149.0,25
2024-06-21 14:28:57.238,149.0,25
2024-06-21 14:28:58.231,148.65,150
2024-06-21 14:28:58.525,148.95,125
2024-06-21 14:28:58.959,149.5,25
2024-06-21 14:28:59.461,150.9,25
2024-06-21 14:28:59.951,151.3,75
2024-06-21 14:29:00.302,151.2,50
2024-06-21 14:29:00.458,151.2,50
2024-06-21 14:29:01.154,150.2,25
2024-06-21 14:29:01.681,150.8,25
2024-06-21 14:29:02.229,150.35,25
2024-06-21 14:29:02.478,149.6,75
2024-06-21 14:29:03.235,150.2,25
2024-06-21 14:29:03.460,150.0,25
2024-06-21 14:29:04.564,151.3,25
2024-06-21 14:29:04.766,151.2,275
2024-06-21 14:29:05.433,151.25,25
2024-06-21 14:29:05.733,151.6,125
2024-06-21 14:29:06.464,151.35,25
2024-06-21 14:29:06.749,151.35,50
2024-06-21 14:29:07.578,150.8,25
2024-06-21 14:29:08.381,152.0,75
2024-06-21 14:29:08.790,153.45,25
2024-06-21 14:29:09.412,152.9,25
2024-06-21 14:29:09.980,153.6,75
2024-06-21 14:29:10.686,154.9,100
2024-06-21 14:29:11.174,155.95,50
2024-06-21 14:29:11.512,156.3,25
2024-06-21 14:29:12.190,157.55,25
2024-06-21 14:29:12.242,157.4,25
2024-06-21 14:29:13.493,157.1,50
2024-06-21 14:29:14.484,158.85,75
2024-06-21 14:29:14.603,158.45,25
2024-06-21 14:29:15.490,158.2,75
2024-06-21 14:29:15.789,157.45,25
2024-06-21 14:29:16.483,155.85,25
2024-06-21 14:29:16.786,155.45,50
2024-06-21 14:29:17.456,155.55,75
2024-06-21 14:29:17.920,155.65,25
2024-06-21 14:29:18.356,155.75,50
2024-06-21 14:29:18.963,155.55,375
2024-06-21 14:29:19.458,156.25,25
2024-06-21 14:29:20.016,157.0,50
2024-06-21 14:29:20.674,156.7,150
2024-06-21 14:29:21.186,158.1,75
2024-06-21 14:29:21.465,158.95,25
2024-06-21 14:29:22.493,158.45,25
2024-06-21 14:29:23.379,157.05,25
2024-06-21 14:29:23.698,157.35,25
2024-06-21 14:29:24.375,156.85,75
2024-06-21 14:29:24.506,157.0,125
2024-06-21 14:29:25.613,156.7,25
2024-06-21 14:29:25.688,157.25,50
2024-06-21 14:29:26.003,156.95,25
2024-06-21 14:29:26.478,157.4,25
2024-06-21 14:29:27.184,156.85,25
2024-06-21 14:29:27.462,155.8,25
2024-06-21 14:29:28.155,155.25,25
2024-06-21 14:29:28.405,155.0,25
2024-06-21 14:29:29.466,155.05,25
2024-06-21 14:29:30.321,155.2,25
2024-06-21 14:29:30.487,155.05,300
2024-06-21 14:29:30.537,154.8,25
2024-06-21 14:29:30.792,154.6,25
2024-06-21 14:29:31.649,155.1,25
2024-06-21 14:29:31.777,155.2,75
2024-06-21 14:29:32.247,156.6,25
2024-06-21 14:29:32.738,157.4,25
2024-06-21 14:29:33.440,157.85,25
2024-06-21 14:29:33.791,157.45,50
2024-06-21 14:29:34.495,156.3,25
2024-06-21 14:29:34.814,156.8,250
2024-06-21 14:29:35.694,155.75,125
2024-06-21 14:29:36.005,155.95,25
2024-06-21 14:29:36.474,156.65,50
2024-06-21 14:29:37.021,156.75,25
2024-06-21 14:29:37.487,156.25,50
2024-06-21 14:29:37.974,155.7,75
2024-06-21 14:29:38.480,155.45,75
2024-06-21 14:29:39.193,155.05,125
2024-06-21 14:29:39.493,154.0,25
2024-06-21 14:29:40.616,155.0,50
2024-06-21 14:29:40.688,154.8,25
2024-06-21 14:29:41.484,154.65,125
2024-06-21 14:29:42.372,155.15,25
2024-06-21 14:29:42.372,155.15,25
2024-06-21 14:29:43.008,156.7,200
2024-06-21 14:29:43.656,155.9,75
2024-06-21 14:29:44.027,156.05,400
2024-06-21 14:29:44.508,155.5,100
2024-06-21 14:29:45.032,155.55,25
2024-06-21 14:29:45.713,156.45,75
2024-06-21 14:29:46.207,156.05,50
2024-06-21 14:29:46.462,156.8,25
2024-06-21 14:29:47.218,158.75,25
2024-06-21 14:29:47.345,158.75,100
2024-06-21 14:29:48.295,158.2,75
2024-06-21 14:29:48.718,158.6,25
2024-06-21 14:29:49.412,158.05,100
2024-06-21 14:29:49.500,157.9,25
2024-06-21 14:29:50.483,158.2,25
2024-06-21 14:29:51.497,157.85,50
2024-06-21 14:29:51.608,157.7,75
2024-06-21 14:29:51.849,158.8,25
2024-06-21 14:29:52.263,159.6,25
2024-06-21 14:29:52.697,160.5,25
2024-06-21 14:29:53.514,158.7,25
2024-06-21 14:29:54.027,158.6,25
2024-06-21 14:29:54.416,158.95,50
2024-06-21 14:29:55.038,158.0,25
2024-06-21 14:29:55.486,157.95,75
2024-06-21 14:29:56.249,157.85,100
2024-06-21 14:29:56.710,158.4,100
2024-06-21 14:29:57.245,158.2,50
2024-06-21 14:29:57.491,158.45,25
2024-06-21 14:29:58.440,159.3,25
2024-06-21 14:29:58.516,158.9,50
2024-06-21 14:29:59.435,158.75,75
2024-06-21 14:29:59.710,159.25,25
2024-06-21 14:30:00.300,159.95,25
2024-06-21 14:30:00.486,160.25,75
2024-06-21 14:30:00.632,160.75,50
2024-06-21 14:30:00.852,160.75,75
2024-06-21 14:30:01.524,159.1,100
2024-06-21 14:30:02.066,158.55,25
2024-06-21 14:30:02.645,158.6,50
2024-06-21 14:30:03.183,158.35,25
2024-06-21 14:30:03.183,158.35,25
2024-06-21 14:30:04.247,158.95,75
2024-06-21 14:30:04.519,158.75,50
2024-06-21 14:30:05.470,160.35,375
2024-06-21 14:30:05.641,159.65,75
2024-06-21 14:30:06.518,159.15,50
2024-06-21 14:30:06.653,158.7,25
2024-06-21 14:30:06.832,158.6,100
2024-06-21 14:30:07.512,158.7,25
2024-06-21 14:30:07.978,158.2,25
2024-06-21 14:30:08.513,158.1,25
2024-06-21 14:30:09.047,157.95,25
2024-06-21 14:30:09.720,156.2,50
2024-06-21 14:30:10.237,156.0,100
2024-06-21 14:30:10.503,155.45,25
2024-06-21 14:30:11.496,152.5,25
2024-06-21 14:30:12.553,153.4,100
2024-06-21 14:30:12.553,153.4,100
2024-06-21 14:30:13.533,152.75,25
2024-06-21 14:30:13.657,152.85,25
2024-06-21 14:30:13.657,152.85,25
2024-06-21 14:30:14.743,152.05,150
2024-06-21 14:30:15.067,152.15,25
2024-06-21 14:30:15.518,152.3,75
2024-06-21 14:30:16.267,153.05,25
2024-06-21 14:30:16.531,152.85,25
2024-06-21 14:30:17.231,151.7,75
2024-06-21 14:30:17.462,151.4,75
2024-06-21 14:30:17.691,150.6,25
2024-06-21 14:30:17.731,150.45,100
2024-06-21 14:30:19.473,150.85,100
2024-06-21 14:30:19.531,150.95,25
2024-06-21 14:30:20.538,149.85,25
2024-06-21 14:30:21.529,148.85,50
2024-06-21 14:30:21.682,148.25,125
2024-06-21 14:30:22.029,148.95,25
2024-06-21 14:30:22.729,150.25,150
2024-06-21 14:30:22.729,150.25,150
2024-06-21 14:30:23.416,150.55,25
2024-06-21 14:30:24.264,151.7,25
2024-06-21 14:30:24.530,151.65,125
2024-06-21 14:30:25.514,152.55,25
2024-06-21 14:30:26.463,151.6,25
2024-06-21 14:30:26.734,151.5,25
2024-06-21 14:30:27.512,151.7,25
2024-06-21 14:30:28.519,152.3,25
2024-06-21 14:30:29.732,151.6,100
2024-06-21 14:30:29.875,151.95,25
2024-06-21 14:30:30.309,151.35,25
2024-06-21 14:30:30.504,151.1,25
2024-06-21 14:30:30.878,150.85,125
2024-06-21 14:30:31.431,149.2,1000
2024-06-21 14:30:31.885,148.75,50
2024-06-21 14:30:32.457,148.4,25
2024-06-21 14:30:32.730,148.45,25
2024-06-21 14:30:33.437,146.0,125
2024-06-21 14:30:33.901,147.25,25
2024-06-21 14:30:34.740,149.35,25
2024-06-21 14:30:35.287,149.0,100
2024-06-21 14:30:35.524,149.05,50
2024-06-21 14:30:36.296,149.6,50
2024-06-21 14:30:36.525,149.95,25
2024-06-21 14:30:37.465,149.7,25
2024-06-21 14:30:37.465,149.7,25
2024-06-21 14:30:38.624,148.75,25
2024-06-21 14:30:38.879,148.65,25
2024-06-21 14:30:39.530,149.95,25
2024-06-21 14:30:40.088,149.85,50
2024-06-21 14:30:40.524,150.05,100
2024-06-21 14:30:41.035,150.3,25
2024-06-21 14:30:41.523,151.05,25
2024-06-21 14:30:42.090,150.7,25
2024-06-21 14:30:42.597,152.5,25
2024-06-21 14:30:43.014,152.6,75
2024-06-21 14:30:43.381,152.0,125
2024-06-21 14:30:44.527,150.8,375
2024-06-21 14:30:45.524,150.7,25
2024-06-21 14:30:46.516,150.25,25
2024-06-21 14:30:47.468,149.65,25
2024-06-21 14:30:47.468,149.65,25
2024-06-21 14:30:47.468,149.65,25
2024-06-21 14:30:48.195,149.75,25
2024-06-21 14:30:48.867,149.4,50
2024-06-21 14:30:49.636,149.4,25
2024-06-21 14:30:49.921,149.0,50
2024-06-21 14:30:50.457,149.15,25
2024-06-21 14:30:51.036,149.05,25
2024-06-21 14:30:51.555,150.0,50
2024-06-21 14:30:52.114,149.65,75
2024-06-21 14:30:52.540,150.0,100
2024-06-21 14:30:53.211,148.5,25
2024-06-21 14:30:53.699,148.5,125
2024-06-21 14:30:54.329,147.9,50
2024-06-21 14:30:54.547,147.55,75
2024-06-21 14:30:55.562,147.3,100
2024-06-21 14:30:56.501,147.85,100
2024-06-21 14:30:56.745,148.9,225
2024-06-21 14:30:57.429,148.25,25
2024-06-21 14:30:57.533,148.45,75
2024-06-21 14:30:57.754,148.0,50
2024-06-21 14:30:58.524,147.9,75
2024-06-21 14:30:58.946,147.55,450
2024-06-21 14:30:59.528,148.5,25
2024-06-21 14:31:00.299,149.0,50
2024-06-21 14:31:00.532,148.9,25
2024-06-21 14:31:01.349,147.35,25
2024-06-21 14:31:01.498,147.3,25
2024-06-21 14:31:02.483,148.15,25
2024-06-21 14:31:03.199,149.1,75
2024-06-21 14:31:03.345,148.95,25
2024-06-21 14:31:04.444,147.25,75
2024-06-21 14:31:05.723,147.05,50
2024-06-21 14:31:06.559,146.05,25
2024-06-21 14:31:06.686,146.15,50
2024-06-21 14:31:07.148,146.3,25
2024-06-21 14:31:07.504,145.7,25
2024-06-21 14:31:07.783,145.8,25
2024-06-21 14:31:08.130,145.2,75
2024-06-21 14:31:08.954,144.2,175
2024-06-21 14:31:09.751,143.6,50
2024-06-21 14:31:10.152,143.65,25
2024-06-21 14:31:10.492,144.1,150
2024-06-21 14:31:11.554,144.8,25
2024-06-21 14:31:11.757,144.8,25
2024-06-21 14:31:12.507,145.75,50
2024-06-21 14:31:13.439,144.55,25
2024-06-21 14:31:14.353,144.3,75
2024-06-21 14:31:14.539,144.1,25
2024-06-21 14:31:15.533,143.45,25
2024-06-21 14:31:15.657,143.05,175
2024-06-21 14:31:16.733,143.0,125
2024-06-21 14:31:17.413,143.95,25
2024-06-21 14:31:18.180,143.25,50
2024-06-21 14:31:18.196,142.8,50
2024-06-21 14:31:19.145,143.3,50
2024-06-21 14:31:19.510,143.5,25
2024-06-21 14:31:20.307,143.25,100
2024-06-21 14:31:20.711,142.85,25
2024-06-21 14:31:21.260,143.7,50
2024-06-21 14:31:21.563,143.75,50
2024-06-21 14:31:22.387,143.2,25
2024-06-21 14:31:23.438,142.95,100
2024-06-21 14:31:23.761,141.7,25
2024-06-21 14:31:24.575,142.7,150
2024-06-21 14:31:25.540,144.25,25
2024-06-21 14:31:25.783,144.55,75
2024-06-21 14:31:26.194,144.6,125
2024-06-21 14:31:26.761,144.05,25
2024-06-21 14:31:27.192,142.55,25
2024-06-21 14:31:27.501,143.8,425
2024-06-21 14:31:28.170,143.65,25
2024-06-21 14:31:28.443,143.0,25
2024-06-21 14:31:29.373,143.05,25
2024-06-21 14:31:29.575,143.2,25
2024-06-21 14:31:30.407,143.25,25
2024-06-21 14:31:30.487,143.4,50
2024-06-21 14:31:31.561,143.2,75
2024-06-21 14:31:32.492,143.0,100
2024-06-21 14:31:32.742,143.45,25
2024-06-21 14:31:33.001,143.55,75
2024-06-21 14:31:33.578,143.15,25
2024-06-21 14:31:34.026,143.25,25
2024-06-21 14:31:34.553,143.25,100
2024-06-21 14:31:35.031,142.7,75
2024-06-21 14:31:35.745,142.15,50
2024-06-21 14:31:36.391,141.6,100
2024-06-21 14:31:36.507,141.55,25
2024-06-21 14:31:37.219,141.35,750
2024-06-21 14:31:37.526,142.15,50
2024-06-21 14:31:38.505,142.8,100
2024-06-21 14:31:39.814,144.35,50
2024-06-21 14:31:40.606,145.0,25
2024-06-21 14:31:41.404,145.1,25
2024-06-21 14:31:41.534,145.2,100
2024-06-21 14:31:42.198,143.6,25
2024-06-21 14:31:42.763,144.45,100
2024-06-21 14:31:43.371,144.2,25
2024-06-21 14:31:43.556,144.15,50
2024-06-21 14:31:44.602,142.75,50
2024-06-21 14:31:45.579,142.45,50
2024-06-21 14:31:45.579,142.45,50
2024-06-21 14:31:46.589,142.85,25
2024-06-21 14:31:47.318,142.6,25
2024-06-21 14:31:48.433,143.15,150
2024-06-21 14:31:48.433,143.15,150
2024-06-21 14:31:49.526,141.75,25
2024-06-21 14:31:49.721,141.55,175
2024-06-21 14:31:50.198,141.6,50
2024-06-21 14:31:50.534,142.0,50
2024-06-21 14:31:51.217,141.85,75
2024-06-21 14:31:51.587,141.9,25
2024-06-21 14:31:52.192,141.3,75
2024-06-21 14:31:52.418,141.55,50
2024-06-21 14:31:53.209,140.75,100
2024-06-21 14:31:53.690,141.3,75
2024-06-21 14:31:54.472,141.85,250
2024-06-21 14:31:55.339,142.2,25
2024-06-21 14:31:55.575,142.25,50
2024-06-21 14:31:56.627,143.35,25
2024-06-21 14:31:57.271,143.2,125
2024-06-21 14:31:57.730,145.35,150
2024-06-21 14:31:58.766,146.3,25
2024-06-21 14:31:58.860,146.3,50
2024-06-21 14:31:59.388,145.65,25
2024-06-21 14:32:00.032,146.95,75
2024-06-21 14:32:00.265,147.35,200
2024-06-21 14:32:00.571,147.35,25
2024-06-21 14:32:01.235,147.6,25
2024-06-21 14:32:01.585,147.55,25
2024-06-21 14:32:02.238,147.6,200
2024-06-21 14:32:02.505,148.65,50
2024-06-21 14:32:03.332,149.0,75
2024-06-21 14:32:03.552,148.9,250
2024-06-21 14:32:04.581,149.15,500
2024-06-21 14:32:04.651,149.4,175
2024-06-21 14:32:05.640,149.45,25
2024-06-21 14:32:06.575,149.2,1125
2024-06-21 14:32:06.644,149.55,25
2024-06-21 14:32:07.770,151.95,50
2024-06-21 14:32:08.154,151.45,50
2024-06-21 14:32:08.459,150.45,100
2024-06-21 14:32:09.233,150.05,25
2024-06-21 14:32:09.549,150.15,1625
2024-06-21 14:32:10.225,150.05,225
2024-06-21 14:32:10.564,150.45,50
2024-06-21 14:32:11.441,149.65,25
2024-06-21 14:32:11.799,148.8,300
2024-06-21 14:32:12.526,149.7,25
2024-06-21 14:32:13.443,149.65,50
2024-06-21 14:32:13.443,149.65,50
2024-06-21 14:32:14.610,148.75,25
2024-06-21 14:32:15.465,148.4,100
2024-06-21 14:32:15.737,148.8,50
2024-06-21 14:32:16.454,148.75,250
2024-06-21 14:32:16.594,148.85,50
2024-06-21 14:32:17.489,148.35,25
2024-06-21 14:32:18.401,148.0,175
2024-06-21 14:32:19.041,148.8,100
2024-06-21 14:32:19.591,149.05,100
2024-06-21 14:32:20.034,149.75,50
2024-06-21 14:32:20.795,150.0,50
2024-06-21 14:32:21.051,149.3,500
2024-06-21 14:32:21.590,149.3,25
2024-06-21 14:32:22.044,150.0,250
2024-06-21 14:32:22.597,150.5,25
2024-06-21 14:32:22.873,150.3,100
2024-06-21 14:32:23.602,149.35,25
2024-06-21 14:32:24.263,148.6,25
2024-06-21 14:32:24.449,148.8,175
2024-06-21 14:32:25.268,148.95,50
2024-06-21 14:32:25.571,149.4,25
2024-06-21 14:32:26.454,148.1,75
2024-06-21 14:32:26.484,148.55,125
2024-06-21 14:32:27.300,150.7,100
2024-06-21 14:32:28.561,149.3,25
2024-06-21 14:32:28.561,149.3,25
2024-06-21 14:32:29.591,148.7,25
2024-06-21 14:32:29.818,148.8,25
2024-06-21 14:32:30.056,148.25,25
2024-06-21 14:32:30.272,148.55,25
2024-06-21 14:32:30.771,149.0,250
2024-06-21 14:32:31.272,150.2,125
2024-06-21 14:32:31.616,149.1,100
2024-06-21 14:32:32.132,149.05,25
2024-06-21 14:32:32.499,149.0,25
2024-06-21 14:32:33.209,149.25,50
2024-06-21 14:32:33.452,148.9,25
2024-06-21 14:32:34.198,148.35,25
2024-06-21 14:32:34.586,148.3,25
2024-06-21 14:32:35.573,148.15,25
2024-06-21 14:32:35.573,148.15,25
2024-06-21 14:32:36.874,146.75,25
2024-06-21 14:32:37.009,146.75,150
2024-06-21 14:32:37.460,146.25,25
2024-06-21 14:32:37.718,146.45,50
2024-06-21 14:32:38.455,146.25,25
2024-06-21 14:32:39.469,146.8,25
2024-06-21 14:32:39.592,146.4,75
2024-06-21 14:32:40.345,147.3,50
2024-06-21 14:32:40.780,147.4,150
2024-06-21 14:32:41.560,147.25,25
2024-06-21 14:32:41.672,147.25,25
2024-06-21 14:32:42.538,147.4,75
2024-06-21 14:32:42.796,147.85,50
2024-06-21 14:32:43.238,148.2,100
2024-06-21 14:32:43.238,148.2,100
2024-06-21 14:32:44.285,147.0,25
2024-06-21 14:32:44.520,146.8,25
2024-06-21 14:32:45.295,146.0,25
2024-06-21 14:32:45.506,146.4,50
2024-06-21 14:32:46.262,148.15,25
2024-06-21 14:32:46.616,148.25,50
2024-06-21 14:32:47.166,148.1,75
2024-06-21 14:32:47.602,148.25,25
2024-06-21 14:32:47.912,148.15,275
2024-06-21 14:32:48.246,148.45,100
2024-06-21 14:32:49.103,148.8,50
2024-06-21 14:32:49.561,150.0,25
2024-06-21 14:32:49.916,149.35,25
2024-06-21 14:32:50.463,149.85,175
2024-06-21 14:32:51.114,150.3,300
2024-06-21 14:32:51.830,150.15,25
2024-06-21 14:32:52.262,148.9,25
2024-06-21 14:32:52.481,149.05,125
2024-06-21 14:32:53.243,149.65,25
2024-06-21 14:32:53.615,150.15,75
2024-06-21 14:32:54.693,150.05,50
2024-06-21 14:32:55.624,150.4,75
2024-06-21 14:32:55.702,150.3,50
2024-06-21 14:32:56.511,149.75,25
2024-06-21 14:32:56.707,149.95,25
2024-06-21 14:32:57.514,149.35,50
2024-06-21 14:32:57.707,149.6,25
2024-06-21 14:32:57.707,149.6,25
2024-06-21 14:32:58.424,149.35,50
2024-06-21 14:32:59.107,149.75,25
2024-06-21 14:32:59.609,150.1,25
2024-06-21 14:33:00.288,150.1,125
2024-06-21 14:33:00.506,150.65,50
2024-06-21 14:33:01.493,150.2,50
2024-06-21 14:33:02.491,149.8,50
2024-06-21 14:33:02.701,149.3,50
2024-06-21 14:33:03.694,149.95,125
2024-06-21 14:33:04.618,149.35,150
2024-06-21 14:33:04.705,149.4,25
2024-06-21 14:33:05.623,148.9,125
2024-06-21 14:33:05.796,148.65,25
2024-06-21 14:33:06.042,149.35,50
2024-06-21 14:33:06.631,149.45,25
2024-06-21 14:33:07.124,149.75,100
2024-06-21 14:33:07.124,149.75,100
2024-06-21 14:33:08.460,150.8,100
2024-06-21 14:33:09.520,150.55,75
2024-06-21 14:33:09.593,150.3,25
2024-06-21 14:33:10.798,152.0,100
2024-06-21 14:33:10.925,152.45,125
2024-06-21 14:33:11.629,151.8,25
2024-06-21 14:33:11.937,151.4,25
2024-06-21 14:33:12.485,151.95,25
2024-06-21 14:33:12.770,151.95,75
2024-06-21 14:33:13.338,152.4,50
2024-06-21 14:33:13.626,152.65,25
2024-06-21 14:33:14.615,153.7,1000
2024-06-21 14:33:15.837,154.4,25
2024-06-21 14:33:15.926,154.5,50
2024-06-21 14:33:16.633,153.35,50
2024-06-21 14:33:16.765,153.75,25
2024-06-21 14:33:17.276,152.9,100
2024-06-21 14:33:17.725,153.15,25
2024-06-21 14:33:17.725,153.15,25
2024-06-21 14:33:18.579,152.6,25
2024-06-21 14:33:19.314,152.6,25
2024-06-21 14:33:19.622,151.75,25
2024-06-21 14:33:20.335,151.3,25
2024-06-21 14:33:20.638,151.0,25
2024-06-21 14:33:21.347,151.3,25
2024-06-21 14:33:21.640,150.55,25
2024-06-21 14:33:22.235,150.2,25
2024-06-21 14:33:22.552,150.5,25
2024-06-21 14:33:23.626,151.2,50
2024-06-21 14:33:23.626,151.2,50
2024-06-21 14:33:24.610,151.65,25
2024-06-21 14:33:24.929,151.95,25
2024-06-21 14:33:25.131,151.5,100
2024-06-21 14:33:25.595,151.8,150
2024-06-21 14:33:26.153,151.25,150
2024-06-21 14:33:26.612,151.4,25
2024-06-21 14:33:27.170,150.6,50
2024-06-21 14:33:27.462,150.6,75
2024-06-21 14:33:28.299,151.2,125
2024-06-21 14:33:28.637,150.45,50
2024-06-21 14:33:29.363,150.55,100
2024-06-21 14:33:29.539,150.5,25
2024-06-21 14:33:30.269,149.75,50
2024-06-21 14:33:30.269,149.75,50
2024-06-21 14:33:30.616,150.25,25
2024-06-21 14:33:31.563,150.4,250
2024-06-21 14:33:31.605,150.4,375
2024-06-21 14:33:32.459,149.6,50
2024-06-21 14:33:33.839,151.6,25
2024-06-21 14:33:34.612,151.35,175
2024-06-21 14:33:34.773,151.3,100
2024-06-21 14:33:35.628,150.95,25
2024-06-21 14:33:35.744,151.15,150
2024-06-21 14:33:36.413,151.3,25
2024-06-21 14:33:36.767,151.35,75
2024-06-21 14:33:37.661,150.8,25
2024-06-21 14:33:38.339,151.3,25
2024-06-21 14:33:38.640,150.5,50
2024-06-21 14:33:39.587,152.65,50
2024-06-21 14:33:39.645,152.75,150
2024-06-21 14:33:40.771,152.3,25
2024-06-21 14:33:41.603,151.6,25
2024-06-21 14:33:41.920,150.85,25
2024-06-21 14:33:42.122,151.1,100
2024-06-21 14:33:42.551,151.15,75
2024-06-21 14:33:43.030,151.55,25
2024-06-21 14:33:43.592,151.7,50
2024-06-21 14:33:44.175,150.95,25
2024-06-21 14:33:44.663,151.35,100
2024-06-21 14:33:45.385,151.05,475
2024-06-21 14:33:45.654,150.95,50
2024-06-21 14:33:46.375,151.25,25
2024-06-21 14:33:46.612,151.3,50
2024-06-21 14:33:47.744,151.1,25
2024-06-21 14:33:47.744,151.1,25
2024-06-21 14:33:48.564,151.35,50
2024-06-21 14:33:48.836,150.9,125
2024-06-21 14:33:49.189,150.75,50
2024-06-21 14:33:49.638,151.2,25
2024-06-21 14:33:50.060,150.7,25
2024-06-21 14:33:50.648,150.45,25
2024-06-21 14:33:50.973,150.8,300
2024-06-21 14:33:51.502,150.4,175
2024-06-21 14:33:52.100,151.3,25
2024-06-21 14:33:52.470,152.0,25
2024-06-21 14:33:52.758,152.85,25
2024-06-21 14:33:53.818,153.2,75
2024-06-21 14:33:54.307,153.05,50
2024-06-21 14:33:54.846,153.8,25
2024-06-21 14:33:55.415,155.1,50
2024-06-21 14:33:55.656,155.65,25
2024-06-21 14:33:56.615,155.3,25
2024-06-21 14:33:57.732,156.6,50
2024-06-21 14:33:58.643,156.2,25
2024-06-21 14:33:58.805,156.1,25
2024-06-21 14:33:59.814,156.65,100
2024-06-21 14:33:59.870,156.65,50
2024-06-21 14:34:00.307,156.5,25
2024-06-21 14:34:00.654,156.55,175
2024-06-21 14:34:00.828,156.45,25
2024-06-21 14:34:01.668,157.0,25
2024-06-21 14:34:01.783,157.0,350
2024-06-21 14:34:02.660,157.1,25
2024-06-21 14:34:02.725,157.5,100
2024-06-21 14:34:03.019,158.45,50
2024-06-21 14:34:03.652,157.4,125
2024-06-21 14:34:04.592,156.55,275
2024-06-21 14:34:04.657,156.7,50
2024-06-21 14:34:05.616,155.65,150
2024-06-21 14:34:05.860,155.85,25
2024-06-21 14:34:06.658,156.8,25
2024-06-21 14:34:07.489,156.0,25
2024-06-21 14:34:07.716,155.85,25
2024-06-21 14:34:08.656,154.7,50
2024-06-21 14:34:08.781,155.1,50
2024-06-21 14:34:09.851,155.8,50
2024-06-21 14:34:10.681,155.75,50
2024-06-21 14:34:11.000,156.2,25
2024-06-21 14:34:11.238,156.0,25
2024-06-21 14:34:11.674,156.1,375
2024-06-21 14:34:12.269,156.15,75
2024-06-21 14:34:12.516,156.0,50
2024-06-21 14:34:13.474,154.8,100
2024-06-21 14:34:13.474,154.8,100
2024-06-21 14:34:14.592,155.3,100
2024-06-21 14:34:15.644,153.95,25
2024-06-21 14:34:16.681,154.45,25
2024-06-21 14:34:16.832,154.15,50
2024-06-21 14:34:17.123,154.25,25
2024-06-21 14:34:17.462,153.5,25
2024-06-21 14:34:18.340,154.05,25
2024-06-21 14:34:18.545,154.45,25
2024-06-21 14:34:19.420,156.0,25
2024-06-21 14:34:19.879,157.05,175
2024-06-21 14:34:20.669,157.25,75
2024-06-21 14:34:21.671,160.55,25
2024-06-21 14:34:22.025,159.9,125
2024-06-21 14:34:22.694,159.4,100
2024-06-21 14:34:22.927,159.3,200
2024-06-21 14:34:23.151,159.5,75
2024-06-21 14:34:23.631,159.55,50
2024-06-21 14:34:24.251,161.0,50
2024-06-21 14:34:24.675,160.7,25
2024-06-21 14:34:25.644,159.75,50
2024-06-21 14:34:25.871,159.55,200
2024-06-21 14:34:26.662,159.3,75
2024-06-21 14:34:27.466,158.85,200
2024-06-21 14:34:27.466,158.85,200
2024-06-21 14:34:27.935,158.05,25
2024-06-21 14:34:28.182,158.4,50
2024-06-21 14:34:29.662,157.9,25
2024-06-21 14:34:29.797,158.45,200
2024-06-21 14:34:30.303,157.65,25
2024-06-21 14:34:30.685,158.3,25
2024-06-21 14:34:31.037,157.95,25
2024-06-21 14:34:31.250,158.05,25
2024-06-21 14:34:31.652,158.7,25
2024-06-21 14:34:32.246,158.2,50
2024-06-21 14:34:32.751,159.0,25
2024-06-21 14:34:33.093,158.7,25
2024-06-21 14:34:33.679,158.9,50
2024-06-21 14:34:34.265,159.05,25
2024-06-21 14:34:34.682,158.95,25
2024-06-21 14:34:35.653,159.55,25
2024-06-21 14:34:35.676,159.85,25
2024-06-21 14:34:36.455,159.35,75
2024-06-21 14:34:36.691,160.0,150
2024-06-21 14:34:37.257,159.25,50
2024-06-21 14:34:37.291,159.1,25
2024-06-21 14:34:38.269,158.65,50
2024-06-21 14:34:38.631,158.4,50
2024-06-21 14:34:39.638,159.5,150
2024-06-21 14:34:40.681,158.35,50
2024-06-21 14:34:41.864,158.45,25
2024-06-21 14:34:42.487,158.45,25
2024-06-21 14:34:42.843,158.65,25
2024-06-21 14:34:43.690,159.55,125
2024-06-21 14:34:44.069,159.65,50
2024-06-21 14:34:44.274,160.15,25
2024-06-21 14:34:44.689,160.85,25
2024-06-21 14:34:45.437,159.65,125
2024-06-21 14:34:45.628,159.5,300
2024-06-21 14:34:46.460,159.2,25
2024-06-21 14:34:46.629,159.85,50
2024-06-21 14:34:47.281,160.6,25
2024-06-21 14:34:47.281,160.6,25
2024-06-21 14:34:48.617,159.75,25
2024-06-21 14:34:48.905,159.4,25
2024-06-21 14:34:49.676,159.6,25
2024-06-21 14:34:49.835,159.8,25
2024-06-21 14:34:50.702,160.15,25
2024-06-21 14:34:50.867,161.5,200
2024-06-21 14:34:51.670,161.95,25
2024-06-21 14:34:52.059,162.7,50
2024-06-21 14:34:52.250,162.55,25
2024-06-21 14:34:52.538,161.95,25
2024-06-21 14:34:53.269,161.7,50
2024-06-21 14:34:53.702,162.0,125
2024-06-21 14:34:54.285,162.3,25
2024-06-21 14:34:54.892,164.65,125
2024-06-21 14:34:55.300,165.35,100
2024-06-21 14:34:55.690,165.3,25
2024-06-21 14:34:56.315,166.55,25
2024-06-21 14:34:56.907,167.0,25
2024-06-21 14:34:57.253,167.45,25
2024-06-21 14:34:57.548,168.15,25
2024-06-21 14:34:58.598,168.4,50
2024-06-21 14:34:59.911,171.35,25
2024-06-21 14:35:00.303,172.0,50
2024-06-21 14:35:00.902,172.1,25
2024-06-21 14:35:01.107,171.2,25
2024-06-21 14:35:01.687,170.35,75
2024-06-21 14:35:02.102,171.2,50
2024-06-21 14:35:02.257,170.0,250
2024-06-21 14:35:02.491,170.7,25
2024-06-21 14:35:03.290,171.2,25
2024-06-21 14:35:03.290,171.2,25
2024-06-21 14:35:04.309,168.8,50
2024-06-21 14:35:04.876,169.4,25
2024-06-21 14:35:05.515,169.3,50
2024-06-21 14:35:05.770,169.05,25
2024-06-21 14:35:06.683,169.15,100
2024-06-21 14:35:07.613,167.25,50
2024-06-21 14:35:07.924,167.15,50
2024-06-21 14:35:08.687,168.15,50
2024-06-21 14:35:08.930,167.85,25
2024-06-21 14:35:09.876,168.15,150
2024-06-21 14:35:10.112,168.2,25
2024-06-21 14:35:10.519,168.9,50
2024-06-21 14:35:10.713,168.5,50
2024-06-21 14:35:11.500,170.6,100
2024-06-21 14:35:11.684,170.6,25
2024-06-21 14:35:12.687,173.4,50
2024-06-21 14:35:12.741,173.95,25
2024-06-21 14:35:13.673,172.4,25
2024-06-21 14:35:14.709,174.5,50
2024-06-21 14:35:14.917,174.9,75
2024-06-21 14:35:15.905,177.85,150
2024-06-21 14:35:16.125,177.5,200
2024-06-21 14:35:16.715,179.25,125
2024-06-21 14:35:17.215,182.05,50
2024-06-21 14:35:17.489,182.25,25
2024-06-21 14:35:18.721,183.95,25
2024-06-21 14:35:19.917,182.7,25
2024-06-21 14:35:20.733,181.75,25
2024-06-21 14:35:20.916,182.65,25
2024-06-21 14:35:21.723,179.9,50
2024-06-21 14:35:21.947,179.55,25
2024-06-21 14:35:22.810,178.5,100
2024-06-21 14:35:22.854,178.2,50
2024-06-21 14:35:22.854,178.2,50
2024-06-21 14:35:23.297,179.55,50
2024-06-21 14:35:24.722,180.9,25
2024-06-21 14:35:24.725,181.3,50
2024-06-21 14:35:25.933,179.0,250
2024-06-21 14:35:26.719,178.1,25
2024-06-21 14:35:27.139,178.35,50
2024-06-21 14:35:27.270,179.3,25
2024-06-21 14:35:27.270,179.3,25
2024-06-21 14:35:28.852,180.95,25
2024-06-21 14:35:29.345,179.05,75
2024-06-21 14:35:29.719,178.7,25
2024-06-21 14:35:30.341,180.6,125
2024-06-21 14:35:30.902,182.0,25
2024-06-21 14:35:31.544,182.15,100
2024-06-21 14:35:31.735,182.85,125
2024-06-21 14:35:32.496,182.15,25
2024-06-21 14:35:33.539,184.2,50
2024-06-21 14:35:33.841,182.7,75
2024-06-21 14:35:34.754,179.85,50
2024-06-21 14:35:35.756,182.35,50
2024-06-21 14:35:36.914,184.4,25
2024-06-21 14:35:37.166,183.6,25
2024-06-21 14:35:37.708,182.9,50
2024-06-21 14:35:38.024,181.8,25
2024-06-21 14:35:38.733,182.7,50
2024-06-21 14:35:39.142,181.4,25
2024-06-21 14:35:39.926,181.5,25
2024-06-21 14:35:40.168,181.55,300
2024-06-21 14:35:40.359,181.85,25
2024-06-21 14:35:40.730,181.95,25
2024-06-21 14:35:41.557,180.85,100
2024-06-21 14:35:41.689,181.8,25
2024-06-21 14:35:42.521,181.15,50
2024-06-21 14:35:42.601,181.45,175
2024-06-21 14:35:43.554,180.4,25
2024-06-21 14:35:43.926,179.85,50
2024-06-21 14:35:44.762,179.4,75
2024-06-21 14:35:45.706,178.35,25
2024-06-21 14:35:46.141,179.8,50
2024-06-21 14:35:47.175,182.1,25
2024-06-21 14:35:47.567,181.95,175
2024-06-21 14:35:48.059,181.85,50
2024-06-21 14:35:48.551,181.55,25
2024-06-21 14:35:49.181,181.85,150
2024-06-21 14:35:49.352,181.8,25
2024-06-21 14:35:49.726,181.75,25
2024-06-21 14:35:50.363,181.1,50
2024-06-21 14:35:50.722,181.7,25
2024-06-21 14:35:51.546,181.9,25
2024-06-21 14:35:51.913,181.7,25
2024-06-21 14:35:52.274,182.0,50
2024-06-21 14:35:52.503,181.5,25
2024-06-21 14:35:53.526,180.6,75
2024-06-21 14:35:53.526,180.6,75
2024-06-21 14:35:54.773,180.4,25
2024-06-21 14:35:54.943,180.95,100
2024-06-21 14:35:55.722,180.2,50
2024-06-21 14:35:55.763,180.5,25
2024-06-21 14:35:56.730,179.8,25
2024-06-21 14:35:56.997,179.15,25
2024-06-21 14:35:57.593,179.25,250
2024-06-21 14:35:57.832,178.9,25
2024-06-21 14:35:58.914,180.75,100
2024-06-21 14:35:58.994,180.75,25
2024-06-21 14:35:59.713,182.9,25
2024-06-21 14:36:00.177,182.0,75
2024-06-21 14:36:00.335,182.2,125
2024-06-21 14:36:00.740,182.15,25
2024-06-21 14:36:01.796,180.55,200
2024-06-21 14:36:01.936,180.5,100
2024-06-21 14:36:02.705,182.4,25
2024-06-21 14:36:02.727,182.5,50
2024-06-21 14:36:03.741,182.35,25
2024-06-21 14:36:03.943,181.4,200
2024-06-21 14:36:04.742,180.2,50
2024-06-21 14:36:05.128,180.65,25
2024-06-21 14:36:05.923,180.7,100
2024-06-21 14:36:06.201,180.95,125
2024-06-21 14:36:06.349,181.2,50
2024-06-21 14:36:06.714,181.4,25
2024-06-21 14:36:07.168,181.55,100
2024-06-21 14:36:07.453,181.05,100
2024-06-21 14:36:08.779,181.05,25
2024-06-21 14:36:09.769,180.65,50
2024-06-21 14:36:09.938,181.2,75
2024-06-21 14:36:10.746,180.0,75
2024-06-21 14:36:10.986,180.0,200
2024-06-21 14:36:11.920,179.6,25
2024-06-21 14:36:11.992,179.55,150
2024-06-21 14:36:12.761,178.35,25
2024-06-21 14:36:12.770,178.6,25
2024-06-21 14:36:14.001,176.1,175
2024-06-21 14:36:14.742,175.05,75
2024-06-21 14:36:15.207,175.1,125
2024-06-21 14:36:15.745,175.35,50
2024-06-21 14:36:16.195,175.6,25
2024-06-21 14:36:16.412,176.45,200
2024-06-21 14:36:16.942,175.8,25
2024-06-21 14:36:17.231,176.65,50
2024-06-21 14:36:17.698,174.3,50
2024-06-21 14:36:18.584,176.15,50
2024-06-21 14:36:18.743,175.85,25
2024-06-21 14:36:20.016,177.85,100
2024-06-21 14:36:20.673,177.15,25
2024-06-21 14:36:20.972,176.5,25
2024-06-21 14:36:21.743,176.75,150
2024-06-21 14:36:22.203,177.0,100
2024-06-21 14:36:22.250,177.45,50
2024-06-21 14:36:22.250,177.45,50
2024-06-21 14:36:23.644,177.7,25
2024-06-21 14:36:23.644,177.7,25
2024-06-21 14:36:24.458,178.2,25
2024-06-21 14:36:24.702,178.2,25
2024-06-21 14:36:25.753,179.3,50
2024-06-21 14:36:26.009,179.7,50
2024-06-21 14:36:26.846,178.7,50
2024-06-21 14:36:27.016,178.7,75
2024-06-21 14:36:27.307,178.8,25
2024-06-21 14:36:27.307,178.8,25
2024-06-21 14:36:28.735,178.8,25
2024-06-21 14:36:28.952,178.75,25
2024-06-21 14:36:29.776,177.55,50
2024-06-21 14:36:30.034,177.45,25
2024-06-21 14:36:30.313,175.7,25
2024-06-21 14:36:30.942,176.4,100
2024-06-21 14:36:31.237,177.0,75
2024-06-21 14:36:31.632,177.95,25
2024-06-21 14:36:31.954,176.75,50
2024-06-21 14:36:32.736,178.6,25
2024-06-21 14:36:33.958,177.1,175
2024-06-21 14:36:33.972,177.3,200
2024-06-21 14:36:34.707,177.35,25
2024-06-21 14:36:35.043,176.85,25
2024-06-21 14:36:35.683,176.0,75
2024-06-21 14:36:36.217,175.95,50
2024-06-21 14:36:36.391,176.05,200
2024-06-21 14:36:36.765,175.75,50
2024-06-21 14:36:37.239,175.95,25
2024-06-21 14:36:37.541,175.35,25
2024-06-21 14:36:38.211,175.45,25
2024-06-21 14:36:38.907,175.0,125
2024-06-21 14:36:39.823,176.4,125
2024-06-21 14:36:40.710,175.05,300
2024-06-21 14:36:41.036,174.85,25
2024-06-21 14:36:41.761,176.25,25
2024-06-21 14:36:42.020,177.35,75
2024-06-21 14:36:42.259,176.65,50
2024-06-21 14:36:42.716,175.25,100
2024-06-21 14:36:43.324,176.7,50
2024-06-21 14:36:43.699,176.8,25
2024-06-21 14:36:44.648,178.15,25
2024-06-21 14:36:45.147,180.45,75
2024-06-21 14:36:45.845,178.8,25
2024-06-21 14:36:46.757,179.65,100
2024-06-21 14:36:47.045,180.55,25
2024-06-21 14:36:47.729,180.5,50
2024-06-21 14:36:47.829,180.35,25
2024-06-21 14:36:48.971,180.0,75
2024-06-21 14:36:49.065,179.9,25
2024-06-21 14:36:49.720,180.2,100
2024-06-21 14:36:50.006,179.5,25
2024-06-21 14:36:50.770,177.65,25
2024-06-21 14:36:51.036,177.15,25
2024-06-21 14:36:51.940,179.4,25
2024-06-21 14:36:52.247,179.85,25
2024-06-21 14:36:52.256,179.4,25
2024-06-21 14:36:52.716,179.55,25
2024-06-21 14:36:53.344,179.5,50
2024-06-21 14:36:53.702,179.4,25
2024-06-21 14:36:54.473,179.5,25
2024-06-21 14:36:54.779,178.45,25
2024-06-21 14:36:55.766,178.55,50
2024-06-21 14:36:56.780,179.6,25
2024-06-21 14:36:56.870,179.55,25
2024-06-21 14:36:57.232,179.2,25
2024-06-21 14:36:59.072,180.35,75
2024-06-21 14:36:59.753,179.8,25
2024-06-21 14:37:00.258,178.75,25
2024-06-21 14:37:00.258,178.75,25
2024-06-21 14:37:00.750,179.05,25
2024-06-21 14:37:01.219,179.05,25
2024-06-21 14:37:01.591,179.45,25
2024-06-21 14:37:01.687,179.4,25
2024-06-21 14:37:02.430,178.0,25
2024-06-21 14:37:02.430,178.0,25
2024-06-21 14:37:03.171,177.4,50
2024-06-21 14:37:03.935,177.45,25
2024-06-21 14:37:04.761,178.05,25
2024-06-21 14:37:04.857,178.05,25
2024-06-21 14:37:05.777,178.6,200
2024-06-21 14:37:06.060,178.5,75
2024-06-21 14:37:06.990,178.35,25
2024-06-21 14:37:07.277,179.75,25
2024-06-21 14:37:07.277,179.75,25
2024-06-21 14:37:07.594,180.45,75
2024-06-21 14:37:08.525,178.6,25
2024-06-21 14:37:08.823,178.7,25
2024-06-21 14:37:09.893,179.8,100
2024-06-21 14:37:10.732,180.0,25
2024-06-21 14:37:10.847,179.9,25
2024-06-21 14:37:11.914,178.7,25
2024-06-21 14:37:12.088,178.3,75
2024-06-21 14:37:12.738,178.75,225
2024-06-21 14:37:12.738,178.75,225
2024-06-21 14:37:13.777,180.95,200
2024-06-21 14:37:14.236,181.1,50
2024-06-21 14:37:14.483,180.4,25
2024-06-21 14:37:14.989,181.25,25
2024-06-21 14:37:15.491,180.45,75
2024-06-21 14:37:15.781,180.6,25
2024-06-21 14:37:16.710,180.4,25
2024-06-21 14:37:16.796,180.5,25
2024-06-21 14:37:17.241,180.4,100
2024-06-21 14:37:17.724,180.15,25
2024-06-21 14:37:17.724,180.15,25
2024-06-21 14:37:17.724,180.15,25
2024-06-21 14:37:19.690,179.3,50
2024-06-21 14:37:19.710,179.6,150
2024-06-21 14:37:20.763,179.15,50
2024-06-21 14:37:21.697,178.7,25
2024-06-21 14:37:21.919,178.65,25
2024-06-21 14:37:22.618,178.9,25
2024-06-21 14:37:23.771,179.6,25
2024-06-21 14:37:24.078,179.9,25
2024-06-21 14:37:24.776,178.55,25
2024-06-21 14:37:24.836,178.25,75
2024-06-21 14:37:25.974,179.15,100
2024-06-21 14:37:26.105,180.35,25
2024-06-21 14:37:26.785,182.8,25
2024-06-21 14:37:27.470,181.15,25
2024-06-21 14:37:27.470,181.15,25
2024-06-21 14:37:28.563,181.75,25
2024-06-21 14:37:28.945,182.0,75
2024-06-21 14:37:29.778,181.0,50
2024-06-21 14:37:30.305,180.4,75
2024-06-21 14:37:30.729,181.2,25
2024-06-21 14:37:31.109,181.05,50
2024-06-21 14:37:31.640,182.05,75
2024-06-21 14:37:32.043,181.65,50
2024-06-21 14:37:32.978,181.95,25
2024-06-21 14:37:33.304,182.3,25
2024-06-21 14:37:33.577,182.75,25
2024-06-21 14:37:33.577,182.75,25
2024-06-21 14:37:34.780,183.7,25
2024-06-21 14:37:34.922,183.45,75
2024-06-21 14:37:35.992,183.35,125
2024-06-21 14:37:36.140,183.15,100
2024-06-21 14:37:36.798,181.5,100
2024-06-21 14:37:37.255,180.9,25
2024-06-21 14:37:37.779,182.5,25
2024-06-21 14:37:38.119,182.8,25
2024-06-21 14:37:38.608,183.25,25
2024-06-21 14:37:38.957,183.05,50
2024-06-21 14:37:39.742,183.6,25
2024-06-21 14:37:39.799,183.75,25
2024-06-21 14:37:40.774,182.55,225
2024-06-21 14:37:41.123,183.4,25
2024-06-21 14:37:41.784,183.15,50
2024-06-21 14:37:42.306,183.35,50
2024-06-21 14:37:42.795,183.8,100
2024-06-21 14:37:42.956,183.3,25
2024-06-21 14:37:43.993,182.7,25
2024-06-21 14:37:44.117,182.85,25
2024-06-21 14:37:44.769,183.0,75
2024-06-21 14:37:45.336,182.9,25
2024-06-21 14:37:45.760,182.25,25
2024-06-21 14:37:46.641,182.65,25
2024-06-21 14:37:46.796,183.0,200
2024-06-21 14:37:47.473,184.3,25
2024-06-21 14:37:47.756,184.0,175
2024-06-21 14:37:48.598,183.1,25
2024-06-21 14:37:49.928,181.3,25
2024-06-21 14:37:49.990,180.75,25
2024-06-21 14:37:50.797,182.0,1500
2024-06-21 14:37:50.938,182.05,25
2024-06-21 14:37:51.793,182.4,25
2024-06-21 14:37:51.943,182.5,175
2024-06-21 14:37:52.936,178.6,100
2024-06-21 14:37:52.936,178.6,100
2024-06-21 14:37:53.641,179.2,50
2024-06-21 14:37:54.160,178.8,25
2024-06-21 14:37:55.010,179.4,400
2024-06-21 14:37:55.160,179.9,25
2024-06-21 14:37:55.785,180.1,25
2024-06-21 14:37:56.162,179.3,225
2024-06-21 14:37:56.570,180.05,150
2024-06-21 14:37:56.807,179.55,125
2024-06-21 14:37:57.819,179.0,50
2024-06-21 14:37:58.705,178.15,75
2024-06-21 14:37:58.808,178.15,25
2024-06-21 14:37:59.964,177.7,25
2024-06-21 14:38:00.004,177.4,100
2024-06-21 14:38:00.325,176.9,125
2024-06-21 14:38:00.793,177.45,50
2024-06-21 14:38:00.997,178.4,125
2024-06-21 14:38:01.815,176.4,25
2024-06-21 14:38:02.165,177.2,75
2024-06-21 14:38:02.567,177.2,25
2024-06-21 14:38:02.567,177.2,25
2024-06-21 14:38:03.575,177.5,25
2024-06-21 14:38:03.695,176.85,25
2024-06-21 14:38:04.581,175.05,75
2024-06-21 14:38:04.773,175.15,25
2024-06-21 14:38:05.817,174.6,25
2024-06-21 14:38:07.024,173.85,25
2024-06-21 14:38:07.818,174.9,25
2024-06-21 14:38:07.850,174.8,50
2024-06-21 14:38:08.800,175.8,25
2024-06-21 14:38:08.978,176.05,25
2024-06-21 14:38:09.816,175.85,50
2024-06-21 14:38:09.988,175.55,25
2024-06-21 14:38:11.025,176.2,25
2024-06-21 14:38:11.814,176.6,100
2024-06-21 14:38:11.983,177.65,75
2024-06-21 14:38:12.759,177.95,25
2024-06-21 14:38:12.781,177.9,75
2024-06-21 14:38:13.797,178.1,25
2024-06-21 14:38:14.176,178.6,50
2024-06-21 14:38:15.000,179.5,75
2024-06-21 14:38:15.388,179.35,50
2024-06-21 14:38:15.562,179.85,50
2024-06-21 14:38:15.819,181.55,25
2024-06-21 14:38:16.775,181.05,25
2024-06-21 14:38:17.889,179.05,25
2024-06-21 14:38:18.817,178.6,25
2024-06-21 14:38:19.780,180.1,75
2024-06-21 14:38:19.998,179.75,25
2024-06-21 14:38:20.581,178.9,25
2024-06-21 14:38:20.804,178.75,100
2024-06-21 14:38:21.573,178.0,150
2024-06-21 14:38:21.787,177.85,100
2024-06-21 14:38:22.564,177.0,125
2024-06-21 14:38:22.773,177.1,50
2024-06-21 14:38:23.580,175.75,225
2024-06-21 14:38:24.194,172.75,25
2024-06-21 14:38:24.827,173.05,25
2024-06-21 14:38:25.197,173.2,50
2024-06-21 14:38:25.835,172.85,50
2024-06-21 14:38:26.174,173.0,50
2024-06-21 14:38:26.820,172.95,25
2024-06-21 14:38:27.005,173.4,25
2024-06-21 14:38:27.738,172.65,25
2024-06-21 14:38:27.738,172.65,25
2024-06-21 14:38:28.786,173.8,25
2024-06-21 14:38:29.194,174.2,50
2024-06-21 14:38:29.805,173.45,75
2024-06-21 14:38:30.352,172.7,50
2024-06-21 14:38:30.530,172.7,25
2024-06-21 14:38:30.724,173.5,250
2024-06-21 14:38:31.768,170.4,50
2024-06-21 14:38:31.994,170.4,125
2024-06-21 14:38:32.253,172.85,25
2024-06-21 14:38:32.948,173.35,25
2024-06-21 14:38:33.823,172.9,75
2024-06-21 14:38:34.029,173.2,25
2024-06-21 14:38:34.841,174.5,25
2024-06-21 14:38:35.216,173.75,25
2024-06-21 14:38:35.823,173.75,50
2024-06-21 14:38:36.222,173.95,50
2024-06-21 14:38:36.791,172.45,25
2024-06-21 14:38:37.241,173.45,25
2024-06-21 14:38:38.042,173.45,250
2024-06-21 14:38:38.385,172.75,50
2024-06-21 14:38:38.512,173.05,125
2024-06-21 14:38:38.840,172.7,25
2024-06-21 14:38:39.642,172.2,75
2024-06-21 14:38:39.845,171.75,100
2024-06-21 14:38:40.820,172.35,25
2024-06-21 14:38:41.818,172.9,50
2024-06-21 14:38:42.022,173.25,25
2024-06-21 14:38:42.806,173.5,150
2024-06-21 14:38:42.906,173.7,25
2024-06-21 14:38:44.024,174.4,25
2024-06-21 14:38:44.835,173.05,125
2024-06-21 14:38:45.040,173.05,25
2024-06-21 14:38:45.834,171.6,100
2024-06-21 14:38:46.820,171.05,25
2024-06-21 14:38:47.933,169.2,25
2024-06-21 14:38:48.733,169.45,100
2024-06-21 14:38:49.049,170.05,25
2024-06-21 14:38:49.828,170.75,25
2024-06-21 14:38:50.223,171.3,25
2024-06-21 14:38:50.782,170.35,25
2024-06-21 14:38:51.231,171.15,25
2024-06-21 14:38:51.816,171.0,25
2024-06-21 14:38:52.217,172.0,25
2024-06-21 14:38:52.217,172.0,25
2024-06-21 14:38:52.904,171.85,25
2024-06-21 14:38:53.859,173.25,75
2024-06-21 14:38:54.248,173.1,25
2024-06-21 14:38:54.765,172.95,25
2024-06-21 14:38:55.007,173.4,25
2024-06-21 14:38:56.054,173.5,25
2024-06-21 14:38:56.755,172.3,25
2024-06-21 14:38:57.259,172.15,25
2024-06-21 14:38:57.717,171.75,50
2024-06-21 14:38:57.717,171.75,50
2024-06-21 14:38:58.604,171.1,50
2024-06-21 14:38:58.787,171.25,50
2024-06-21 14:38:59.642,170.6,75
2024-06-21 14:38:59.836,171.0,25
2024-06-21 14:39:00.295,170.2,50
2024-06-21 14:39:00.868,170.0,25
2024-06-21 14:39:01.017,169.9,75
2024-06-21 14:39:01.826,168.2,25
2024-06-21 14:39:02.262,168.35,25
2024-06-21 14:39:02.470,168.2,25
2024-06-21 14:39:03.052,166.0,50
2024-06-21 14:39:04.060,167.55,25
2024-06-21 14:39:04.260,167.55,100
2024-06-21 14:39:04.827,167.0,100
2024-06-21 14:39:05.461,165.65,25
2024-06-21 14:39:05.667,165.85,25
2024-06-21 14:39:05.853,164.05,25
2024-06-21 14:39:06.874,163.75,100
2024-06-21 14:39:07.073,164.1,50
2024-06-21 14:39:07.969,162.2,25
2024-06-21 14:39:08.476,161.55,25
2024-06-21 14:39:09.276,160.75,25
2024-06-21 14:39:09.856,161.0,25
2024-06-21 14:39:10.274,159.75,25
2024-06-21 14:39:10.867,159.9,50
2024-06-21 14:39:11.476,160.05,50
2024-06-21 14:39:11.678,159.75,75
2024-06-21 14:39:12.055,160.8,50
2024-06-21 14:39:12.769,162.35,75
2024-06-21 14:39:13.771,162.6,25
2024-06-21 14:39:14.884,162.15,25
2024-06-21 14:39:15.896,161.25,25
2024-06-21 14:39:16.055,160.6,25
2024-06-21 14:39:16.660,160.5,25
2024-06-21 14:39:16.850,161.65,125
2024-06-21 14:39:17.473,159.85,50
2024-06-21 14:39:17.752,160.1,75
2024-06-21 14:39:18.869,161.3,75
2024-06-21 14:39:19.817,161.45,25
2024-06-21 14:39:20.009,161.8,100
2024-06-21 14:39:20.853,161.95,25
2024-06-21 14:39:21.283,161.85,25
2024-06-21 14:39:21.862,161.15,25
2024-06-21 14:39:22.144,161.65,50
2024-06-21 14:39:22.707,162.0,25
2024-06-21 14:39:23.167,161.1,50
2024-06-21 14:39:23.873,162.0,100
2024-06-21 14:39:24.281,162.15,50
2024-06-21 14:39:24.847,162.65,50
2024-06-21 14:39:25.307,162.05,25
2024-06-21 14:39:25.848,160.1,25
2024-06-21 14:39:26.445,160.3,25
2024-06-21 14:39:26.670,159.95,25
2024-06-21 14:39:26.854,159.3,50
2024-06-21 14:39:27.910,160.05,25
2024-06-21 14:39:27.910,160.05,25
2024-06-21 14:39:28.845,157.6,25
2024-06-21 14:39:29.274,157.9,100
2024-06-21 14:39:29.853,158.35,25
2024-06-21 14:39:30.310,158.45,25
2024-06-21 14:39:30.853,160.15,200
2024-06-21 14:39:31.307,159.8,25
2024-06-21 14:39:31.867,160.3,25
2024-06-21 14:39:32.095,159.8,100
2024-06-21 14:39:32.095,159.8,100
2024-06-21 14:39:32.095,159.8,100
2024-06-21 14:39:33.873,162.55,25
2024-06-21 14:39:34.065,162.4,75
2024-06-21 14:39:34.725,161.15,25
2024-06-21 14:39:35.295,162.0,300
2024-06-21 14:39:35.857,161.6,25
2024-06-21 14:39:36.490,160.75,25
2024-06-21 14:39:36.690,161.2,50
2024-06-21 14:39:37.003,161.15,25
2024-06-21 14:39:37.255,161.25,25
2024-06-21 14:39:37.255,161.25,25
2024-06-21 14:39:38.926,158.1,25
2024-06-21 14:39:39.829,158.95,25
2024-06-21 14:39:40.145,159.2,100
2024-06-21 14:39:40.849,159.0,100
2024-06-21 14:39:41.335,158.9,25
2024-06-21 14:39:41.878,158.65,50
2024-06-21 14:39:42.267,158.65,50
2024-06-21 14:39:42.890,158.8,25
2024-06-21 14:39:43.039,159.0,25
2024-06-21 14:39:43.672,158.45,25
2024-06-21 14:39:44.623,158.8,50
2024-06-21 14:39:45.078,159.0,50
2024-06-21 14:39:45.846,159.4,75
2024-06-21 14:39:45.937,159.65,50
2024-06-21 14:39:46.924,159.05,25
2024-06-21 14:39:47.642,158.25,25
2024-06-21 14:39:47.983,158.35,25
2024-06-21 14:39:48.860,159.35,25
2024-06-21 14:39:49.347,159.35,25
2024-06-21 14:39:50.041,159.5,25
2024-06-21 14:39:50.340,159.7,25
2024-06-21 14:39:50.780,159.4,100
2024-06-21 14:39:51.427,159.6,125
2024-06-21 14:39:51.688,159.7,100
2024-06-21 14:39:51.877,159.7,75
2024-06-21 14:39:52.777,160.45,75
2024-06-21 14:39:52.777,160.45,75
2024-06-21 14:39:53.895,161.4,50
2024-06-21 14:39:54.881,160.5,25
2024-06-21 14:39:55.152,161.2,50
2024-06-21 14:39:55.790,159.7,150
2024-06-21 14:39:56.314,159.4,25
2024-06-21 14:39:56.762,158.8,25
2024-06-21 14:39:57.494,158.55,125
2024-06-21 14:39:57.515,158.6,25
2024-06-21 14:39:57.515,158.6,25
2024-06-21 14:39:58.850,156.3,25
2024-06-21 14:39:58.918,156.15,100
2024-06-21 14:39:59.769,156.75,25
2024-06-21 14:40:00.125,155.85,100
2024-06-21 14:40:00.315,155.55,200
2024-06-21 14:40:00.868,155.85,25
2024-06-21 14:40:01.258,156.5,125
2024-06-21 14:40:01.889,156.95,25
2024-06-21 14:40:02.267,156.4,100
2024-06-21 14:40:03.079,156.65,75
2024-06-21 14:40:03.517,156.05,25
2024-06-21 14:40:03.630,155.5,25
2024-06-21 14:40:03.884,155.85,25
2024-06-21 14:40:04.760,154.0,25
2024-06-21 14:40:04.833,154.35,50
2024-06-21 14:40:05.856,154.0,75
2024-06-21 14:40:06.373,154.4,25
2024-06-21 14:40:06.832,154.7,25
2024-06-21 14:40:07.218,154.5,25
2024-06-21 14:40:07.485,154.35,75
2024-06-21 14:40:07.485,154.35,75
2024-06-21 14:40:08.788,154.75,75
2024-06-21 14:40:09.297,155.2,75
2024-06-21 14:40:09.883,155.5,100
2024-06-21 14:40:10.457,156.0,25
2024-06-21 14:40:10.763,155.95,50
2024-06-21 14:40:10.894,154.8,50
2024-06-21 14:40:11.744,155.05,25
2024-06-21 14:40:11.896,155.0,175
2024-06-21 14:40:12.631,154.9,25
2024-06-21 14:40:12.631,154.9,25
2024-06-21 14:40:13.496,154.95,100
2024-06-21 14:40:14.253,155.4,50
2024-06-21 14:40:14.731,154.25,50
2024-06-21 14:40:14.866,154.3,25
2024-06-21 14:40:15.857,154.35,25
2024-06-21 14:40:16.181,154.75,50
2024-06-21 14:40:16.796,156.15,25
2024-06-21 14:40:17.220,158.7,25
2024-06-21 14:40:17.253,158.8,50
2024-06-21 14:40:18.135,158.55,25
2024-06-21 14:40:18.899,158.95,25
2024-06-21 14:40:19.236,159.3,50
2024-06-21 14:40:19.883,158.75,75
2024-06-21 14:40:20.590,157.7,25
2024-06-21 14:40:20.697,157.7,75
2024-06-21 14:40:20.879,157.9,50
2024-06-21 14:40:21.796,158.9,50
2024-06-21 14:40:21.893,158.85,25
2024-06-21 14:40:22.611,158.5,25
2024-06-21 14:40:23.002,159.25,50
2024-06-21 14:40:23.883,159.55,25
2024-06-21 14:40:24.069,159.75,50
2024-06-21 14:40:24.883,158.75,100
2024-06-21 14:40:25.153,158.7,100
2024-06-21 14:40:25.731,158.75,100
2024-06-21 14:40:26.385,158.8,200
2024-06-21 14:40:26.754,158.25,25
2024-06-21 14:40:27.292,157.85,50
2024-06-21 14:40:28.001,157.85,50
2024-06-21 14:40:28.286,157.5,50
2024-06-21 14:40:28.891,157.75,50
2024-06-21 14:40:29.581,157.9,75
2024-06-21 14:40:29.891,158.3,50
2024-06-21 14:40:30.001,158.4,25
2024-06-21 14:40:30.230,158.25,250
2024-06-21 14:40:31.000,158.75,25
2024-06-21 14:40:31.823,159.25,25
2024-06-21 14:40:32.195,159.8,50
2024-06-21 14:40:32.760,160.55,25
2024-06-21 14:40:33.408,160.9,150
2024-06-21 14:40:34.116,160.5,25
2024-06-21 14:40:34.403,160.25,50
2024-06-21 14:40:34.912,160.05,75
2024-06-21 14:40:35.599,159.8,175
2024-06-21 14:40:35.650,159.6,125
2024-06-21 14:40:35.906,159.5,25
2024-06-21 14:40:36.711,160.05,100
2024-06-21 14:40:36.909,160.05,25
2024-06-21 14:40:37.643,160.15,50
2024-06-21 14:40:38.729,158.45,250
2024-06-21 14:40:38.729,158.45,250
2024-06-21 14:40:40.105,160.2,25
2024-06-21 14:40:40.202,160.0,25
2024-06-21 14:40:40.834,160.45,25
2024-06-21 14:40:41.234,159.9,125
2024-06-21 14:40:41.886,159.8,25
2024-06-21 14:40:42.579,159.45,200
2024-06-21 14:40:42.896,159.7,50
2024-06-21 14:40:43.366,159.7,175
2024-06-21 14:40:43.918,160.5,300
2024-06-21 14:40:44.820,160.05,25
2024-06-21 14:40:45.023,160.1,25
2024-06-21 14:40:45.888,159.85,25
2024-06-21 14:40:45.977,159.95,25
2024-06-21 14:40:46.899,159.95,150
2024-06-21 14:40:46.899,159.95,150
2024-06-21 14:40:47.848,157.7,50
2024-06-21 14:40:48.390,157.7,25
2024-06-21 14:40:49.080,158.5,50
2024-06-21 14:40:49.521,157.9,200
2024-06-21 14:40:49.919,157.1,25
2024-06-21 14:40:50.627,155.8,25
2024-06-21 14:40:50.792,156.25,100
2024-06-21 14:40:50.900,156.6,75
2024-06-21 14:40:51.808,156.2,50
2024-06-21 14:40:51.846,156.15,25
2024-06-21 14:40:52.399,155.9,25
2024-06-21 14:40:52.530,156.0,100
2024-06-21 14:40:53.879,157.1,125
2024-06-21 14:40:54.044,157.3,25
2024-06-21 14:40:54.784,157.6,25
2024-06-21 14:40:55.039,157.85,75
2024-06-21 14:40:55.916,158.4,25
2024-06-21 14:40:56.208,158.55,100
2024-06-21 14:40:56.916,158.5,25
2024-06-21 14:40:57.167,158.65,50
2024-06-21 14:40:57.707,158.6,150
2024-06-21 14:40:57.987,158.75,50
2024-06-21 14:40:58.896,157.7,25
2024-06-21 14:40:59.371,157.9,25
2024-06-21 14:40:59.906,158.0,25
2024-06-21 14:41:00.246,157.7,25
2024-06-21 14:41:00.270,157.95,25
2024-06-21 14:41:00.912,158.1,200
2024-06-21 14:41:01.429,158.35,25
2024-06-21 14:41:02.089,156.95,100
2024-06-21 14:41:02.443,156.35,25
2024-06-21 14:41:02.711,155.85,50
2024-06-21 14:41:03.348,155.75,25
2024-06-21 14:41:03.861,155.7,25
2024-06-21 14:41:04.587,155.9,25
2024-06-21 14:41:04.795,155.95,25
2024-06-21 14:41:05.631,154.15,50
2024-06-21 14:41:05.903,154.4,25
2024-06-21 14:41:06.907,153.65,50
2024-06-21 14:41:07.240,153.2,25
2024-06-21 14:41:07.694,152.8,25
2024-06-21 14:41:08.607,151.45,25
2024-06-21 14:41:08.928,152.2,50
2024-06-21 14:41:09.613,152.0,75
2024-06-21 14:41:09.904,151.8,50
2024-06-21 14:41:10.593,152.05,25
2024-06-21 14:41:10.902,151.5,75
2024-06-21 14:41:11.938,152.65,150
2024-06-21 14:41:12.001,152.5,25
2024-06-21 14:41:12.670,152.3,25
2024-06-21 14:41:12.984,151.85,25
2024-06-21 14:41:14.077,152.65,50
2024-06-21 14:41:14.194,152.0,75
2024-06-21 14:41:14.904,149.8,25
2024-06-21 14:41:15.929,149.25,50
2024-06-21 14:41:16.074,149.55,25
2024-06-21 14:41:17.057,149.9,25
2024-06-21 14:41:17.919,149.9,25
2024-06-21 14:41:18.045,149.9,50
2024-06-21 14:41:18.948,150.55,125
2024-06-21 14:41:19.250,150.6,50
2024-06-21 14:41:19.906,150.85,75
2024-06-21 14:41:20.475,151.2,25
2024-06-21 14:41:20.821,151.35,25
2024-06-21 14:41:21.192,152.35,25
2024-06-21 14:41:21.920,151.85,25
2024-06-21 14:41:22.477,151.55,25
2024-06-21 14:41:22.966,151.65,25
2024-06-21 14:41:23.639,151.25,125
2024-06-21 14:41:23.947,151.1,50
2024-06-21 14:41:24.892,150.95,75
2024-06-21 14:41:25.087,150.8,75
2024-06-21 14:41:25.866,150.3,25
2024-06-21 14:41:25.939,150.05,25
2024-06-21 14:41:26.897,150.9,25
2024-06-21 14:41:27.085,150.55,25
2024-06-21 14:41:27.873,151.15,150
2024-06-21 14:41:28.884,151.6,125
2024-06-21 14:41:29.073,151.95,150
2024-06-21 14:41:29.942,153.45,25
2024-06-21 14:41:30.302,153.35,25
2024-06-21 14:41:30.921,154.05,25
2024-06-21 14:41:31.293,154.2,75
2024-06-21 14:41:31.907,154.35,25
2024-06-21 14:41:32.179,153.85,50
2024-06-21 14:41:32.622,153.65,50
2024-06-21 14:41:33.102,153.8,200
2024-06-21 14:41:33.924,154.2,25
2024-06-21 14:41:34.409,154.45,50
2024-06-21 14:41:34.877,154.55,25
2024-06-21 14:41:35.487,155.2,75
2024-06-21 14:41:35.925,154.65,100
2024-06-21 14:41:36.495,154.5,25
2024-06-21 14:41:36.886,154.4,25
2024-06-21 14:41:37.601,155.05,25
2024-06-21 14:41:37.772,155.2,25
2024-06-21 14:41:37.772,155.2,25
2024-06-21 14:41:39.085,155.75,25
2024-06-21 14:41:39.897,155.45,50
2024-06-21 14:41:40.088,155.4,50
2024-06-21 14:41:41.132,153.3,150
2024-06-21 14:41:41.403,153.35,50
2024-06-21 14:41:42.088,153.65,25
2024-06-21 14:41:42.457,153.1,50
2024-06-21 14:41:42.735,153.0,50
2024-06-21 14:41:43.644,153.15,125
2024-06-21 14:41:43.911,152.95,75
2024-06-21 14:41:43.922,152.55,25
2024-06-21 14:41:44.771,152.75,50
2024-06-21 14:41:45.772,153.3,300
2024-06-21 14:41:46.937,153.95,25
2024-06-21 14:41:47.262,155.0,25
2024-06-21 14:41:47.262,155.0,25
2024-06-21 14:41:47.262,155.0,25
2024-06-21 14:41:48.943,155.55,75
2024-06-21 14:41:49.526,155.65,125
2024-06-21 14:41:50.012,155.95,50
2024-06-21 14:41:50.899,157.05,100
2024-06-21 14:41:51.951,155.5,25
2024-06-21 14:41:52.920,155.55,200
2024-06-21 14:41:52.920,155.55,200
2024-06-21 14:41:53.666,156.5,400
2024-06-21 14:41:53.856,156.1,75
2024-06-21 14:41:54.660,156.25,25
2024-06-21 14:41:55.862,154.55,50
2024-06-21 14:41:56.932,155.0,25
2024-06-21 14:41:57.090,155.35,75
2024-06-21 14:41:57.971,155.65,25
2024-06-21 14:41:57.971,155.65,25
2024-06-21 14:41:58.903,156.95,25
2024-06-21 14:41:59.297,157.2,50
2024-06-21 14:42:00.103,157.05,25
2024-06-21 14:42:00.103,157.05,25
2024-06-21 14:42:00.471,156.6,25
2024-06-21 14:42:00.962,156.85,50
2024-06-21 14:42:01.541,156.75,125
2024-06-21 14:42:01.811,157.1,100
2024-06-21 14:42:02.409,157.85,25
2024-06-21 14:42:02.409,157.85,25
2024-06-21 14:42:03.555,157.4,150
2024-06-21 14:42:03.941,158.9,125
2024-06-21 14:42:04.720,159.35,25
2024-06-21 14:42:05.114,159.2,50
2024-06-21 14:42:05.725,159.05,25
2024-06-21 14:42:05.931,159.0,25
2024-06-21 14:42:06.330,159.3,75
2024-06-21 14:42:06.959,159.75,25
2024-06-21 14:42:07.448,160.35,25
2024-06-21 14:42:07.969,159.35,50
2024-06-21 14:42:08.365,160.4,25
2024-06-21 14:42:08.955,161.15,25
2024-06-21 14:42:09.533,161.1,50
2024-06-21 14:42:10.168,160.1,50
2024-06-21 14:42:10.550,160.5,25
2024-06-21 14:42:10.934,160.3,100
2024-06-21 14:42:11.558,159.4,25
2024-06-21 14:42:11.929,159.2,25
2024-06-21 14:42:12.157,159.25,25
2024-06-21 14:42:12.219,158.85,25
2024-06-21 14:42:12.219,158.85,25
2024-06-21 14:42:13.934,158.95,25
2024-06-21 14:42:14.561,158.75,25
2024-06-21 14:42:14.910,158.95,75
2024-06-21 14:42:15.446,158.45,25
2024-06-21 14:42:15.937,159.25,25
2024-06-21 14:42:16.683,159.6,50
2024-06-21 14:42:16.882,159.6,25
2024-06-21 14:42:17.112,159.6,25
2024-06-21 14:42:17.672,159.6,25
2024-06-21 14:42:18.031,160.0,25
2024-06-21 14:42:18.914,159.85,25
2024-06-21 14:42:19.136,159.95,200
2024-06-21 14:42:19.894,158.9,25
2024-06-21 14:42:20.158,159.45,25
2024-06-21 14:42:20.885,159.5,75
2024-06-21 14:42:21.933,159.35,75
2024-06-21 14:42:22.169,158.9,25
2024-06-21 14:42:22.978,158.95,75
2024-06-21 14:42:23.260,157.7,200
2024-06-21 14:42:24.155,157.45,25
2024-06-21 14:42:24.307,157.65,75
2024-06-21 14:42:24.890,157.2,150
2024-06-21 14:42:25.262,157.05,75
2024-06-21 14:42:25.943,157.75,25
2024-06-21 14:42:26.583,157.2,25
2024-06-21 14:42:26.846,157.55,25
2024-06-21 14:42:27.490,157.2,75
2024-06-21 14:42:27.972,157.05,75
2024-06-21 14:42:28.899,157.65,25
2024-06-21 14:42:29.052,157.35,25
2024-06-21 14:42:29.970,156.3,25
2024-06-21 14:42:30.191,155.95,100
2024-06-21 14:42:30.191,155.95,100
2024-06-21 14:42:30.934,156.2,50
2024-06-21 14:42:31.998,155.7,100
2024-06-21 14:42:32.831,155.2,25
2024-06-21 14:42:33.001,154.25,25
2024-06-21 14:42:33.941,155.45,25
2024-06-21 14:42:34.334,155.1,75
2024-06-21 14:42:34.924,155.25,25
2024-06-21 14:42:35.978,155.85,25
2024-06-21 14:42:36.136,156.1,100
2024-06-21 14:42:36.858,155.55,50
2024-06-21 14:42:37.136,156.0,50
2024-06-21 14:42:37.999,155.7,25
2024-06-21 14:42:38.312,155.55,25
2024-06-21 14:42:38.903,155.55,100
2024-06-21 14:42:39.597,154.65,25
2024-06-21 14:42:39.990,154.3,25
2024-06-21 14:42:40.584,153.8,50
2024-06-21 14:42:41.000,153.35,25
2024-06-21 14:42:41.965,152.35,150
2024-06-21 14:42:42.194,152.75,25
2024-06-21 14:42:42.652,153.0,25
2024-06-21 14:42:43.171,151.85,50
2024-06-21 14:42:43.979,152.45,25
2024-06-21 14:42:44.349,152.6,200
2024-06-21 14:42:44.932,152.85,25
2024-06-21 14:42:45.576,152.6,50
2024-06-21 14:42:45.938,153.05,100
2024-06-21 14:42:46.385,153.5,25
2024-06-21 14:42:46.955,152.15,150
2024-06-21 14:42:47.249,151.85,25
2024-06-21 14:42:48.000,151.5,50
2024-06-21 14:42:48.730,150.75,25
2024-06-21 14:42:48.997,150.75,25
2024-06-21 14:42:49.866,152.0,25
2024-06-21 14:42:50.976,150.55,100
2024-06-21 14:42:51.190,150.75,100
2024-06-21 14:42:52.002,149.75,25
2024-06-21 14:42:52.250,149.85,25
2024-06-21 14:42:52.991,149.55,25
2024-06-21 14:42:53.317,148.95,225
2024-06-21 14:42:54.192,149.65,25
2024-06-21 14:42:54.600,150.5,25
2024-06-21 14:42:55.000,150.45,25
2024-06-21 14:42:55.559,150.7,25
2024-06-21 14:42:56.018,151.2,25
2024-06-21 14:42:56.770,149.65,25
2024-06-21 14:42:56.924,149.65,100
2024-06-21 14:42:57.223,149.5,75
2024-06-21 14:42:57.985,148.75,75
2024-06-21 14:42:58.014,148.6,25
2024-06-21 14:42:59.009,149.25,50
2024-06-21 14:42:59.608,147.5,125
2024-06-21 14:43:00.188,146.75,25
2024-06-21 14:43:00.297,147.75,75
2024-06-21 14:43:00.807,146.65,25
2024-06-21 14:43:01.001,147.1,25
2024-06-21 14:43:01.629,146.95,25
2024-06-21 14:43:02.004,147.35,25
2024-06-21 14:43:02.770,148.6,75
2024-06-21 14:43:02.972,147.95,25
2024-06-21 14:43:04.023,147.15,200
2024-06-21 14:43:05.021,148.05,50
2024-06-21 14:43:06.043,145.0,25
2024-06-21 14:43:06.214,145.0,25
2024-06-21 14:43:07.006,145.0,75
2024-06-21 14:43:07.239,144.5,25
2024-06-21 14:43:08.048,145.8,75
2024-06-21 14:43:08.120,146.05,25
2024-06-21 14:43:08.806,145.7,200
2024-06-21 14:43:09.240,145.75,175
2024-06-21 14:43:10.190,145.4,25
2024-06-21 14:43:10.406,145.3,25
2024-06-21 14:43:11.001,145.3,25
2024-06-21 14:43:11.324,145.25,25
2024-06-21 14:43:12.002,145.85,125
2024-06-21 14:43:12.530,146.95,25
2024-06-21 14:43:12.817,146.6,25
2024-06-21 14:43:12.817,146.6,25
2024-06-21 14:43:14.040,146.6,50
2024-06-21 14:43:15.003,146.25,25
2024-06-21 14:43:15.356,146.2,25
2024-06-21 14:43:16.227,147.3,25
2024-06-21 14:43:16.556,147.2,25
2024-06-21 14:43:16.995,146.6,25
2024-06-21 14:43:17.271,147.0,75
2024-06-21 14:43:17.658,146.85,25
2024-06-21 14:43:18.804,146.25,25
2024-06-21 14:43:18.961,146.3,25
2024-06-21 14:43:19.039,146.4,75
2024-06-21 14:43:19.989,146.6,50
2024-06-21 14:43:21.037,144.7,75
2024-06-21 14:43:22.207,145.6,25
2024-06-21 14:43:22.218,145.6,100
2024-06-21 14:43:22.939,146.4,25
2024-06-21 14:43:23.579,144.95,50
2024-06-21 14:43:23.899,144.3,75
2024-06-21 14:43:24.452,145.5,25
2024-06-21 14:43:25.193,145.95,100
2024-06-21 14:43:25.601,146.0,25
2024-06-21 14:43:25.934,145.75,50
2024-06-21 14:43:26.668,145.9,25
2024-06-21 14:43:26.991,145.9,50
2024-06-21 14:43:27.425,145.75,75
2024-06-21 14:43:27.657,145.95,1450
2024-06-21 14:43:28.672,146.1,50
2024-06-21 14:43:29.076,146.3,75
2024-06-21 14:43:30.037,146.2,25
2024-06-21 14:43:30.287,146.05,25
2024-06-21 14:43:31.007,146.3,25
2024-06-21 14:43:31.077,146.45,25
2024-06-21 14:43:32.219,145.1,275
2024-06-21 14:43:32.224,145.35,75
2024-06-21 14:43:33.009,144.15,25
2024-06-21 14:43:33.017,144.1,25
2024-06-21 14:43:34.232,145.7,50
2024-06-21 14:43:34.456,146.05,50
2024-06-21 14:43:35.034,146.45,100
2024-06-21 14:43:35.644,146.45,25
2024-06-21 14:43:36.001,146.3,75
2024-06-21 14:43:36.816,146.05,25
2024-06-21 14:43:37.028,146.0,25
2024-06-21 14:43:37.815,146.85,50
2024-06-21 14:43:38.077,146.9,25
2024-06-21 14:43:38.881,147.7,25
2024-06-21 14:43:39.024,148.45,25
2024-06-21 14:43:40.026,147.4,425
2024-06-21 14:43:40.263,147.25,75
2024-06-21 14:43:41.033,147.3,25
2024-06-21 14:43:41.260,147.15,75
2024-06-21 14:43:42.076,148.0,25
2024-06-21 14:43:42.781,148.15,25
2024-06-21 14:43:42.781,148.15,25
2024-06-21 14:43:44.000,149.15,50
2024-06-21 14:43:44.649,149.6,100
2024-06-21 14:43:45.235,148.8,25
2024-06-21 14:43:45.462,148.2,25
2024-06-21 14:43:46.038,148.95,75
2024-06-21 14:43:46.807,149.1,50
2024-06-21 14:43:47.017,149.0,100
2024-06-21 14:43:47.112,149.65,75
2024-06-21 14:43:47.634,149.95,25
2024-06-21 14:43:48.995,150.3,25
2024-06-21 14:43:49.042,150.65,25
2024-06-21 14:43:50.038,149.7,50
2024-06-21 14:43:50.271,149.85,150
2024-06-21 14:43:51.000,149.95,25
2024-06-21 14:43:51.510,149.8,25
2024-06-21 14:43:52.041,149.05,75
2024-06-21 14:43:52.666,148.55,25
2024-06-21 14:43:52.970,146.55,25
2024-06-21 14:43:52.970,146.55,25
2024-06-21 14:43:53.958,147.7,75
2024-06-21 14:43:54.249,147.95,25
2024-06-21 14:43:55.007,147.95,25
2024-06-21 14:43:55.414,147.8,50
2024-06-21 14:43:56.000,147.4,50
2024-06-21 14:43:56.449,148.1,75
2024-06-21 14:43:57.016,146.95,25
2024-06-21 14:43:57.236,146.5,25
2024-06-21 14:43:57.802,146.75,25
2024-06-21 14:43:58.226,147.35,25
2024-06-21 14:43:59.224,146.95,50
2024-06-21 14:43:59.795,147.15,25
2024-06-21 14:44:00.038,147.35,75
2024-06-21 14:44:00.107,147.25,25
2024-06-21 14:44:00.303,147.1,25
2024-06-21 14:44:01.018,147.15,200
2024-06-21 14:44:01.256,147.4,25
2024-06-21 14:44:02.038,147.55,25
2024-06-21 14:44:02.233,147.55,25
2024-06-21 14:44:02.943,148.45,25
2024-06-21 14:44:03.223,148.8,25
2024-06-21 14:44:04.040,148.8,125
2024-06-21 14:44:04.404,148.6,25
2024-06-21 14:44:05.000,149.0,75
2024-06-21 14:44:05.621,148.6,75
2024-06-21 14:44:05.917,148.6,25
2024-06-21 14:44:06.515,149.3,175
2024-06-21 14:44:07.039,149.5,75
2024-06-21 14:44:07.811,149.05,25
2024-06-21 14:44:07.811,149.05,25
2024-06-21 14:44:07.811,149.05,25
2024-06-21 14:44:09.001,148.7,75
2024-06-21 14:44:09.340,148.6,350
2024-06-21 14:44:10.038,148.45,75
2024-06-21 14:44:10.485,147.2,50
2024-06-21 14:44:10.878,147.15,75
2024-06-21 14:44:11.528,147.2,25
2024-06-21 14:44:11.943,147.7,50
2024-06-21 14:44:11.943,147.7,50
2024-06-21 14:44:13.240,147.2,25
2024-06-21 14:44:13.432,147.25,125
2024-06-21 14:44:14.001,147.95,50
2024-06-21 14:44:14.801,147.35,25
2024-06-21 14:44:15.239,147.7,25
2024-06-21 14:44:15.761,148.25,25
2024-06-21 14:44:16.040,148.3,50
2024-06-21 14:44:16.939,148.75,50
2024-06-21 14:44:17.039,149.0,50
2024-06-21 14:44:17.067,148.9,25
2024-06-21 14:44:18.114,148.8,75
2024-06-21 14:44:19.000,148.7,75
2024-06-21 14:44:19.263,148.55,100
2024-06-21 14:44:20.038,148.3,50
2024-06-21 14:44:20.332,148.6,25
2024-06-21 14:44:21.038,147.25,75
2024-06-21 14:44:21.519,147.0,250
2024-06-21 14:44:21.956,146.7,25
2024-06-21 14:44:22.387,146.25,125
2024-06-21 14:44:22.860,147.25,125
2024-06-21 14:44:23.331,147.3,100
2024-06-21 14:44:23.981,146.85,200
2024-06-21 14:44:24.952,146.8,50
2024-06-21 14:44:25.037,147.15,50
2024-06-21 14:44:25.483,147.2,125
2024-06-21 14:44:26.061,147.15,200
2024-06-21 14:44:26.771,147.45,25
2024-06-21 14:44:27.039,147.3,75
2024-06-21 14:44:27.150,147.35,50
2024-06-21 14:44:27.770,147.6,25
2024-06-21 14:44:29.039,146.45,75
2024-06-21 14:44:29.151,146.55,50
2024-06-21 14:44:30.042,145.95,25
2024-06-21 14:44:30.331,146.05,25
2024-06-21 14:44:31.000,146.45,25
2024-06-21 14:44:31.190,146.9,25
2024-06-21 14:44:32.040,147.1,75
2024-06-21 14:44:32.713,147.5,50
2024-06-21 14:44:32.820,148.15,50
2024-06-21 14:44:33.410,148.7,75
2024-06-21 14:44:34.256,149.15,25
2024-06-21 14:44:34.756,149.7,25
2024-06-21 14:44:35.038,149.75,50
2024-06-21 14:44:35.544,148.8,200
2024-06-21 14:44:35.982,148.85,25
2024-06-21 14:44:36.935,148.2,25
2024-06-21 14:44:37.122,148.75,75
2024-06-21 14:44:38.001,148.8,75
2024-06-21 14:44:38.509,148.0,50
2024-06-21 14:44:38.820,148.45,25
2024-06-21 14:44:39.761,148.85,25
2024-06-21 14:44:40.189,149.05,75
2024-06-21 14:44:41.038,149.15,50
2024-06-21 14:44:41.112,149.6,25
2024-06-21 14:44:42.048,149.05,25
2024-06-21 14:44:42.112,149.3,25
2024-06-21 14:44:43.065,149.05,25
2024-06-21 14:44:43.183,149.3,100
2024-06-21 14:44:44.015,149.45,25
2024-06-21 14:44:44.157,149.55,125
2024-06-21 14:44:45.076,149.55,75
2024-06-21 14:44:45.589,149.9,25
2024-06-21 14:44:46.036,149.75,25
2024-06-21 14:44:46.767,149.8,75
2024-06-21 14:44:47.017,150.0,25
2024-06-21 14:44:47.265,150.05,50
2024-06-21 14:44:48.000,149.7,75
2024-06-21 14:44:48.763,150.15,25
2024-06-21 14:44:49.154,150.6,25
2024-06-21 14:44:50.038,150.45,75
2024-06-21 14:44:50.038,150.45,75
2024-06-21 14:44:51.074,150.95,75
2024-06-21 14:44:51.112,150.95,25
2024-06-21 14:44:52.072,150.65,150
2024-06-21 14:44:52.242,150.85,25
2024-06-21 14:44:52.937,151.2,25
2024-06-21 14:44:53.636,152.75,100
2024-06-21 14:44:54.063,152.05,25
2024-06-21 14:44:54.761,151.45,25
2024-06-21 14:44:55.084,151.65,100
2024-06-21 14:44:56.074,150.75,100
2024-06-21 14:44:56.801,150.85,100
2024-06-21 14:44:57.031,150.85,75
2024-06-21 14:44:57.773,150.2,25
2024-06-21 14:44:57.901,150.15,50
2024-06-21 14:44:58.542,149.95,25
2024-06-21 14:44:59.227,149.7,100
2024-06-21 14:44:59.539,150.2,25
2024-06-21 14:45:00.231,150.6,125
2024-06-21 14:45:00.357,150.45,25
2024-06-21 14:45:01.084,150.2,225
2024-06-21 14:45:01.598,150.25,50
2024-06-21 14:45:02.076,149.6,25
2024-06-21 14:45:02.487,149.6,175
2024-06-21 14:45:03.082,149.75,25
2024-06-21 14:45:03.903,147.95,50
2024-06-21 14:45:04.250,147.35,25
2024-06-21 14:45:05.084,147.3,25
2024-06-21 14:45:05.797,147.5,75
2024-06-21 14:45:06.001,147.45,25
2024-06-21 14:45:06.359,147.75,50
2024-06-21 14:45:07.082,147.55,25
2024-06-21 14:45:07.236,147.85,25
2024-06-21 14:45:08.068,147.95,25
2024-06-21 14:45:08.311,148.7,25
2024-06-21 14:45:09.243,149.05,25
2024-06-21 14:45:09.562,148.85,25
2024-06-21 14:45:09.997,148.85,100
2024-06-21 14:45:10.626,148.65,25
2024-06-21 14:45:11.077,149.1,75
2024-06-21 14:45:11.154,148.9,25
2024-06-21 14:45:12.075,148.45,25
2024-06-21 14:45:12.221,148.35,650
2024-06-21 14:45:13.053,148.65,25
2024-06-21 14:45:13.053,148.65,25
2024-06-21 14:45:14.076,149.55,25
2024-06-21 14:45:14.183,149.8,25
2024-06-21 14:45:15.038,149.4,25
2024-06-21 14:45:15.266,150.0,125
2024-06-21 14:45:16.076,149.65,25
2024-06-21 14:45:16.121,149.35,100
2024-06-21 14:45:17.204,149.45,25
2024-06-21 14:45:17.933,149.0,225
2024-06-21 14:45:17.933,149.0,225
2024-06-21 14:45:19.223,148.2,425
2024-06-21 14:45:20.114,148.1,275
2024-06-21 14:45:20.118,148.2,200
2024-06-21 14:45:21.076,148.65,25
2024-06-21 14:45:21.545,148.0,50
2024-06-21 14:45:22.082,148.45,25
2024-06-21 14:45:22.284,148.8,175
2024-06-21 14:45:22.710,148.85,25
2024-06-21 14:45:23.517,147.75,25
2024-06-21 14:45:24.054,147.5,25
2024-06-21 14:45:24.730,147.7,200
2024-06-21 14:45:25.031,147.9,25
2024-06-21 14:45:25.812,147.7,25
2024-06-21 14:45:26.038,147.5,25
2024-06-21 14:45:26.801,146.5,125
2024-06-21 14:45:27.224,145.75,400
2024-06-21 14:45:27.882,146.0,100
2024-06-21 14:45:27.882,146.0,100
2024-06-21 14:45:29.077,146.3,25
2024-06-21 14:45:29.445,146.7,25
2024-06-21 14:45:30.101,146.9,25
2024-06-21 14:45:30.267,146.9,25
2024-06-21 14:45:30.383,147.05,50
2024-06-21 14:45:31.089,147.4,200
2024-06-21 14:45:31.335,147.65,200
2024-06-21 14:45:32.055,147.45,75
2024-06-21 14:45:32.257,147.7,25
2024-06-21 14:45:32.927,146.75,75
2024-06-21 14:45:33.275,147.1,25
2024-06-21 14:45:34.079,147.8,125
2024-06-21 14:45:34.194,147.95,25
2024-06-21 14:45:35.296,147.9,200
2024-06-21 14:45:36.094,147.1,50
2024-06-21 14:45:36.453,147.35,50
2024-06-21 14:45:37.105,147.35,75
2024-06-21 14:45:37.633,147.5,25
2024-06-21 14:45:38.176,146.05,75
2024-06-21 14:45:38.702,145.5,75
2024-06-21 14:45:39.045,145.65,25
2024-06-21 14:45:39.846,144.6,75
2024-06-21 14:45:40.078,143.75,25
2024-06-21 14:45:41.047,144.75,25
2024-06-21 14:45:41.047,144.75,25
2024-06-21 14:45:41.825,144.45,225
2024-06-21 14:45:42.255,143.8,25
2024-06-21 14:45:43.084,144.15,50
2024-06-21 14:45:43.479,144.5,25
2024-06-21 14:45:44.059,143.55,25
2024-06-21 14:45:44.638,143.15,25
2024-06-21 14:45:45.061,143.2,25
2024-06-21 14:45:45.467,143.45,50
2024-06-21 14:45:46.299,142.15,50
2024-06-21 14:45:46.613,142.55,50
2024-06-21 14:45:47.116,142.1,25
2024-06-21 14:45:47.258,142.35,75
2024-06-21 14:45:47.889,141.65,25
2024-06-21 14:45:48.691,142.8,25
2024-06-21 14:45:49.093,143.2,25
2024-06-21 14:45:49.665,142.9,25
2024-06-21 14:45:50.043,142.05,25
2024-06-21 14:45:50.892,142.85,50
2024-06-21 14:45:51.102,142.4,25
2024-06-21 14:45:51.282,142.4,75
2024-06-21 14:45:52.067,142.15,25
2024-06-21 14:45:52.255,142.55,25
2024-06-21 14:45:52.763,142.65,25
2024-06-21 14:45:53.444,144.3,400
2024-06-21 14:45:54.098,143.65,25
2024-06-21 14:45:54.846,143.1,50
2024-06-21 14:45:55.068,143.5,50
2024-06-21 14:45:55.884,143.35,25
2024-06-21 14:45:56.113,143.15,25
2024-06-21 14:45:56.858,143.5,25
2024-06-21 14:45:57.110,143.8,125
2024-06-21 14:45:57.894,143.7,25
2024-06-21 14:45:58.273,143.9,50
2024-06-21 14:45:59.085,143.7,25
2024-06-21 14:45:59.461,143.95,25
2024-06-21 14:46:00.038,143.85,25
2024-06-21 14:46:00.366,142.3,200
2024-06-21 14:46:00.509,141.55,25
2024-06-21 14:46:01.490,140.0,25
2024-06-21 14:46:01.903,139.65,25
2024-06-21 14:46:02.116,139.85,50
2024-06-21 14:46:02.703,139.85,25
2024-06-21 14:46:04.115,140.35,100
2024-06-21 14:46:04.284,140.55,25
2024-06-21 14:46:05.107,140.3,25
2024-06-21 14:46:05.283,140.1,75
2024-06-21 14:46:06.321,138.7,25
2024-06-21 14:46:06.678,139.3,50
2024-06-21 14:46:07.100,137.5,25
2024-06-21 14:46:07.875,136.3,25
2024-06-21 14:46:08.237,136.65,25
2024-06-21 14:46:08.501,136.7,25
2024-06-21 14:46:09.111,136.85,50
2024-06-21 14:46:09.915,137.0,25
2024-06-21 14:46:10.076,136.85,25
2024-06-21 14:46:11.066,138.2,25
2024-06-21 14:46:11.334,137.55,25
2024-06-21 14:46:12.255,137.4,150
2024-06-21 14:46:12.714,137.35,50
2024-06-21 14:46:13.383,137.4,25
2024-06-21 14:46:14.083,137.5,25
2024-06-21 14:46:14.517,136.9,50
2024-06-21 14:46:15.125,137.0,25
2024-06-21 14:46:15.723,137.7,200
2024-06-21 14:46:16.114,137.3,75
2024-06-21 14:46:16.919,138.3,150
2024-06-21 14:46:17.081,137.9,25
2024-06-21 14:46:17.290,138.1,75
2024-06-21 14:46:17.929,137.95,25
2024-06-21 14:46:18.745,138.65,25
2024-06-21 14:46:19.275,138.4,75
2024-06-21 14:46:19.887,138.75,75
2024-06-21 14:46:20.052,138.75,25
2024-06-21 14:46:20.929,139.15,25
2024-06-21 14:46:21.105,139.25,25
2024-06-21 14:46:22.101,138.95,25
2024-06-21 14:46:22.212,138.9,150
2024-06-21 14:46:23.125,138.5,25
2024-06-21 14:46:23.125,138.5,25
2024-06-21 14:46:24.118,138.4,200
2024-06-21 14:46:24.312,138.35,150
2024-06-21 14:46:25.090,138.15,25
2024-06-21 14:46:25.750,137.55,25
2024-06-21 14:46:26.126,137.9,50
2024-06-21 14:46:26.720,137.55,50
2024-06-21 14:46:27.074,137.6,25
2024-06-21 14:46:27.703,137.95,25
2024-06-21 14:46:28.055,137.5,150
2024-06-21 14:46:28.936,137.6,25
2024-06-21 14:46:29.111,137.4,175
2024-06-21 14:46:29.908,137.1,25
2024-06-21 14:46:30.092,137.3,50
2024-06-21 14:46:30.318,138.05,50
2024-06-21 14:46:31.132,138.4,25
2024-06-21 14:46:31.286,138.25,100
2024-06-21 14:46:32.145,138.95,25
2024-06-21 14:46:32.246,139.0,25
2024-06-21 14:46:32.964,138.75,25
2024-06-21 14:46:32.964,138.75,25
2024-06-21 14:46:34.327,142.0,175
2024-06-21 14:46:34.525,141.8,100
2024-06-21 14:46:35.125,141.7,50
2024-06-21 14:46:35.561,141.4,200
2024-06-21 14:46:36.121,141.2,50
2024-06-21 14:46:36.645,141.0,25
2024-06-21 14:46:37.146,141.25,25
2024-06-21 14:46:37.532,141.2,125
2024-06-21 14:46:38.130,141.5,25
2024-06-21 14:46:38.735,141.35,50
2024-06-21 14:46:39.126,141.0,25
2024-06-21 14:46:39.866,141.75,150
2024-06-21 14:46:40.093,141.6,25
2024-06-21 14:46:41.151,142.5,25
2024-06-21 14:46:41.319,142.35,300
2024-06-21 14:46:42.084,143.1,25
2024-06-21 14:46:42.254,143.3,50
2024-06-21 14:46:43.229,143.15,25
2024-06-21 14:46:43.745,142.9,25
2024-06-21 14:46:44.137,141.55,50
2024-06-21 14:46:44.930,141.95,125
2024-06-21 14:46:45.109,142.1,25
2024-06-21 14:46:45.743,141.95,50
2024-06-21 14:46:46.151,141.35,475
2024-06-21 14:46:46.960,142.2,125
2024-06-21 14:46:47.122,142.2,50
2024-06-21 14:46:47.235,142.5,75
2024-06-21 14:46:47.981,142.0,50
2024-06-21 14:46:48.365,143.25,375
2024-06-21 14:46:48.999,143.2,75
2024-06-21 14:46:49.371,143.35,25
2024-06-21 14:46:50.363,142.95,25
2024-06-21 14:46:51.117,142.75,25
2024-06-21 14:46:51.583,142.65,100
2024-06-21 14:46:52.133,142.95,75
2024-06-21 14:46:52.675,142.95,50
2024-06-21 14:46:53.067,142.5,150
2024-06-21 14:46:53.704,142.4,75
2024-06-21 14:46:54.047,142.85,25
2024-06-21 14:46:54.787,143.2,25
2024-06-21 14:46:55.134,143.1,50
2024-06-21 14:46:55.949,142.6,25
2024-06-21 14:46:56.016,142.8,50
2024-06-21 14:46:57.172,141.5,325
2024-06-21 14:46:57.210,141.55,150
2024-06-21 14:46:58.043,141.65,250
2024-06-21 14:46:58.327,141.0,25
2024-06-21 14:46:59.117,141.35,200
2024-06-21 14:46:59.598,141.5,100
2024-06-21 14:47:00.158,141.2,25
2024-06-21 14:47:00.294,141.35,25
2024-06-21 14:47:00.780,140.55,25
2024-06-21 14:47:01.154,140.55,25
2024-06-21 14:47:01.807,139.0,25
2024-06-21 14:47:02.130,139.15,25
2024-06-21 14:47:02.494,139.6,25
2024-06-21 14:47:02.494,139.6,25
2024-06-21 14:47:03.936,139.85,25
2024-06-21 14:47:04.083,140.2,25
2024-06-21 14:47:04.995,141.0,25
2024-06-21 14:47:05.145,141.25,25
2024-06-21 14:47:05.390,140.45,25
2024-06-21 14:47:06.081,140.6,25
2024-06-21 14:47:06.310,140.95,25
2024-06-21 14:47:06.973,141.85,25
2024-06-21 14:47:07.301,141.95,25
2024-06-21 14:47:07.985,141.7,50
2024-06-21 14:47:08.696,142.0,50
2024-06-21 14:47:09.128,142.05,200
2024-06-21 14:47:09.809,141.35,50
2024-06-21 14:47:10.159,141.2,25
2024-06-21 14:47:11.012,140.85,50
2024-06-21 14:47:11.141,140.4,25
2024-06-21 14:47:11.983,140.2,75
2024-06-21 14:47:12.108,139.85,50
2024-06-21 14:47:12.552,141.5,25
2024-06-21 14:47:13.295,141.35,25
2024-06-21 14:47:14.200,140.4,75
2024-06-21 14:47:15.183,141.05,25
2024-06-21 14:47:15.974,141.45,25
2024-06-21 14:47:16.146,141.7,25
2024-06-21 14:47:16.989,142.0,25
2024-06-21 14:47:17.039,142.0,100
2024-06-21 14:47:17.920,141.55,25
2024-06-21 14:47:18.126,142.3,50
2024-06-21 14:47:18.992,142.1,25
2024-06-21 14:47:19.106,142.15,25
2024-06-21 14:47:19.381,142.0,50
2024-06-21 14:47:20.107,143.85,50
2024-06-21 14:47:20.618,143.4,25
2024-06-21 14:47:21.138,144.5,75
2024-06-21 14:47:21.678,144.45,100
2024-06-21 14:47:22.008,143.95,25
2024-06-21 14:47:22.722,143.4,50
2024-06-21 14:47:22.722,143.4,50
2024-06-21 14:47:23.705,144.15,75
2024-06-21 14:47:24.148,143.85,75
2024-06-21 14:47:24.805,143.7,100
2024-06-21 14:47:25.165,143.45,25
2024-06-21 14:47:26.013,143.05,25
2024-06-21 14:47:26.147,142.4,100
2024-06-21 14:47:27.037,142.25,25
2024-06-21 14:47:27.253,142.55,100
2024-06-21 14:47:27.470,142.2,25
2024-06-21 14:47:27.470,142.2,25
2024-06-21 14:47:28.079,142.05,25
2024-06-21 14:47:28.958,142.5,200
2024-06-21 14:47:29.574,142.25,25
2024-06-21 14:47:30.147,142.45,75
2024-06-21 14:47:30.293,142.45,25
2024-06-21 14:47:30.340,142.2,25
2024-06-21 14:47:31.074,142.7,100
2024-06-21 14:47:31.612,142.75,25
2024-06-21 14:47:32.097,142.45,75
2024-06-21 14:47:32.608,142.8,50
2024-06-21 14:47:32.945,142.45,100
2024-06-21 14:47:33.296,142.55,25
2024-06-21 14:47:34.154,143.1,125
2024-06-21 14:47:34.860,142.55,50
2024-06-21 14:47:35.132,142.65,50
2024-06-21 14:47:35.847,142.45,75
2024-06-21 14:47:36.019,142.55,25
2024-06-21 14:47:37.113,142.5,25
2024-06-21 14:47:37.247,142.85,25
2024-06-21 14:47:38.114,143.1,450
2024-06-21 14:47:38.350,142.9,75
2024-06-21 14:47:39.135,142.8,50
2024-06-21 14:47:39.630,142.6,50
2024-06-21 14:47:40.162,142.55,75
2024-06-21 14:47:40.830,141.95,25
2024-06-21 14:47:41.093,141.65,25
2024-06-21 14:47:41.863,142.5,25
2024-06-21 14:47:42.123,141.8,125
2024-06-21 14:47:42.983,142.45,50
2024-06-21 14:47:43.259,142.6,25
2024-06-21 14:47:44.122,142.4,25
2024-06-21 14:47:44.465,142.4,50
2024-06-21 14:47:45.066,142.4,25
2024-06-21 14:47:45.581,143.0,25
2024-06-21 14:47:46.114,143.3,25
2024-06-21 14:47:47.001,144.5,25
2024-06-21 14:47:47.170,144.3,25
2024-06-21 14:47:48.066,144.35,150
2024-06-21 14:47:48.066,144.35,150
2024-06-21 14:47:49.171,143.5,150
2024-06-21 14:47:49.256,143.7,25
2024-06-21 14:47:49.406,143.6,75
2024-06-21 14:47:50.009,143.45,25
2024-06-21 14:47:50.623,143.95,150
2024-06-21 14:47:51.069,143.6,25
2024-06-21 14:47:51.674,144.45,75
2024-06-21 14:47:52.134,144.25,25
2024-06-21 14:47:52.202,144.35,25
2024-06-21 14:47:52.930,144.0,100
2024-06-21 14:47:53.465,144.15,50
2024-06-21 14:47:54.384,141.9,50
2024-06-21 14:47:54.481,141.9,25
2024-06-21 14:47:55.187,142.5,25
2024-06-21 14:47:55.603,142.65,25
2024-06-21 14:47:56.186,142.65,100
2024-06-21 14:47:56.779,141.95,100
2024-06-21 14:47:57.180,141.9,150
2024-06-21 14:47:57.460,141.25,50
2024-06-21 14:47:58.025,141.2,50
2024-06-21 14:47:58.589,141.75,25
2024-06-21 14:47:59.149,141.65,25
2024-06-21 14:47:59.791,141.75,50
2024-06-21 14:48:00.187,142.25,25
2024-06-21 14:48:00.290,142.15,25
2024-06-21 14:48:00.886,142.05,50
2024-06-21 14:48:01.071,142.05,125
2024-06-21 14:48:02.066,142.7,50
2024-06-21 14:48:02.183,143.45,25
2024-06-21 14:48:02.746,143.6,25
2024-06-21 14:48:03.141,143.3,50
2024-06-21 14:48:03.461,143.65,175
2024-06-21 14:48:04.159,144.15,25
2024-06-21 14:48:04.490,143.7,25
2024-06-21 14:48:05.186,144.15,25
2024-06-21 14:48:05.361,144.3,25
2024-06-21 14:48:06.061,144.0,50
2024-06-21 14:48:06.477,144.15,75
2024-06-21 14:48:07.196,143.8,150
2024-06-21 14:48:07.459,143.9,175
2024-06-21 14:48:08.064,144.0,50
2024-06-21 14:48:08.908,144.1,25
2024-06-21 14:48:09.147,144.05,50
2024-06-21 14:48:10.094,144.15,100
2024-06-21 14:48:10.128,144.2,25
2024-06-21 14:48:11.091,142.9,25
2024-06-21 14:48:11.316,142.75,25
2024-06-21 14:48:12.155,142.65,125
2024-06-21 14:48:12.249,142.6,25
2024-06-21 14:48:12.451,142.25,75
2024-06-21 14:48:13.199,142.25,25
2024-06-21 14:48:13.719,141.6,25
2024-06-21 14:48:14.178,141.5,25
2024-06-21 14:48:14.718,141.7,50
2024-06-21 14:48:15.149,141.25,25
2024-06-21 14:48:15.800,142.15,25
2024-06-21 14:48:16.125,141.9,25
2024-06-21 14:48:16.874,141.8,100
2024-06-21 14:48:17.130,141.8,50
2024-06-21 14:48:17.723,142.35,25
2024-06-21 14:48:17.723,142.35,25
2024-06-21 14:48:19.116,142.0,250
2024-06-21 14:48:19.191,141.95,25
2024-06-21 14:48:19.904,142.4,25
2024-06-21 14:48:20.041,142.5,25
2024-06-21 14:48:21.115,142.85,25
2024-06-21 14:48:21.220,143.1,25
2024-06-21 14:48:21.726,143.3,25
2024-06-21 14:48:22.159,142.85,25
2024-06-21 14:48:22.475,142.75,75
2024-06-21 14:48:23.200,142.35,25
2024-06-21 14:48:23.561,142.6,425
2024-06-21 14:48:24.204,142.1,150
2024-06-21 14:48:24.511,142.0,50
2024-06-21 14:48:25.353,141.05,50
2024-06-21 14:48:25.470,141.2,75
2024-06-21 14:48:26.089,140.55,125
2024-06-21 14:48:26.497,140.7,25
2024-06-21 14:48:27.204,140.65,25
2024-06-21 14:48:27.506,139.45,25
2024-06-21 14:48:28.013,140.45,25
2024-06-21 14:48:28.254,139.9,175
2024-06-21 14:48:29.172,141.0,25
2024-06-21 14:48:29.721,140.75,25
2024-06-21 14:48:30.142,140.7,25
2024-06-21 14:48:30.273,140.75,25
2024-06-21 14:48:30.677,141.6,25
2024-06-21 14:48:31.198,141.1,75
2024-06-21 14:48:31.853,141.35,50
2024-06-21 14:48:32.072,141.55,75
2024-06-21 14:48:33.026,141.4,25
2024-06-21 14:48:33.528,141.0,25
2024-06-21 14:48:33.995,140.7,25
2024-06-21 14:48:33.995,140.7,25
2024-06-21 14:48:35.216,141.3,25
2024-06-21 14:48:35.733,141.4,25
2024-06-21 14:48:36.173,141.2,50
2024-06-21 14:48:36.529,141.4,25
2024-06-21 14:48:37.146,141.25,25
2024-06-21 14:48:37.512,142.0,25
2024-06-21 14:48:37.933,142.2,100
2024-06-21 14:48:38.434,142.0,25
2024-06-21 14:48:39.184,142.2,25
2024-06-21 14:48:39.413,142.25,25
2024-06-21 14:48:40.204,141.9,25
2024-06-21 14:48:40.417,141.75,125
2024-06-21 14:48:41.148,142.0,25
2024-06-21 14:48:41.760,142.05,25
2024-06-21 14:48:42.191,141.9,50
2024-06-21 14:48:42.749,141.8,50
2024-06-21 14:48:43.203,141.9,100
2024-06-21 14:48:43.503,141.4,50
2024-06-21 14:48:44.004,141.35,50
2024-06-21 14:48:44.821,141.3,25
2024-06-21 14:48:45.135,141.25,100
2024-06-21 14:48:45.577,141.2,100
2024-06-21 14:48:46.141,141.5,25
2024-06-21 14:48:47.122,141.2,25
2024-06-21 14:48:47.674,141.35,25
2024-06-21 14:48:48.209,141.75,100
2024-06-21 14:48:49.120,143.25,100
2024-06-21 14:48:49.197,143.35,25
2024-06-21 14:48:49.561,143.0,25
2024-06-21 14:48:50.152,142.45,25
2024-06-21 14:48:50.510,142.7,25
2024-06-21 14:48:51.196,142.4,50
2024-06-21 14:48:51.529,142.3,50
2024-06-21 14:48:52.113,141.9,25
2024-06-21 14:48:52.484,141.7,100
2024-06-21 14:48:53.011,142.2,25
2024-06-21 14:48:53.507,141.9,250
2024-06-21 14:48:54.212,141.7,250
2024-06-21 14:48:54.559,142.2,75
2024-06-21 14:48:55.128,141.9,25
2024-06-21 14:48:55.417,141.6,25
2024-06-21 14:48:56.054,142.4,50
2024-06-21 14:48:56.721,142.2,25
2024-06-21 14:48:56.973,142.4,25
2024-06-21 14:48:57.904,143.0,75
2024-06-21 14:48:57.904,143.0,75
2024-06-21 14:48:59.235,144.0,25
2024-06-21 14:49:00.217,143.9,25
2024-06-21 14:49:00.240,144.0,25
2024-06-21 14:49:01.116,143.7,75
2024-06-21 14:49:01.116,143.7,75
2024-06-21 14:49:01.520,143.6,25
2024-06-21 14:49:02.126,143.7,25
2024-06-21 14:49:02.357,143.4,25
2024-06-21 14:49:03.056,143.25,75
2024-06-21 14:49:03.471,142.95,25
2024-06-21 14:49:04.144,142.65,25
2024-06-21 14:49:04.953,142.55,25
2024-06-21 14:49:05.226,142.6,25
2024-06-21 14:49:05.917,143.3,25
2024-06-21 14:49:06.214,143.35,25
2024-06-21 14:49:06.979,143.35,200
2024-06-21 14:49:07.155,143.0,50
2024-06-21 14:49:07.850,142.95,25
2024-06-21 14:49:09.233,143.3,50
2024-06-21 14:49:10.120,144.25,25
2024-06-21 14:49:10.390,144.1,25
2024-06-21 14:49:10.453,143.6,250
2024-06-21 14:49:11.199,143.65,25
2024-06-21 14:49:11.531,143.6,25
2024-06-21 14:49:12.281,142.3,25
2024-06-21 14:49:12.460,142.45,25
2024-06-21 14:49:12.857,142.95,25
2024-06-21 14:49:13.705,142.9,50
2024-06-21 14:49:14.201,143.0,50
2024-06-21 14:49:14.295,143.05,50
2024-06-21 14:49:15.102,142.95,25
2024-06-21 14:49:16.211,143.6,50
2024-06-21 14:49:17.149,145.0,50
2024-06-21 14:49:18.028,145.0,25
2024-06-21 14:49:18.368,144.65,125
2024-06-21 14:49:18.368,144.65,125
2024-06-21 14:49:19.243,145.6,50
2024-06-21 14:49:19.604,145.3,25
2024-06-21 14:49:20.213,144.0,75
2024-06-21 14:49:20.721,143.8,200
2024-06-21 14:49:21.207,144.65,25
2024-06-21 14:49:21.522,145.25,25
2024-06-21 14:49:22.222,144.5,25
2024-06-21 14:49:22.528,144.2,50
2024-06-21 14:49:22.858,143.6,75
2024-06-21 14:49:23.570,143.95,25
2024-06-21 14:49:24.177,143.75,100
2024-06-21 14:49:24.819,143.6,25
2024-06-21 14:49:25.188,143.2,75
2024-06-21 14:49:25.973,144.4,25
2024-06-21 14:49:26.216,144.5,25
2024-06-21 14:49:26.992,145.4,25
2024-06-21 14:49:27.225,145.25,25
2024-06-21 14:49:28.243,145.25,150
2024-06-21 14:49:29.144,146.0,50
2024-06-21 14:49:29.244,145.85,25
2024-06-21 14:49:29.606,146.2,25
2024-06-21 14:49:30.252,146.45,50
2024-06-21 14:49:30.311,146.35,25
2024-06-21 14:49:30.624,146.2,125
2024-06-21 14:49:31.231,145.95,75
2024-06-21 14:49:31.796,145.6,25
2024-06-21 14:49:32.132,145.35,200
2024-06-21 14:49:32.797,145.4,25
2024-06-21 14:49:33.071,145.6,50
2024-06-21 14:49:34.011,145.15,25
2024-06-21 14:49:34.238,144.8,25
2024-06-21 14:49:35.213,145.7,25
2024-06-21 14:49:35.213,145.7,25
2024-06-21 14:49:36.212,146.6,25
2024-06-21 14:49:36.447,146.9,125
2024-06-21 14:49:37.209,146.35,225
2024-06-21 14:49:37.209,146.35,225
2024-06-21 14:49:38.036,147.05,50
2024-06-21 14:49:38.831,147.45,50
2024-06-21 14:49:39.167,146.95,25
2024-06-21 14:49:39.808,147.3,25
2024-06-21 14:49:40.241,146.75,100
2024-06-21 14:49:40.831,146.15,25
2024-06-21 14:49:41.183,146.25,25
2024-06-21 14:49:41.794,146.6,25
2024-06-21 14:49:42.222,146.45,100
2024-06-21 14:49:42.678,147.1,50
2024-06-21 14:49:43.140,147.0,25
2024-06-21 14:49:44.013,147.65,75
2024-06-21 14:49:44.417,147.8,25
2024-06-21 14:49:45.216,148.4,100
2024-06-21 14:49:46.236,147.15,25
2024-06-21 14:49:46.421,147.4,25
2024-06-21 14:49:46.636,147.15,25
2024-06-21 14:49:47.170,146.9,25
2024-06-21 14:49:47.477,147.3,50
2024-06-21 14:49:48.057,146.9,25
2024-06-21 14:49:48.971,146.4,25
2024-06-21 14:49:49.265,146.3,50
2024-06-21 14:49:49.842,146.7,50
2024-06-21 14:49:50.246,146.6,50
2024-06-21 14:49:50.833,147.15,100
2024-06-21 14:49:51.224,146.95,75
2024-06-21 14:49:52.024,147.65,75
2024-06-21 14:49:52.181,147.65,400
2024-06-21 14:49:53.165,147.25,25
2024-06-21 14:49:53.396,147.1,25
2024-06-21 14:49:54.395,146.9,25
2024-06-21 14:49:54.636,147.0,25
2024-06-21 14:49:55.250,148.25,25
2024-06-21 14:49:55.615,148.35,25
2024-06-21 14:49:56.264,148.4,25
2024-06-21 14:49:56.819,147.95,100
2024-06-21 14:49:57.211,147.75,25
2024-06-21 14:49:58.097,147.8,25
2024-06-21 14:49:59.221,148.2,75
2024-06-21 14:50:00.200,146.45,50
2024-06-21 14:50:00.425,147.2,25
2024-06-21 14:50:01.268,146.95,25
2024-06-21 14:50:01.413,146.7,50
2024-06-21 14:50:01.621,147.05,50
2024-06-21 14:50:02.411,146.8,200
2024-06-21 14:50:02.729,146.95,25
2024-06-21 14:50:03.231,146.3,25
2024-06-21 14:50:03.831,146.3,50
2024-06-21 14:50:04.214,146.45,25
2024-06-21 14:50:04.558,146.7,75
2024-06-21 14:50:05.246,146.05,25
2024-06-21 14:50:05.878,146.45,150
2024-06-21 14:50:06.343,146.25,25
2024-06-21 14:50:06.699,146.95,75
2024-06-21 14:50:07.272,147.15,50
2024-06-21 14:50:07.837,147.35,150
2024-06-21 14:50:08.278,147.0,175
2024-06-21 14:50:09.029,147.35,25
2024-06-21 14:50:09.271,147.75,25
2024-06-21 14:50:09.732,147.1,50
2024-06-21 14:50:10.242,147.15,75
2024-06-21 14:50:11.068,146.8,25
2024-06-21 14:50:11.124,146.8,25
2024-06-21 14:50:12.268,146.7,50
2024-06-21 14:50:12.268,146.7,50
2024-06-21 14:50:12.501,146.8,25
2024-06-21 14:50:13.159,146.2,75
2024-06-21 14:50:13.439,146.0,100
2024-06-21 14:50:14.215,145.0,50
2024-06-21 14:50:14.673,145.25,200
2024-06-21 14:50:15.293,145.95,25
2024-06-21 14:50:15.580,145.95,50
2024-06-21 14:50:16.204,145.7,50
2024-06-21 14:50:16.836,146.05,100
2024-06-21 14:50:17.200,146.15,75
2024-06-21 14:50:17.730,146.1,275
2024-06-21 14:50:18.452,147.55,25
2024-06-21 14:50:18.987,147.7,50
2024-06-21 14:50:19.183,147.85,25
2024-06-21 14:50:20.180,147.75,100
2024-06-21 14:50:20.661,147.85,125
2024-06-21 14:50:21.275,147.85,50
2024-06-21 14:50:21.642,147.55,50
2024-06-21 14:50:22.225,148.85,75
2024-06-21 14:50:22.754,149.2,25
2024-06-21 14:50:23.132,148.65,25
2024-06-21 14:50:23.902,149.2,75
2024-06-21 14:50:24.265,149.4,25
2024-06-21 14:50:25.093,150.8,50
2024-06-21 14:50:25.277,151.0,25
2024-06-21 14:50:25.880,151.15,25
2024-06-21 14:50:26.494,150.8,125
2024-06-21 14:50:26.909,150.6,75
2024-06-21 14:50:27.230,150.8,50
2024-06-21 14:50:28.019,150.55,50
2024-06-21 14:50:28.285,150.7,50
2024-06-21 14:50:28.814,150.35,125
2024-06-21 14:50:29.291,149.8,50
2024-06-21 14:50:29.892,150.0,50
2024-06-21 14:50:30.301,150.4,125
2024-06-21 14:50:31.021,150.5,25
2024-06-21 14:50:31.147,150.5,50
2024-06-21 14:50:32.024,150.8,25
2024-06-21 14:50:32.267,151.0,50
2024-06-21 14:50:33.121,151.2,100
2024-06-21 14:50:33.468,151.5,25
2024-06-21 14:50:34.273,151.9,25
2024-06-21 14:50:34.490,151.8,50
2024-06-21 14:50:34.698,151.45,100
2024-06-21 14:50:35.280,152.2,25
2024-06-21 14:50:35.897,151.4,25
2024-06-21 14:50:36.292,151.35,50
2024-06-21 14:50:36.708,151.35,50
2024-06-21 14:50:37.205,151.8,300
2024-06-21 14:50:37.536,151.65,50
2024-06-21 14:50:38.201,151.0,25
2024-06-21 14:50:38.708,150.75,100
2024-06-21 14:50:39.243,151.2,25
2024-06-21 14:50:39.702,150.8,25
2024-06-21 14:50:40.497,150.75,25
2024-06-21 14:50:41.108,150.45,175
2024-06-21 14:50:41.247,150.15,25
2024-06-21 14:50:42.038,150.2,25
2024-06-21 14:50:42.299,149.75,25
2024-06-21 14:50:42.793,150.25,50
2024-06-21 14:50:43.303,150.45,25
2024-06-21 14:50:43.906,150.85,200
2024-06-21 14:50:44.273,150.85,25
2024-06-21 14:50:45.104,151.5,25
2024-06-21 14:50:45.497,151.65,125
2024-06-21 14:50:46.042,151.8,50
2024-06-21 14:50:46.261,151.8,150
2024-06-21 14:50:47.066,152.1,25
2024-06-21 14:50:47.228,152.05,75
2024-06-21 14:50:47.721,152.1,25
2024-06-21 14:50:49.238,151.7,150
2024-06-21 14:50:49.335,151.35,75
2024-06-21 14:50:49.728,151.45,175
2024-06-21 14:50:50.206,151.15,50
2024-06-21 14:50:50.893,151.4,50
2024-06-21 14:50:51.237,151.5,75
2024-06-21 14:50:51.916,151.05,50
2024-06-21 14:50:52.216,151.35,25
2024-06-21 14:50:52.725,151.25,200
2024-06-21 14:50:53.308,151.15,75
2024-06-21 14:50:53.729,150.1,75
2024-06-21 14:50:54.250,150.7,250
2024-06-21 14:50:54.863,150.85,25
2024-06-21 14:50:55.259,150.25,50
2024-06-21 14:50:55.800,151.35,175
2024-06-21 14:50:56.297,151.4,100
2024-06-21 14:50:56.926,151.25,100
2024-06-21 14:50:57.505,151.75,50
2024-06-21 14:50:57.505,151.75,50
2024-06-21 14:50:58.216,151.5,150
2024-06-21 14:50:58.877,151.7,75
2024-06-21 14:50:59.285,151.5,25
2024-06-21 14:51:00.154,152.0,200
2024-06-21 14:51:00.154,152.0,200
2024-06-21 14:51:01.312,151.95,175
2024-06-21 14:51:01.354,152.5,50
2024-06-21 14:51:02.185,152.55,25
2024-06-21 14:51:02.459,152.75,175
2024-06-21 14:51:02.721,152.8,150
2024-06-21 14:51:03.267,152.0,75
2024-06-21 14:51:03.748,151.9,25
2024-06-21 14:51:04.291,152.0,25
2024-06-21 14:51:04.950,152.6,25
2024-06-21 14:51:05.276,153.15,25
2024-06-21 14:51:05.767,152.6,50
2024-06-21 14:51:06.307,152.15,75
2024-06-21 14:51:06.965,152.5,25
2024-06-21 14:51:07.270,152.5,25
2024-06-21 14:51:07.945,152.4,25
2024-06-21 14:51:08.269,150.85,75
2024-06-21 14:51:08.786,151.05,125
2024-06-21 14:51:09.272,151.4,25
2024-06-21 14:51:09.958,151.05,25
2024-06-21 14:51:10.295,150.7,25
2024-06-21 14:51:11.169,150.6,25
2024-06-21 14:51:11.315,150.6,100
2024-06-21 14:51:12.166,150.2,25
2024-06-21 14:51:12.295,150.1,25
2024-06-21 14:51:13.011,150.75,125
2024-06-21 14:51:13.309,149.5,125
2024-06-21 14:51:14.159,149.35,75
2024-06-21 14:51:14.213,149.7,50
2024-06-21 14:51:15.176,149.6,125
2024-06-21 14:51:15.265,149.55,50
2024-06-21 14:51:16.175,150.35,25
2024-06-21 14:51:16.369,150.8,75
2024-06-21 14:51:17.144,150.85,125
2024-06-21 14:51:18.354,151.1,150
2024-06-21 14:51:18.970,151.05,25
2024-06-21 14:51:19.265,151.35,25
2024-06-21 14:51:19.783,151.05,25
2024-06-21 14:51:20.276,151.2,25
2024-06-21 14:51:21.101,150.45,25
2024-06-21 14:51:21.210,150.55,25
2024-06-21 14:51:22.178,151.2,25
2024-06-21 14:51:22.269,150.95,25
2024-06-21 14:51:22.907,151.0,25
2024-06-21 14:51:23.013,151.2,25
2024-06-21 14:51:24.380,150.0,25
2024-06-21 14:51:25.220,150.4,75
2024-06-21 14:51:25.345,150.5,25
2024-06-21 14:51:25.764,150.55,50
2024-06-21 14:51:26.281,150.65,25
2024-06-21 14:51:26.920,148.45,25
2024-06-21 14:51:27.453,148.4,50
2024-06-21 14:51:27.453,148.4,50
2024-06-21 14:51:27.453,148.4,50
2024-06-21 14:51:29.287,147.3,25
2024-06-21 14:51:29.397,147.2,100
2024-06-21 14:51:30.386,145.65,50
2024-06-21 14:51:31.308,145.8,50
2024-06-21 14:51:31.394,146.1,125
2024-06-21 14:51:32.257,144.85,75
2024-06-21 14:51:32.491,144.85,50
2024-06-21 14:51:32.491,144.85,50
2024-06-21 14:51:32.993,144.05,50
2024-06-21 14:51:33.657,143.4,25
2024-06-21 14:51:34.325,143.0,75
2024-06-21 14:51:35.004,142.65,50
2024-06-21 14:51:35.315,142.2,50
2024-06-21 14:51:36.223,141.85,25
2024-06-21 14:51:36.325,141.55,100
2024-06-21 14:51:37.247,142.3,25
2024-06-21 14:51:37.432,142.65,25
2024-06-21 14:51:38.213,142.75,75
2024-06-21 14:51:38.213,142.75,75
2024-06-21 14:51:39.395,143.05,75
2024-06-21 14:51:39.811,143.2,275
2024-06-21 14:51:40.325,142.75,125
2024-06-21 14:51:41.027,141.45,25
2024-06-21 14:51:41.306,141.4,100
2024-06-21 14:51:42.203,140.55,50
2024-06-21 14:51:42.271,140.7,100
2024-06-21 14:51:43.249,140.25,50
2024-06-21 14:51:43.249,140.25,50
2024-06-21 14:51:44.314,141.7,50
2024-06-21 14:51:44.842,142.45,25
2024-06-21 14:51:45.318,141.75,125
2024-06-21 14:51:46.029,141.0,25
2024-06-21 14:51:46.317,141.2,75
2024-06-21 14:51:46.956,141.8,25
2024-06-21 14:51:47.501,141.4,25
2024-06-21 14:51:47.962,141.2,25
2024-06-21 14:51:47.962,141.2,25
2024-06-21 14:51:49.315,141.6,100
2024-06-21 14:51:50.299,141.7,25
2024-06-21 14:51:50.432,141.8,25
2024-06-21 14:51:50.829,142.0,25
2024-06-21 14:51:51.321,141.95,75
2024-06-21 14:51:51.758,141.75,50
2024-06-21 14:51:52.262,141.95,25
2024-06-21 14:51:52.938,141.25,25
2024-06-21 14:51:53.303,141.75,25
2024-06-21 14:51:53.843,141.3,25
2024-06-21 14:51:54.291,141.8,25
2024-06-21 14:51:55.039,141.8,25
2024-06-21 14:51:55.308,141.75,100
2024-06-21 14:51:56.050,142.05,75
2024-06-21 14:51:56.342,142.1,50
2024-06-21 14:51:56.997,141.6,100
2024-06-21 14:51:57.187,141.3,125
2024-06-21 14:51:58.038,140.7,25
2024-06-21 14:51:58.349,140.35,100
2024-06-21 14:51:59.344,140.7,75
2024-06-21 14:52:00.177,140.25,25
2024-06-21 14:52:00.449,140.55,25
2024-06-21 14:52:01.312,140.2,25
2024-06-21 14:52:01.458,140.2,25
2024-06-21 14:52:02.339,138.7,100
2024-06-21 14:52:02.500,138.95,50
2024-06-21 14:52:03.165,139.65,25
2024-06-21 14:52:03.849,139.2,25
2024-06-21 14:52:04.344,139.05,25
2024-06-21 14:52:05.241,138.05,200
2024-06-21 14:52:05.542,137.55,75
2024-06-21 14:52:06.341,136.6,100
2024-06-21 14:52:06.456,137.2,25
2024-06-21 14:52:07.234,134.6,25
2024-06-21 14:52:07.458,134.55,75
2024-06-21 14:52:08.382,134.45,25
2024-06-21 14:52:08.842,134.8,200
2024-06-21 14:52:09.353,135.25,25
2024-06-21 14:52:10.073,134.8,75
2024-06-21 14:52:10.316,135.4,500
2024-06-21 14:52:11.271,135.2,75
2024-06-21 14:52:11.558,135.65,25
2024-06-21 14:52:12.265,135.0,25
2024-06-21 14:52:12.265,135.0,25
2024-06-21 14:52:13.261,133.7,50
2024-06-21 14:52:13.662,134.2,25
2024-06-21 14:52:14.667,132.75,25
2024-06-21 14:52:14.864,132.75,50
2024-06-21 14:52:15.340,131.8,25
2024-06-21 14:52:16.069,131.85,25
2024-06-21 14:52:16.560,134.4,75
2024-06-21 14:52:17.308,133.7,25
2024-06-21 14:52:17.537,134.4,100
2024-06-21 14:52:18.273,133.7,25
2024-06-21 14:52:18.273,133.7,25
2024-06-21 14:52:19.340,133.2,100
2024-06-21 14:52:19.641,133.7,50
2024-06-21 14:52:19.843,133.9,50
2024-06-21 14:52:20.521,132.85,25
2024-06-21 14:52:21.038,133.4,25
2024-06-21 14:52:21.346,133.3,75
2024-06-21 14:52:22.226,132.65,500
2024-06-21 14:52:22.226,132.65,500
2024-06-21 14:52:22.459,132.7,150
2024-06-21 14:52:24.543,132.9,100
2024-06-21 14:52:25.361,133.5,25
2024-06-21 14:52:25.491,133.15,25
2024-06-21 14:52:26.339,133.4,25
2024-06-21 14:52:26.423,133.45,25
2024-06-21 14:52:26.874,133.85,50
2024-06-21 14:52:27.295,132.3,50
2024-06-21 14:52:28.046,132.15,25
2024-06-21 14:52:28.046,132.15,25
2024-06-21 14:52:29.079,131.6,25
2024-06-21 14:52:29.332,131.2,150
2024-06-21 14:52:29.877,131.1,25
2024-06-21 14:52:30.338,130.7,175
2024-06-21 14:52:31.083,131.7,25
2024-06-21 14:52:31.534,130.8,50
2024-06-21 14:52:32.203,130.45,75
2024-06-21 14:52:33.353,129.2,50
2024-06-21 14:52:33.492,129.7,25
2024-06-21 14:52:34.351,129.5,25
2024-06-21 14:52:34.490,130.1,50
2024-06-21 14:52:35.344,130.8,25
2024-06-21 14:52:35.455,130.7,25
2024-06-21 14:52:36.539,131.05,100
2024-06-21 14:52:37.254,131.25,25
2024-06-21 14:52:37.449,131.4,25
2024-06-21 14:52:38.191,132.35,25
2024-06-21 14:52:38.340,132.3,50
2024-06-21 14:52:38.891,132.6,100
2024-06-21 14:52:39.373,131.7,225
2024-06-21 14:52:40.083,131.0,675
2024-06-21 14:52:40.521,130.8,375
2024-06-21 14:52:41.102,130.9,75
2024-06-21 14:52:41.309,130.9,75
2024-06-21 14:52:42.239,129.1,25
2024-06-21 14:52:43.309,129.15,175
2024-06-21 14:52:43.309,129.15,175
2024-06-21 14:52:44.345,130.45,75
2024-06-21 14:52:44.503,130.0,125
2024-06-21 14:52:45.317,129.6,100
2024-06-21 14:52:45.694,130.1,250
2024-06-21 14:52:45.876,130.4,50
2024-06-21 14:52:46.293,130.2,100
2024-06-21 14:52:46.921,130.2,100
2024-06-21 14:52:47.137,129.65,125
2024-06-21 14:52:48.430,129.15,25
2024-06-21 14:52:49.352,129.45,25
2024-06-21 14:52:49.427,129.1,25
2024-06-21 14:52:50.376,129.4,25
2024-06-21 14:52:50.523,130.0,25
2024-06-21 14:52:51.351,130.2,100
2024-06-21 14:52:51.497,130.8,25
2024-06-21 14:52:52.220,130.15,25
2024-06-21 14:52:52.710,130.1,25
2024-06-21 14:52:52.710,130.1,25
2024-06-21 14:52:53.290,130.6,25
2024-06-21 14:52:53.812,130.0,50
2024-06-21 14:52:54.451,129.5,25
2024-06-21 14:52:55.129,129.0,25
2024-06-21 14:52:55.359,129.15,125
2024-06-21 14:52:56.116,128.95,1225
2024-06-21 14:52:56.315,129.15,50
2024-06-21 14:52:57.270,129.65,25
2024-06-21 14:52:57.983,129.35,25
2024-06-21 14:52:58.180,128.55,75
2024-06-21 14:52:59.068,128.35,50
2024-06-21 14:52:59.370,128.0,100
2024-06-21 14:52:59.939,128.15,100
2024-06-21 14:53:00.372,128.45,50
2024-06-21 14:53:01.303,128.7,25
2024-06-21 14:53:01.362,128.95,975
2024-06-21 14:53:02.260,128.6,50
2024-06-21 14:53:02.475,128.35,25
2024-06-21 14:53:03.368,128.4,50
2024-06-21 14:53:03.368,128.4,50
2024-06-21 14:53:04.373,128.0,100
2024-06-21 14:53:04.534,128.2,25
2024-06-21 14:53:05.387,129.1,100
2024-06-21 14:53:05.934,129.05,25
2024-06-21 14:53:06.583,129.3,50
2024-06-21 14:53:07.116,128.7,50
2024-06-21 14:53:07.264,128.3,25
2024-06-21 14:53:07.783,128.55,50
2024-06-21 14:53:08.189,128.5,50
2024-06-21 14:53:08.910,128.95,75
2024-06-21 14:53:09.376,128.5,50
2024-06-21 14:53:10.130,128.7,125
2024-06-21 14:53:10.343,129.1,50
2024-06-21 14:53:11.119,129.35,100
2024-06-21 14:53:11.394,129.55,50
2024-06-21 14:53:12.254,130.7,25
2024-06-21 14:53:12.568,130.05,25
2024-06-21 14:53:13.364,130.55,75
2024-06-21 14:53:13.364,130.55,75
2024-06-21 14:53:14.302,129.5,25
2024-06-21 14:53:14.508,129.65,100
2024-06-21 14:53:15.339,129.7,25
2024-06-21 14:53:15.518,129.8,50
2024-06-21 14:53:15.918,129.8,25
2024-06-21 14:53:16.321,129.9,25
2024-06-21 14:53:16.939,129.95,200
2024-06-21 14:53:17.270,129.8,50
2024-06-21 14:53:18.101,130.1,75
2024-06-21 14:53:18.403,129.95,25
2024-06-21 14:53:19.161,129.85,25
2024-06-21 14:53:19.371,130.2,25
2024-06-21 14:53:19.922,129.9,50
2024-06-21 14:53:20.393,130.9,75
2024-06-21 14:53:20.976,130.9,25
2024-06-21 14:53:21.579,130.8,25
2024-06-21 14:53:22.161,131.25,100
2024-06-21 14:53:22.327,130.35,50
2024-06-21 14:53:22.853,130.2,150
2024-06-21 14:53:23.299,130.5,25
2024-06-21 14:53:24.129,130.3,100
2024-06-21 14:53:24.357,130.85,100
2024-06-21 14:53:24.857,130.5,50
2024-06-21 14:53:25.376,130.5,125
2024-06-21 14:53:25.966,130.15,25
2024-06-21 14:53:26.394,130.25,125
2024-06-21 14:53:27.271,128.7,25
2024-06-21 14:53:27.486,128.8,75
2024-06-21 14:53:27.815,128.5,75
2024-06-21 14:53:27.815,128.5,75
2024-06-21 14:53:29.329,128.8,175
2024-06-21 14:53:29.487,129.0,25
2024-06-21 14:53:30.317,129.2,50
2024-06-21 14:53:30.578,128.9,50
2024-06-21 14:53:30.984,128.4,50
2024-06-21 14:53:31.584,128.9,50
2024-06-21 14:53:32.151,128.6,25
2024-06-21 14:53:32.256,128.55,75
2024-06-21 14:53:32.703,128.5,25
2024-06-21 14:53:34.322,127.95,175
2024-06-21 14:53:35.370,128.35,75
2024-06-21 14:53:35.370,128.35,75
2024-06-21 14:53:36.392,129.55,150
2024-06-21 14:53:36.770,129.4,25
2024-06-21 14:53:36.946,129.2,25
2024-06-21 14:53:37.242,129.75,25
2024-06-21 14:53:37.817,130.1,50
2024-06-21 14:53:38.361,129.75,25
2024-06-21 14:53:38.974,129.5,25
2024-06-21 14:53:39.321,129.5,25
2024-06-21 14:53:39.888,129.25,25
2024-06-21 14:53:40.362,129.0,25
2024-06-21 14:53:40.972,129.0,25
2024-06-21 14:53:41.393,128.7,25
2024-06-21 14:53:41.980,126.75,25
2024-06-21 14:53:42.490,127.35,100
2024-06-21 14:53:42.944,127.4,225
2024-06-21 14:53:43.188,127.1,400
2024-06-21 14:53:43.979,126.65,25
2024-06-21 14:53:44.369,126.75,150
2024-06-21 14:53:45.175,126.0,50
2024-06-21 14:53:45.375,126.25,75
2024-06-21 14:53:46.152,126.45,25
2024-06-21 14:53:46.395,126.1,50
2024-06-21 14:53:47.361,126.5,350
2024-06-21 14:53:48.243,126.7,100
2024-06-21 14:53:48.572,127.45,25
2024-06-21 14:53:48.926,126.9,25
2024-06-21 14:53:49.291,126.6,25
2024-06-21 14:53:49.968,126.5,25
2024-06-21 14:53:50.343,126.45,75
2024-06-21 14:53:51.199,127.1,25
2024-06-21 14:53:51.406,126.95,25
2024-06-21 14:53:52.197,127.0,25
