time,ltp,volume
2024-06-21 14:27:31,23475.45,0
2024-06-21 14:27:31,23476.15,0
2024-06-21 14:27:32,23474.2,0
2024-06-21 14:27:32,23474.05,0
2024-06-21 14:27:33,23470.25,0
2024-06-21 14:27:33,23469.45,0
2024-06-21 14:27:34,23470.1,0
2024-06-21 14:27:34,23472.4,0
2024-06-21 14:27:35,23471.4,0
2024-06-21 14:27:35,23471.85,0
2024-06-21 14:27:36,23467.65,0
2024-06-21 14:27:36,23468.0,0
2024-06-21 14:27:37,23467.4,0
2024-06-21 14:27:37,23468.75,0
2024-06-21 14:27:38,23468.25,0
2024-06-21 14:27:38,23467.65,0
2024-06-21 14:27:39,23466.25,0
2024-06-21 14:27:39,23464.75,0
2024-06-21 14:27:40,23461.65,0
2024-06-21 14:27:40,23461.95,0
2024-06-21 14:27:41,23460.3,0
2024-06-21 14:27:41,23464.25,0
2024-06-21 14:27:42,23464.1,0
2024-06-21 14:27:42,23464.55,0
2024-06-21 14:27:43,23465.2,0
2024-06-21 14:27:43,23465.2,0
2024-06-21 14:27:44,23465.3,0
2024-06-21 14:27:44,23465.25,0
2024-06-21 14:27:45,23466.8,0
2024-06-21 14:27:45,23467.55,0
2024-06-21 14:27:46,23467.2,0
2024-06-21 14:27:46,23468.25,0
2024-06-21 14:27:47,23468.45,0
2024-06-21 14:27:47,23470.0,0
2024-06-21 14:27:48,23469.4,0
2024-06-21 14:27:48,23469.15,0
2024-06-21 14:27:49,23469.25,0
2024-06-21 14:27:49,23468.7,0
2024-06-21 14:27:50,23467.2,0
2024-06-21 14:27:50,23468.65,0
2024-06-21 14:27:51,23468.55,0
2024-06-21 14:27:51,23467.65,0
2024-06-21 14:27:52,23469.0,0
2024-06-21 14:27:52,23469.75,0
2024-06-21 14:27:53,23471.25,0
2024-06-21 14:27:53,23470.45,0
2024-06-21 14:27:54,23469.5,0
2024-06-21 14:27:54,23470.65,0
2024-06-21 14:27:55,23471.35,0
2024-06-21 14:27:55,23470.3,0
2024-06-21 14:27:56,23471.6,0
2024-06-21 14:27:56,23473.5,0
2024-06-21 14:27:57,23472.1,0
2024-06-21 14:27:57,23472.0,0
2024-06-21 14:27:58,23471.95,0
2024-06-21 14:27:58,23471.65,0
2024-06-21 14:27:59,23469.8,0
2024-06-21 14:27:59,23470.3,0
2024-06-21 14:28:00,23470.2,0
2024-06-21 14:28:00,23469.8,0
2024-06-21 14:28:01,23469.45,0
2024-06-21 14:28:01,23470.15,0
2024-06-21 14:28:02,23468.2,0
2024-06-21 14:28:02,23466.7,0
2024-06-21 14:28:03,23467.6,0
2024-06-21 14:28:03,23467.1,0
2024-06-21 14:28:04,23468.2,0
2024-06-21 14:28:04,23469.1,0
2024-06-21 14:28:05,23469.0,0
2024-06-21 14:28:05,23470.55,0
2024-06-21 14:28:06,23468.95,0
2024-06-21 14:28:06,23468.5,0
2024-06-21 14:28:07,23469.75,0
2024-06-21 14:28:07,23470.8,0
2024-06-21 14:28:08,23470.8,0
2024-06-21 14:28:08,23468.95,0
2024-06-21 14:28:09,23468.25,0
2024-06-21 14:28:09,23469.3,0
2024-06-21 14:28:10,23467.3,0
2024-06-21 14:28:10,23467.9,0
2024-06-21 14:28:11,23466.4,0
2024-06-21 14:28:11,23467.9,0
2024-06-21 14:28:12,23466.85,0
2024-06-21 14:28:12,23468.25,0
2024-06-21 14:28:13,23468.2,0
2024-06-21 14:28:13,23467.95,0
2024-06-21 14:28:14,23467.95,0
2024-06-21 14:28:14,23467.4,0
2024-06-21 14:28:15,23468.05,0
2024-06-21 14:28:15,23469.7,0
2024-06-21 14:28:16,23470.2,0
2024-06-21 14:28:16,23470.55,0
2024-06-21 14:28:17,23471.2,0
2024-06-21 14:28:17,23470.65,0
2024-06-21 14:28:18,23470.4,0
2024-06-21 14:28:18,23469.5,0
2024-06-21 14:28:19,23469.55,0
2024-06-21 14:28:19,23468.15,0
2024-06-21 14:28:20,23467.6,0
2024-06-21 14:28:20,23470.05,0
2024-06-21 14:28:21,23469.1,0
2024-06-21 14:28:21,23468.55,0
2024-06-21 14:28:22,23468.75,0
2024-06-21 14:28:22,23468.7,0
2024-06-21 14:28:23,23469.9,0
2024-06-21 14:28:23,23469.75,0
2024-06-21 14:28:24,23469.0,0
2024-06-21 14:28:24,23470.0,0
2024-06-21 14:28:25,23469.55,0
2024-06-21 14:28:25,23470.5,0
2024-06-21 14:28:26,23471.45,0
2024-06-21 14:28:26,23472.8,0
2024-06-21 14:28:27,23471.45,0
2024-06-21 14:28:27,23473.3,0
2024-06-21 14:28:28,23473.25,0
2024-06-21 14:28:28,23473.15,0
2024-06-21 14:28:29,23471.05,0
2024-06-21 14:28:29,23470.2,0
2024-06-21 14:28:30,23470.9,0
2024-06-21 14:28:30,23469.0,0
2024-06-21 14:28:31,23465.25,0
2024-06-21 14:28:31,23464.25,0
2024-06-21 14:28:32,23463.7,0
2024-06-21 14:28:32,23465.45,0
2024-06-21 14:28:33,23467.95,0
2024-06-21 14:28:33,23466.15,0
2024-06-21 14:28:34,23466.25,0
2024-06-21 14:28:34,23465.1,0
2024-06-21 14:28:35,23466.5,0
2024-06-21 14:28:35,23464.1,0
2024-06-21 14:28:36,23465.9,0
2024-06-21 14:28:36,23461.6,0
2024-06-21 14:28:37,23463.5,0
2024-06-21 14:28:37,23465.5,0
2024-06-21 14:28:38,23465.35,0
2024-06-21 14:28:38,23465.9,0
2024-06-21 14:28:39,23464.55,0
2024-06-21 14:28:39,23464.85,0
2024-06-21 14:28:40,23464.2,0
2024-06-21 14:28:40,23463.45,0
2024-06-21 14:28:41,23465.3,0
2024-06-21 14:28:41,23465.9,0
2024-06-21 14:28:42,23465.5,0
2024-06-21 14:28:42,23466.1,0
2024-06-21 14:28:43,23466.65,0
2024-06-21 14:28:43,23466.0,0
2024-06-21 14:28:44,23465.25,0
2024-06-21 14:28:44,23465.45,0
2024-06-21 14:28:45,23464.6,0
2024-06-21 14:28:45,23464.85,0
2024-06-21 14:28:46,23465.2,0
2024-06-21 14:28:46,23465.35,0
2024-06-21 14:28:47,23463.5,0
2024-06-21 14:28:47,23464.9,0
2024-06-21 14:28:48,23464.85,0
2024-06-21 14:28:48,23461.8,0
2024-06-21 14:28:49,23462.75,0
2024-06-21 14:28:49,23463.05,0
2024-06-21 14:28:50,23462.0,0
2024-06-21 14:28:50,23463.25,0
2024-06-21 14:28:51,23462.5,0
2024-06-21 14:28:51,23461.4,0
2024-06-21 14:28:52,23461.25,0
2024-06-21 14:28:52,23460.95,0
2024-06-21 14:28:53,23462.45,0
2024-06-21 14:28:53,23462.1,0
2024-06-21 14:28:54,23461.1,0
2024-06-21 14:28:54,23462.1,0
2024-06-21 14:28:55,23461.45,0
2024-06-21 14:28:55,23463.05,0
2024-06-21 14:28:56,23462.0,0
2024-06-21 14:28:56,23464.3,0
2024-06-21 14:28:57,23464.2,0
2024-06-21 14:28:57,23464.05,0
2024-06-21 14:28:58,23463.25,0
2024-06-21 14:28:58,23464.15,0
2024-06-21 14:28:59,23462.65,0
2024-06-21 14:28:59,23461.8,0
2024-06-21 14:29:00,23461.85,0
2024-06-21 14:29:00,23460.4,0
2024-06-21 14:29:01,23461.0,0
2024-06-21 14:29:01,23460.4,0
2024-06-21 14:29:02,23460.6,0
2024-06-21 14:29:02,23461.25,0
2024-06-21 14:29:03,23462.85,0
2024-06-21 14:29:03,23460.65,0
2024-06-21 14:29:04,23460.55,0
2024-06-21 14:29:04,23460.55,0
2024-06-21 14:29:05,23460.1,0
2024-06-21 14:29:05,23462.0,0
2024-06-21 14:29:06,23460.25,0
2024-06-21 14:29:06,23459.8,0
2024-06-21 14:29:07,23460.35,0
2024-06-21 14:29:07,23459.75,0
2024-06-21 14:29:08,23460.45,0
2024-06-21 14:29:08,23460.05,0
2024-06-21 14:29:09,23459.6,0
2024-06-21 14:29:09,23459.8,0
2024-06-21 14:29:10,23458.95,0
2024-06-21 14:29:10,23456.6,0
2024-06-21 14:29:11,23454.85,0
2024-06-21 14:29:11,23454.9,0
2024-06-21 14:29:12,23453.65,0
2024-06-21 14:29:12,23452.05,0
2024-06-21 14:29:13,23453.8,0
2024-06-21 14:29:13,23450.1,0
2024-06-21 14:29:14,23449.2,0
2024-06-21 14:29:14,23450.85,0
2024-06-21 14:29:15,23448.4,0
2024-06-21 14:29:15,23448.7,0
2024-06-21 14:29:16,23448.65,0
2024-06-21 14:29:16,23451.15,0
2024-06-21 14:29:17,23451.0,0
2024-06-21 14:29:17,23452.0,0
2024-06-21 14:29:18,23451.25,0
2024-06-21 14:29:18,23450.95,0
2024-06-21 14:29:19,23450.95,0
2024-06-21 14:29:19,23451.25,0
2024-06-21 14:29:20,23450.25,0
2024-06-21 14:29:20,23450.1,0
2024-06-21 14:29:21,23447.6,0
2024-06-21 14:29:21,23447.65,0
2024-06-21 14:29:22,23447.9,0
2024-06-21 14:29:22,23447.75,0
2024-06-21 14:29:23,23450.0,0
2024-06-21 14:29:23,23448.45,0
2024-06-21 14:29:24,23448.8,0
2024-06-21 14:29:24,23450.8,0
2024-06-21 14:29:25,23450.65,0
2024-06-21 14:29:25,23450.6,0
2024-06-21 14:29:26,23450.6,0
2024-06-21 14:29:26,23452.2,0
2024-06-21 14:29:27,23448.35,0
2024-06-21 14:29:27,23452.35,0
2024-06-21 14:29:28,23453.0,0
2024-06-21 14:29:28,23453.5,0
2024-06-21 14:29:29,23452.25,0
2024-06-21 14:29:29,23452.4,0
2024-06-21 14:29:30,23452.95,0
2024-06-21 14:29:30,23452.8,0
2024-06-21 14:29:31,23453.9,0
2024-06-21 14:29:31,23452.4,0
2024-06-21 14:29:32,23453.5,0
2024-06-21 14:29:32,23449.1,0
2024-06-21 14:29:33,23452.0,0
2024-06-21 14:29:33,23447.7,0
2024-06-21 14:29:34,23449.6,0
2024-06-21 14:29:34,23452.5,0
2024-06-21 14:29:35,23450.65,0
2024-06-21 14:29:35,23452.85,0
2024-06-21 14:29:36,23453.5,0
2024-06-21 14:29:36,23451.65,0
2024-06-21 14:29:37,23452.15,0
2024-06-21 14:29:37,23452.45,0
2024-06-21 14:29:38,23453.3,0
2024-06-21 14:29:38,23454.2,0
2024-06-21 14:29:39,23453.8,0
2024-06-21 14:29:39,23453.4,0
2024-06-21 14:29:40,23453.3,0
2024-06-21 14:29:40,23453.3,0
2024-06-21 14:29:41,23454.3,0
2024-06-21 14:29:41,23455.4,0
2024-06-21 14:29:42,23454.65,0
2024-06-21 14:29:42,23454.1,0
2024-06-21 14:29:43,23450.4,0
2024-06-21 14:29:43,23451.5,0
2024-06-21 14:29:44,23452.2,0
2024-06-21 14:29:44,23453.9,0
2024-06-21 14:29:45,23455.0,0
2024-06-21 14:29:45,23454.15,0
2024-06-21 14:29:46,23451.85,0
2024-06-21 14:29:46,23452.35,0
2024-06-21 14:29:47,23449.05,0
2024-06-21 14:29:47,23449.8,0
2024-06-21 14:29:48,23446.75,0
2024-06-21 14:29:48,23447.15,0
2024-06-21 14:29:49,23447.85,0
2024-06-21 14:29:49,23449.0,0
2024-06-21 14:29:50,23448.85,0
2024-06-21 14:29:50,23450.55,0
2024-06-21 14:29:51,23447.55,0
2024-06-21 14:29:51,23447.0,0
2024-06-21 14:29:52,23448.35,0
2024-06-21 14:29:52,23445.65,0
2024-06-21 14:29:53,23447.9,0
2024-06-21 14:29:53,23445.55,0
2024-06-21 14:29:54,23445.15,0
2024-06-21 14:29:54,23446.05,0
2024-06-21 14:29:55,23445.4,0
2024-06-21 14:29:55,23445.45,0
2024-06-21 14:29:56,23447.35,0
2024-06-21 14:29:56,23450.3,0
2024-06-21 14:29:57,23448.6,0
2024-06-21 14:29:57,23444.55,0
2024-06-21 14:29:58,23447.05,0
2024-06-21 14:29:58,23442.35,0
2024-06-21 14:29:59,23443.7,0
2024-06-21 14:29:59,23447.6,0
2024-06-21 14:30:00,23443.4,0
2024-06-21 14:30:00,23440.8,0
2024-06-21 14:30:01,23445.15,0
2024-06-21 14:30:01,23444.25,0
2024-06-21 14:30:02,23443.9,0
2024-06-21 14:30:02,23444.4,0
2024-06-21 14:30:03,23444.55,0
2024-06-21 14:30:03,23444.7,0
2024-06-21 14:30:04,23443.8,0
2024-06-21 14:30:04,23443.55,0
2024-06-21 14:30:05,23443.9,0
2024-06-21 14:30:05,23445.45,0
2024-06-21 14:30:06,23444.5,0
2024-06-21 14:30:06,23443.6,0
2024-06-21 14:30:07,23442.35,0
2024-06-21 14:30:07,23445.05,0
2024-06-21 14:30:08,23444.85,0
2024-06-21 14:30:08,23443.9,0
2024-06-21 14:30:09,23446.0,0
2024-06-21 14:30:09,23445.0,0
2024-06-21 14:30:10,23445.35,0
2024-06-21 14:30:10,23446.75,0
2024-06-21 14:30:11,23451.1,0
2024-06-21 14:30:11,23454.2,0
2024-06-21 14:30:12,23451.45,0
2024-06-21 14:30:12,23452.9,0
2024-06-21 14:30:13,23454.9,0
2024-06-21 14:30:13,23453.05,0
2024-06-21 14:30:14,23453.3,0
2024-06-21 14:30:14,23453.15,0
2024-06-21 14:30:15,23453.15,0
2024-06-21 14:30:15,23455.2,0
2024-06-21 14:30:16,23452.5,0
2024-06-21 14:30:16,23453.15,0
2024-06-21 14:30:17,23452.8,0
2024-06-21 14:30:17,23454.15,0
2024-06-21 14:30:18,23453.35,0
2024-06-21 14:30:18,23454.15,0
2024-06-21 14:30:19,23453.95,0
2024-06-21 14:30:19,23455.95,0
2024-06-21 14:30:20,23454.3,0
2024-06-21 14:30:20,23455.4,0
2024-06-21 14:30:21,23456.7,0
2024-06-21 14:30:21,23455.95,0
2024-06-21 14:30:22,23456.1,0
2024-06-21 14:30:22,23455.55,0
2024-06-21 14:30:23,23457.5,0
2024-06-21 14:30:23,23456.15,0
2024-06-21 14:30:24,23455.6,0
2024-06-21 14:30:24,23454.4,0
2024-06-21 14:30:25,23456.1,0
2024-06-21 14:30:25,23454.9,0
2024-06-21 14:30:26,23452.75,0
2024-06-21 14:30:26,23455.0,0
2024-06-21 14:30:27,23454.55,0
2024-06-21 14:30:27,23455.1,0
2024-06-21 14:30:28,23456.05,0
2024-06-21 14:30:28,23455.95,0
2024-06-21 14:30:29,23454.95,0
2024-06-21 14:30:29,23455.3,0
2024-06-21 14:30:30,23455.25,0
2024-06-21 14:30:30,23455.25,0
2024-06-21 14:30:31,23456.0,0
2024-06-21 14:30:31,23456.3,0
2024-06-21 14:30:32,23457.6,0
2024-06-21 14:30:32,23458.25,0
2024-06-21 14:30:33,23462.75,0
2024-06-21 14:30:33,23463.35,0
2024-06-21 14:30:34,23462.05,0
2024-06-21 14:30:34,23461.65,0
2024-06-21 14:30:35,23460.35,0
2024-06-21 14:30:35,23460.3,0
2024-06-21 14:30:36,23459.9,0
2024-06-21 14:30:36,23457.6,0
2024-06-21 14:30:37,23457.6,0
2024-06-21 14:30:37,23457.95,0
2024-06-21 14:30:38,23458.1,0
2024-06-21 14:30:38,23458.2,0
2024-06-21 14:30:39,23456.35,0
2024-06-21 14:30:39,23457.05,0
2024-06-21 14:30:40,23455.2,0
2024-06-21 14:30:40,23454.8,0
2024-06-21 14:30:41,23454.8,0
2024-06-21 14:30:41,23457.4,0
2024-06-21 14:30:42,23456.25,0
2024-06-21 14:30:42,23455.75,0
2024-06-21 14:30:43,23455.95,0
2024-06-21 14:30:43,23454.9,0
2024-06-21 14:30:44,23454.45,0
2024-06-21 14:30:44,23456.85,0
2024-06-21 14:30:45,23456.7,0
2024-06-21 14:30:45,23456.9,0
2024-06-21 14:30:46,23457.75,0
2024-06-21 14:30:46,23458.5,0
2024-06-21 14:30:47,23459.2,0
2024-06-21 14:30:47,23458.65,0
2024-06-21 14:30:48,23459.05,0
2024-06-21 14:30:48,23459.05,0
2024-06-21 14:30:49,23460.1,0
2024-06-21 14:30:49,23460.25,0
2024-06-21 14:30:50,23461.05,0
2024-06-21 14:30:50,23461.35,0
2024-06-21 14:30:51,23461.7,0
2024-06-21 14:30:51,23458.75,0
2024-06-21 14:30:52,23458.9,0
2024-06-21 14:30:52,23458.1,0
2024-06-21 14:30:53,23459.85,0
2024-06-21 14:30:53,23461.5,0
2024-06-21 14:30:54,23460.9,0
2024-06-21 14:30:54,23460.8,0
2024-06-21 14:30:55,23459.85,0
2024-06-21 14:30:55,23461.75,0
2024-06-21 14:30:56,23462.4,0
2024-06-21 14:30:56,23463.05,0
2024-06-21 14:30:57,23460.5,0
2024-06-21 14:30:57,23460.9,0
2024-06-21 14:30:58,23461.3,0
2024-06-21 14:30:58,23461.0,0
2024-06-21 14:30:59,23461.45,0
2024-06-21 14:30:59,23459.0,0
2024-06-21 14:31:00,23458.15,0
2024-06-21 14:31:00,23458.65,0
2024-06-21 14:31:01,23459.05,0
2024-06-21 14:31:01,23458.65,0
2024-06-21 14:31:02,23457.8,0
2024-06-21 14:31:02,23457.7,0
2024-06-21 14:31:03,23457.85,0
2024-06-21 14:31:03,23457.5,0
2024-06-21 14:31:04,23458.0,0
2024-06-21 14:31:04,23460.0,0
2024-06-21 14:31:05,23458.65,0
2024-06-21 14:31:05,23460.7,0
2024-06-21 14:31:06,23459.7,0
2024-06-21 14:31:06,23459.45,0
2024-06-21 14:31:07,23460.65,0
2024-06-21 14:31:07,23461.9,0
2024-06-21 14:31:08,23462.15,0
2024-06-21 14:31:08,23462.7,0
2024-06-21 14:31:09,23465.2,0
2024-06-21 14:31:09,23464.95,0
2024-06-21 14:31:10,23466.0,0
2024-06-21 14:31:10,23466.5,0
2024-06-21 14:31:11,23467.15,0
2024-06-21 14:31:11,23468.6,0
2024-06-21 14:31:12,23466.7,0
2024-06-21 14:31:12,23467.45,0
2024-06-21 14:31:13,23468.15,0
2024-06-21 14:31:13,23466.45,0
2024-06-21 14:31:14,23467.1,0
2024-06-21 14:31:14,23467.9,0
2024-06-21 14:31:15,23466.75,0
2024-06-21 14:31:15,23466.9,0
2024-06-21 14:31:16,23468.3,0
2024-06-21 14:31:16,23469.7,0
2024-06-21 14:31:17,23469.45,0
2024-06-21 14:31:17,23470.85,0
2024-06-21 14:31:18,23469.6,0
2024-06-21 14:31:18,23469.35,0
2024-06-21 14:31:19,23469.85,0
2024-06-21 14:31:19,23468.85,0
2024-06-21 14:31:20,23468.85,0
2024-06-21 14:31:20,23469.65,0
2024-06-21 14:31:21,23470.1,0
2024-06-21 14:31:21,23468.3,0
2024-06-21 14:31:22,23469.35,0
2024-06-21 14:31:22,23469.1,0
2024-06-21 14:31:23,23471.35,0
2024-06-21 14:31:23,23469.0,0
2024-06-21 14:31:24,23470.05,0
2024-06-21 14:31:24,23469.35,0
2024-06-21 14:31:25,23470.45,0
2024-06-21 14:31:25,23468.45,0
2024-06-21 14:31:26,23469.65,0
2024-06-21 14:31:26,23470.95,0
2024-06-21 14:31:27,23469.75,0
2024-06-21 14:31:27,23469.5,0
2024-06-21 14:31:28,23470.15,0
2024-06-21 14:31:28,23469.7,0
2024-06-21 14:31:29,23470.05,0
2024-06-21 14:31:29,23471.15,0
2024-06-21 14:31:30,23471.2,0
2024-06-21 14:31:30,23471.35,0
2024-06-21 14:31:31,23471.4,0
2024-06-21 14:31:31,23471.35,0
2024-06-21 14:31:32,23470.65,0
2024-06-21 14:31:32,23470.3,0
2024-06-21 14:31:33,23471.15,0
2024-06-21 14:31:33,23472.65,0
2024-06-21 14:31:34,23471.75,0
2024-06-21 14:31:34,23472.5,0
2024-06-21 14:31:35,23472.2,0
2024-06-21 14:31:35,23473.05,0
2024-06-21 14:31:36,23472.05,0
2024-06-21 14:31:36,23472.9,0
2024-06-21 14:31:37,23471.55,0
2024-06-21 14:31:37,23472.7,0
2024-06-21 14:31:38,23471.7,0
2024-06-21 14:31:38,23471.65,0
2024-06-21 14:31:39,23471.55,0
2024-06-21 14:31:39,23468.35,0
2024-06-21 14:31:40,23467.2,0
2024-06-21 14:31:40,23465.45,0
2024-06-21 14:31:41,23466.15,0
2024-06-21 14:31:41,23468.2,0
2024-06-21 14:31:42,23467.45,0
2024-06-21 14:31:42,23467.95,0
2024-06-21 14:31:43,23468.35,0
2024-06-21 14:31:43,23468.25,0
2024-06-21 14:31:44,23467.5,0
2024-06-21 14:31:44,23469.7,0
2024-06-21 14:31:45,23470.45,0
2024-06-21 14:31:45,23470.55,0
2024-06-21 14:31:46,23468.6,0
2024-06-21 14:31:46,23470.8,0
2024-06-21 14:31:47,23470.55,0
2024-06-21 14:31:47,23470.35,0
2024-06-21 14:31:48,23469.65,0
2024-06-21 14:31:48,23470.05,0
2024-06-21 14:31:49,23471.95,0
2024-06-21 14:31:49,23472.6,0
2024-06-21 14:31:50,23472.4,0
2024-06-21 14:31:50,23471.95,0
2024-06-21 14:31:51,23470.4,0
2024-06-21 14:31:51,23469.8,0
2024-06-21 14:31:52,23471.55,0
2024-06-21 14:31:52,23471.3,0
2024-06-21 14:31:53,23474.15,0
2024-06-21 14:31:53,23472.55,0
2024-06-21 14:31:54,23471.55,0
2024-06-21 14:31:54,23473.0,0
2024-06-21 14:31:55,23472.65,0
2024-06-21 14:31:55,23472.3,0
2024-06-21 14:31:56,23471.25,0
2024-06-21 14:31:56,23473.3,0
2024-06-21 14:31:57,23473.25,0
2024-06-21 14:31:57,23469.8,0
2024-06-21 14:31:58,23467.1,0
2024-06-21 14:31:58,23463.45,0
2024-06-21 14:31:59,23464.55,0
2024-06-21 14:31:59,23464.7,0
2024-06-21 14:32:00,23461.95,0
2024-06-21 14:32:00,23462.1,0
2024-06-21 14:32:01,23461.15,0
2024-06-21 14:32:01,23462.85,0
2024-06-21 14:32:02,23462.9,0
2024-06-21 14:32:02,23461.55,0
2024-06-21 14:32:03,23462.15,0
2024-06-21 14:32:03,23460.65,0
2024-06-21 14:32:04,23459.55,0
2024-06-21 14:32:04,23459.6,0
2024-06-21 14:32:05,23459.8,0
2024-06-21 14:32:05,23459.55,0
2024-06-21 14:32:06,23461.05,0
2024-06-21 14:32:06,23457.65,0
2024-06-21 14:32:07,23456.15,0
2024-06-21 14:32:07,23456.7,0
2024-06-21 14:32:08,23456.0,0
2024-06-21 14:32:08,23454.75,0
2024-06-21 14:32:09,23452.85,0
2024-06-21 14:32:09,23454.15,0
2024-06-21 14:32:10,23454.3,0
2024-06-21 14:32:10,23454.65,0
2024-06-21 14:32:11,23455.25,0
2024-06-21 14:32:11,23456.9,0
2024-06-21 14:32:12,23456.55,0
2024-06-21 14:32:12,23456.8,0
2024-06-21 14:32:13,23459.05,0
2024-06-21 14:32:13,23458.8,0
2024-06-21 14:32:14,23458.2,0
2024-06-21 14:32:14,23459.1,0
2024-06-21 14:32:15,23459.25,0
2024-06-21 14:32:15,23458.7,0
2024-06-21 14:32:16,23458.5,0
2024-06-21 14:32:16,23459.1,0
2024-06-21 14:32:17,23458.6,0
2024-06-21 14:32:17,23460.1,0
2024-06-21 14:32:18,23459.85,0
2024-06-21 14:32:18,23459.25,0
2024-06-21 14:32:19,23459.35,0
2024-06-21 14:32:19,23457.65,0
2024-06-21 14:32:20,23456.9,0
2024-06-21 14:32:20,23457.65,0
2024-06-21 14:32:21,23457.85,0
2024-06-21 14:32:21,23457.1,0
2024-06-21 14:32:22,23457.65,0
2024-06-21 14:32:22,23458.45,0
2024-06-21 14:32:23,23458.3,0
2024-06-21 14:32:23,23457.7,0
2024-06-21 14:32:24,23458.7,0
2024-06-21 14:32:24,23459.35,0
2024-06-21 14:32:25,23458.35,0
2024-06-21 14:32:25,23459.25,0
2024-06-21 14:32:26,23458.9,0
2024-06-21 14:32:26,23460.2,0
2024-06-21 14:32:27,23457.95,0
2024-06-21 14:32:27,23459.7,0
2024-06-21 14:32:28,23459.0,0
2024-06-21 14:32:28,23459.75,0
2024-06-21 14:32:29,23458.35,0
2024-06-21 14:32:29,23460.05,0
2024-06-21 14:32:30,23459.4,0
2024-06-21 14:32:30,23460.4,0
2024-06-21 14:32:31,23460.8,0
2024-06-21 14:32:31,23460.35,0
2024-06-21 14:32:32,23460.15,0
2024-06-21 14:32:32,23461.05,0
2024-06-21 14:32:33,23462.75,0
2024-06-21 14:32:33,23461.0,0
2024-06-21 14:32:34,23461.5,0
2024-06-21 14:32:34,23462.6,0
2024-06-21 14:32:35,23463.25,0
2024-06-21 14:32:35,23464.15,0
2024-06-21 14:32:36,23462.85,0
2024-06-21 14:32:36,23464.45,0
2024-06-21 14:32:37,23463.6,0
2024-06-21 14:32:37,23464.95,0
2024-06-21 14:32:38,23464.75,0
2024-06-21 14:32:38,23463.4,0
2024-06-21 14:32:39,23463.6,0
2024-06-21 14:32:39,23463.85,0
2024-06-21 14:32:40,23463.45,0
2024-06-21 14:32:40,23463.05,0
2024-06-21 14:32:41,23463.4,0
2024-06-21 14:32:41,23465.45,0
2024-06-21 14:32:42,23465.0,0
2024-06-21 14:32:42,23464.15,0
2024-06-21 14:32:43,23465.0,0
2024-06-21 14:32:43,23462.9,0
2024-06-21 14:32:44,23464.15,0
2024-06-21 14:32:44,23464.85,0
2024-06-21 14:32:45,23465.15,0
2024-06-21 14:32:45,23464.85,0
2024-06-21 14:32:46,23463.85,0
2024-06-21 14:32:46,23464.7,0
2024-06-21 14:32:47,23462.6,0
2024-06-21 14:32:47,23463.6,0
2024-06-21 14:32:48,23462.8,0
2024-06-21 14:32:48,23462.65,0
2024-06-21 14:32:49,23462.9,0
2024-06-21 14:32:49,23462.4,0
2024-06-21 14:32:50,23460.75,0
2024-06-21 14:32:50,23460.8,0
2024-06-21 14:32:51,23461.05,0
2024-06-21 14:32:51,23459.95,0
2024-06-21 14:32:52,23459.95,0
2024-06-21 14:32:52,23459.45,0
2024-06-21 14:32:53,23462.1,0
2024-06-21 14:32:53,23461.95,0
2024-06-21 14:32:54,23461.75,0
2024-06-21 14:32:54,23462.1,0
2024-06-21 14:32:55,23462.3,0
2024-06-21 14:32:55,23461.25,0
2024-06-21 14:32:56,23461.7,0
2024-06-21 14:32:56,23462.25,0
2024-06-21 14:32:57,23461.1,0
2024-06-21 14:32:57,23462.55,0
2024-06-21 14:32:58,23463.15,0
2024-06-21 14:32:58,23460.95,0
2024-06-21 14:32:59,23461.15,0
2024-06-21 14:32:59,23459.1,0
2024-06-21 14:33:00,23459.15,0
2024-06-21 14:33:00,23457.9,0
2024-06-21 14:33:01,23460.3,0
2024-06-21 14:33:01,23458.95,0
2024-06-21 14:33:02,23459.5,0
2024-06-21 14:33:02,23459.1,0
2024-06-21 14:33:03,23460.0,0
2024-06-21 14:33:03,23458.85,0
2024-06-21 14:33:04,23458.4,0
2024-06-21 14:33:04,23458.65,0
2024-06-21 14:33:05,23459.2,0
2024-06-21 14:33:05,23459.1,0
2024-06-21 14:33:06,23458.45,0
2024-06-21 14:33:06,23459.05,0
2024-06-21 14:33:07,23459.3,0
2024-06-21 14:33:07,23459.5,0
2024-06-21 14:33:08,23458.8,0
2024-06-21 14:33:08,23458.4,0
2024-06-21 14:33:09,23458.5,0
2024-06-21 14:33:09,23458.6,0
2024-06-21 14:33:10,23458.15,0
2024-06-21 14:33:10,23458.1,0
2024-06-21 14:33:11,23455.8,0
2024-06-21 14:33:11,23457.7,0
2024-06-21 14:33:12,23455.9,0
2024-06-21 14:33:12,23456.8,0
2024-06-21 14:33:13,23458.2,0
2024-06-21 14:33:13,23455.75,0
2024-06-21 14:33:14,23454.35,0
2024-06-21 14:33:14,23454.45,0
2024-06-21 14:33:15,23450.45,0
2024-06-21 14:33:15,23450.95,0
2024-06-21 14:33:16,23452.2,0
2024-06-21 14:33:16,23452.55,0
2024-06-21 14:33:17,23453.4,0
2024-06-21 14:33:17,23453.55,0
2024-06-21 14:33:18,23454.55,0
2024-06-21 14:33:18,23453.9,0
2024-06-21 14:33:19,23452.15,0
2024-06-21 14:33:19,23453.1,0
2024-06-21 14:33:20,23453.1,0
2024-06-21 14:33:20,23453.9,0
2024-06-21 14:33:21,23454.3,0
2024-06-21 14:33:21,23453.85,0
2024-06-21 14:33:22,23454.95,0
2024-06-21 14:33:22,23454.6,0
2024-06-21 14:33:23,23455.5,0
2024-06-21 14:33:23,23456.1,0
2024-06-21 14:33:24,23455.3,0
2024-06-21 14:33:24,23455.15,0
2024-06-21 14:33:25,23455.7,0
2024-06-21 14:33:25,23455.15,0
2024-06-21 14:33:26,23455.7,0
2024-06-21 14:33:26,23456.75,0
2024-06-21 14:33:27,23457.05,0
2024-06-21 14:33:27,23456.9,0
2024-06-21 14:33:28,23456.3,0
2024-06-21 14:33:28,23455.95,0
2024-06-21 14:33:29,23456.85,0
2024-06-21 14:33:29,23456.65,0
2024-06-21 14:33:30,23456.8,0
2024-06-21 14:33:30,23457.0,0
2024-06-21 14:33:31,23457.0,0
2024-06-21 14:33:31,23457.35,0
2024-06-21 14:33:32,23456.9,0
2024-06-21 14:33:32,23457.3,0
2024-06-21 14:33:33,23457.95,0
2024-06-21 14:33:33,23457.95,0
2024-06-21 14:33:34,23457.2,0
2024-06-21 14:33:34,23456.85,0
2024-06-21 14:33:35,23457.7,0
2024-06-21 14:33:35,23457.75,0
2024-06-21 14:33:36,23457.7,0
2024-06-21 14:33:36,23458.25,0
2024-06-21 14:33:37,23458.1,0
2024-06-21 14:33:37,23458.85,0
2024-06-21 14:33:38,23458.45,0
2024-06-21 14:33:38,23459.2,0
2024-06-21 14:33:39,23458.3,0
2024-06-21 14:33:39,23455.95,0
2024-06-21 14:33:40,23455.45,0
2024-06-21 14:33:40,23453.1,0
2024-06-21 14:33:41,23454.55,0
2024-06-21 14:33:41,23455.0,0
2024-06-21 14:33:42,23453.5,0
2024-06-21 14:33:42,23453.2,0
2024-06-21 14:33:43,23455.45,0
2024-06-21 14:33:43,23455.9,0
2024-06-21 14:33:44,23456.1,0
2024-06-21 14:33:44,23455.65,0
2024-06-21 14:33:45,23454.55,0
2024-06-21 14:33:45,23455.3,0
2024-06-21 14:33:46,23455.65,0
2024-06-21 14:33:46,23455.65,0
2024-06-21 14:33:47,23456.1,0
2024-06-21 14:33:47,23456.45,0
2024-06-21 14:33:48,23454.65,0
2024-06-21 14:33:48,23455.2,0
2024-06-21 14:33:49,23455.75,0
2024-06-21 14:33:49,23456.55,0
2024-06-21 14:33:50,23456.45,0
2024-06-21 14:33:50,23458.2,0
2024-06-21 14:33:51,23457.0,0
2024-06-21 14:33:51,23456.95,0
2024-06-21 14:33:52,23457.35,0
2024-06-21 14:33:52,23457.25,0
2024-06-21 14:33:53,23455.65,0
2024-06-21 14:33:53,23451.85,0
2024-06-21 14:33:54,23452.6,0
2024-06-21 14:33:54,23454.35,0
2024-06-21 14:33:55,23450.55,0
2024-06-21 14:33:55,23449.05,0
2024-06-21 14:33:56,23452.9,0
2024-06-21 14:33:56,23447.7,0
2024-06-21 14:33:57,23447.15,0
2024-06-21 14:33:57,23445.4,0
2024-06-21 14:33:58,23444.5,0
2024-06-21 14:33:58,23447.45,0
2024-06-21 14:33:59,23447.2,0
2024-06-21 14:33:59,23447.9,0
2024-06-21 14:34:00,23447.45,0
2024-06-21 14:34:00,23447.0,0
2024-06-21 14:34:01,23446.55,0
2024-06-21 14:34:01,23445.65,0
2024-06-21 14:34:02,23445.1,0
2024-06-21 14:34:02,23447.0,0
2024-06-21 14:34:03,23445.8,0
2024-06-21 14:34:03,23444.05,0
2024-06-21 14:34:04,23444.7,0
2024-06-21 14:34:04,23446.25,0
2024-06-21 14:34:05,23445.05,0
2024-06-21 14:34:05,23447.25,0
2024-06-21 14:34:06,23445.6,0
2024-06-21 14:34:06,23446.9,0
2024-06-21 14:34:07,23447.8,0
2024-06-21 14:34:07,23447.3,0
2024-06-21 14:34:08,23447.85,0
2024-06-21 14:34:08,23448.0,0
2024-06-21 14:34:09,23448.15,0
2024-06-21 14:34:09,23447.7,0
2024-06-21 14:34:10,23447.75,0
2024-06-21 14:34:10,23447.45,0
2024-06-21 14:34:11,23448.35,0
2024-06-21 14:34:11,23449.3,0
2024-06-21 14:34:12,23449.05,0
2024-06-21 14:34:12,23448.7,0
2024-06-21 14:34:13,23450.05,0
2024-06-21 14:34:13,23449.7,0
2024-06-21 14:34:14,23448.55,0
2024-06-21 14:34:14,23449.75,0
2024-06-21 14:34:15,23450.15,0
2024-06-21 14:34:15,23450.0,0
2024-06-21 14:34:16,23449.95,0
2024-06-21 14:34:16,23449.8,0
2024-06-21 14:34:17,23449.9,0
2024-06-21 14:34:17,23451.65,0
2024-06-21 14:34:18,23451.4,0
2024-06-21 14:34:18,23451.45,0
2024-06-21 14:34:19,23449.75,0
2024-06-21 14:34:19,23449.3,0
2024-06-21 14:34:20,23444.1,0
2024-06-21 14:34:20,23446.95,0
2024-06-21 14:34:21,23445.35,0
2024-06-21 14:34:21,23442.0,0
2024-06-21 14:34:22,23442.6,0
2024-06-21 14:34:22,23442.5,0
2024-06-21 14:34:23,23444.15,0
2024-06-21 14:34:23,23443.15,0
2024-06-21 14:34:24,23441.8,0
2024-06-21 14:34:24,23441.95,0
2024-06-21 14:34:25,23442.35,0
2024-06-21 14:34:25,23441.3,0
2024-06-21 14:34:26,23441.9,0
2024-06-21 14:34:26,23443.1,0
2024-06-21 14:34:27,23442.45,0
2024-06-21 14:34:27,23444.15,0
2024-06-21 14:34:28,23444.4,0
2024-06-21 14:34:28,23443.6,0
2024-06-21 14:34:29,23445.15,0
2024-06-21 14:34:29,23444.85,0
2024-06-21 14:34:30,23444.95,0
2024-06-21 14:34:30,23445.85,0
2024-06-21 14:34:31,23446.35,0
2024-06-21 14:34:31,23445.8,0
2024-06-21 14:34:32,23444.45,0
2024-06-21 14:34:32,23445.75,0
2024-06-21 14:34:33,23447.4,0
2024-06-21 14:34:33,23447.75,0
2024-06-21 14:34:34,23447.6,0
2024-06-21 14:34:34,23445.05,0
2024-06-21 14:34:35,23441.9,0
2024-06-21 14:34:35,23445.6,0
2024-06-21 14:34:36,23445.1,0
2024-06-21 14:34:36,23443.45,0
2024-06-21 14:34:37,23443.65,0
2024-06-21 14:34:37,23446.35,0
2024-06-21 14:34:38,23445.1,0
2024-06-21 14:34:38,23443.9,0
2024-06-21 14:34:39,23445.25,0
2024-06-21 14:34:39,23444.75,0
2024-06-21 14:34:40,23444.4,0
2024-06-21 14:34:40,23442.8,0
2024-06-21 14:34:41,23443.3,0
2024-06-21 14:34:41,23444.85,0
2024-06-21 14:34:42,23443.7,0
2024-06-21 14:34:42,23443.15,0
2024-06-21 14:34:43,23443.05,0
2024-06-21 14:34:43,23442.3,0
2024-06-21 14:34:44,23442.3,0
2024-06-21 14:34:44,23440.9,0
2024-06-21 14:34:45,23441.3,0
2024-06-21 14:34:45,23441.8,0
2024-06-21 14:34:46,23441.6,0
2024-06-21 14:34:46,23441.25,0
2024-06-21 14:34:47,23442.15,0
2024-06-21 14:34:47,23441.45,0
2024-06-21 14:34:48,23442.35,0
2024-06-21 14:34:48,23441.35,0
2024-06-21 14:34:49,23441.15,0
2024-06-21 14:34:49,23442.4,0
2024-06-21 14:34:50,23442.7,0
2024-06-21 14:34:50,23444.0,0
2024-06-21 14:34:51,23442.8,0
2024-06-21 14:34:51,23441.2,0
2024-06-21 14:34:52,23439.8,0
2024-06-21 14:34:52,23440.35,0
2024-06-21 14:34:53,23442.9,0
2024-06-21 14:34:53,23441.5,0
2024-06-21 14:34:54,23441.2,0
2024-06-21 14:34:54,23438.1,0
2024-06-21 14:34:55,23435.4,0
2024-06-21 14:34:55,23435.6,0
2024-06-21 14:34:56,23432.8,0
2024-06-21 14:34:56,23434.75,0
2024-06-21 14:34:57,23432.5,0
2024-06-21 14:34:57,23429.85,0
2024-06-21 14:34:58,23429.85,0
2024-06-21 14:34:58,23430.05,0
2024-06-21 14:34:59,23428.1,0
2024-06-21 14:34:59,23426.7,0
2024-06-21 14:35:00,23424.2,0
2024-06-21 14:35:00,23422.75,0
2024-06-21 14:35:01,23423.2,0
2024-06-21 14:35:01,23424.25,0
2024-06-21 14:35:02,23425.4,0
2024-06-21 14:35:02,23424.5,0
2024-06-21 14:35:03,23424.45,0
2024-06-21 14:35:03,23425.9,0
2024-06-21 14:35:04,23424.15,0
2024-06-21 14:35:04,23424.7,0
2024-06-21 14:35:05,23423.25,0
2024-06-21 14:35:05,23426.15,0
2024-06-21 14:35:06,23428.45,0
2024-06-21 14:35:06,23426.1,0
2024-06-21 14:35:07,23426.45,0
2024-06-21 14:35:07,23430.05,0
2024-06-21 14:35:08,23429.9,0
2024-06-21 14:35:08,23426.9,0
2024-06-21 14:35:09,23427.4,0
2024-06-21 14:35:09,23428.7,0
2024-06-21 14:35:10,23429.25,0
2024-06-21 14:35:10,23425.9,0
2024-06-21 14:35:11,23422.8,0
2024-06-21 14:35:11,23427.4,0
2024-06-21 14:35:12,23421.75,0
2024-06-21 14:35:12,23421.95,0
2024-06-21 14:35:13,23421.85,0
2024-06-21 14:35:13,23420.55,0
2024-06-21 14:35:14,23416.35,0
2024-06-21 14:35:14,23418.25,0
2024-06-21 14:35:15,23418.25,0
2024-06-21 14:35:15,23416.2,0
2024-06-21 14:35:16,23415.85,0
2024-06-21 14:35:16,23415.2,0
2024-06-21 14:35:17,23412.6,0
2024-06-21 14:35:17,23409.8,0
2024-06-21 14:35:18,23408.25,0
2024-06-21 14:35:18,23406.5,0
2024-06-21 14:35:19,23405.65,0
2024-06-21 14:35:19,23403.5,0
2024-06-21 14:35:20,23406.3,0
2024-06-21 14:35:20,23406.75,0
2024-06-21 14:35:21,23408.65,0
2024-06-21 14:35:21,23408.35,0
2024-06-21 14:35:22,23408.25,0
2024-06-21 14:35:22,23410.55,0
2024-06-21 14:35:23,23413.2,0
2024-06-21 14:35:23,23411.6,0
2024-06-21 14:35:24,23410.0,0
2024-06-21 14:35:24,23409.2,0
2024-06-21 14:35:25,23409.25,0
2024-06-21 14:35:25,23412.05,0
2024-06-21 14:35:26,23410.1,0
2024-06-21 14:35:26,23415.45,0
2024-06-21 14:35:27,23411.75,0
2024-06-21 14:35:27,23413.05,0
2024-06-21 14:35:28,23414.55,0
2024-06-21 14:35:28,23413.0,0
2024-06-21 14:35:29,23406.75,0
2024-06-21 14:35:29,23410.35,0
2024-06-21 14:35:30,23405.6,0
2024-06-21 14:35:30,23408.0,0
2024-06-21 14:35:31,23407.25,0
2024-06-21 14:35:31,23403.4,0
2024-06-21 14:35:32,23406.2,0
2024-06-21 14:35:32,23402.95,0
2024-06-21 14:35:33,23407.75,0
2024-06-21 14:35:33,23401.15,0
2024-06-21 14:35:34,23401.8,0
2024-06-21 14:35:34,23406.3,0
2024-06-21 14:35:35,23404.0,0
2024-06-21 14:35:35,23401.9,0
2024-06-21 14:35:36,23403.9,0
2024-06-21 14:35:36,23401.8,0
2024-06-21 14:35:37,23403.35,0
2024-06-21 14:35:37,23403.0,0
2024-06-21 14:35:38,23403.5,0
2024-06-21 14:35:38,23402.55,0
2024-06-21 14:35:39,23402.9,0
2024-06-21 14:35:39,23403.35,0
2024-06-21 14:35:40,23403.05,0
2024-06-21 14:35:40,23402.75,0
2024-06-21 14:35:41,23403.8,0
2024-06-21 14:35:41,23406.15,0
2024-06-21 14:35:42,23405.7,0
2024-06-21 14:35:42,23406.3,0
2024-06-21 14:35:43,23408.95,0
2024-06-21 14:35:43,23406.8,0
2024-06-21 14:35:44,23406.9,0
2024-06-21 14:35:44,23409.15,0
2024-06-21 14:35:45,23408.3,0
2024-06-21 14:35:45,23413.85,0
2024-06-21 14:35:46,23409.15,0
2024-06-21 14:35:46,23410.95,0
2024-06-21 14:35:47,23412.3,0
2024-06-21 14:35:47,23411.7,0
2024-06-21 14:35:48,23408.05,0
2024-06-21 14:35:48,23408.75,0
2024-06-21 14:35:49,23408.0,0
2024-06-21 14:35:49,23410.0,0
2024-06-21 14:35:50,23409.65,0
2024-06-21 14:35:50,23410.45,0
2024-06-21 14:35:51,23409.75,0
2024-06-21 14:35:51,23409.0,0
2024-06-21 14:35:52,23409.35,0
2024-06-21 14:35:52,23410.15,0
2024-06-21 14:35:53,23411.0,0
2024-06-21 14:35:53,23410.25,0
2024-06-21 14:35:54,23410.2,0
2024-06-21 14:35:54,23410.8,0
2024-06-21 14:35:55,23410.4,0
2024-06-21 14:35:55,23409.5,0
2024-06-21 14:35:56,23410.55,0
2024-06-21 14:35:56,23411.05,0
2024-06-21 14:35:57,23411.05,0
2024-06-21 14:35:57,23411.95,0
2024-06-21 14:35:58,23409.5,0
2024-06-21 14:35:58,23410.25,0
2024-06-21 14:35:59,23409.55,0
2024-06-21 14:35:59,23409.5,0
2024-06-21 14:36:00,23407.85,0
2024-06-21 14:36:00,23407.3,0
2024-06-21 14:36:01,23406.85,0
2024-06-21 14:36:01,23405.1,0
2024-06-21 14:36:02,23406.3,0
2024-06-21 14:36:02,23404.2,0
2024-06-21 14:36:03,23406.3,0
2024-06-21 14:36:03,23402.1,0
2024-06-21 14:36:04,23403.85,0
2024-06-21 14:36:04,23405.7,0
2024-06-21 14:36:05,23405.75,0
2024-06-21 14:36:05,23406.2,0
2024-06-21 14:36:06,23407.05,0
2024-06-21 14:36:06,23405.95,0
2024-06-21 14:36:07,23404.25,0
2024-06-21 14:36:07,23406.4,0
2024-06-21 14:36:08,23405.85,0
2024-06-21 14:36:08,23404.8,0
2024-06-21 14:36:09,23405.55,0
2024-06-21 14:36:09,23405.0,0
2024-06-21 14:36:10,23406.7,0
2024-06-21 14:36:10,23406.6,0
2024-06-21 14:36:11,23406.5,0
2024-06-21 14:36:11,23407.5,0
2024-06-21 14:36:12,23406.0,0
2024-06-21 14:36:12,23407.55,0
2024-06-21 14:36:13,23409.3,0
2024-06-21 14:36:13,23411.65,0
2024-06-21 14:36:14,23411.9,0
2024-06-21 14:36:14,23415.75,0
2024-06-21 14:36:15,23414.8,0
2024-06-21 14:36:15,23414.95,0
2024-06-21 14:36:16,23414.0,0
2024-06-21 14:36:16,23413.55,0
2024-06-21 14:36:17,23413.3,0
2024-06-21 14:36:17,23414.45,0
2024-06-21 14:36:18,23413.8,0
2024-06-21 14:36:18,23411.8,0
2024-06-21 14:36:19,23409.0,0
2024-06-21 14:36:19,23409.05,0
2024-06-21 14:36:20,23409.0,0
2024-06-21 14:36:20,23408.25,0
2024-06-21 14:36:21,23408.7,0
2024-06-21 14:36:21,23408.35,0
2024-06-21 14:36:22,23409.45,0
2024-06-21 14:36:22,23410.75,0
2024-06-21 14:36:23,23410.65,0
2024-06-21 14:36:23,23409.6,0
2024-06-21 14:36:24,23410.05,0
2024-06-21 14:36:24,23409.4,0
2024-06-21 14:36:25,23405.85,0
2024-06-21 14:36:25,23407.1,0
2024-06-21 14:36:26,23408.55,0
2024-06-21 14:36:26,23408.95,0
2024-06-21 14:36:27,23408.65,0
2024-06-21 14:36:27,23410.55,0
2024-06-21 14:36:28,23408.1,0
2024-06-21 14:36:28,23408.8,0
2024-06-21 14:36:29,23410.2,0
2024-06-21 14:36:29,23410.85,0
2024-06-21 14:36:30,23410.95,0
2024-06-21 14:36:30,23414.45,0
2024-06-21 14:36:31,23413.35,0
2024-06-21 14:36:31,23412.0,0
2024-06-21 14:36:32,23414.2,0
2024-06-21 14:36:32,23414.05,0
2024-06-21 14:36:33,23414.2,0
2024-06-21 14:36:33,23412.4,0
2024-06-21 14:36:34,23414.9,0
2024-06-21 14:36:34,23413.8,0
2024-06-21 14:36:35,23412.9,0
2024-06-21 14:36:35,23414.35,0
2024-06-21 14:36:36,23414.05,0
2024-06-21 14:36:36,23414.3,0
2024-06-21 14:36:37,23415.7,0
2024-06-21 14:36:37,23416.6,0
2024-06-21 14:36:38,23416.35,0
2024-06-21 14:36:38,23417.1,0
2024-06-21 14:36:39,23412.85,0
2024-06-21 14:36:39,23414.7,0
2024-06-21 14:36:40,23414.55,0
2024-06-21 14:36:40,23413.0,0
2024-06-21 14:36:41,23415.0,0
2024-06-21 14:36:41,23416.3,0
2024-06-21 14:36:42,23414.8,0
2024-06-21 14:36:42,23413.8,0
2024-06-21 14:36:43,23414.65,0
2024-06-21 14:36:43,23414.3,0
2024-06-21 14:36:44,23415.0,0
2024-06-21 14:36:44,23415.7,0
2024-06-21 14:36:45,23406.95,0
2024-06-21 14:36:45,23406.4,0
2024-06-21 14:36:46,23406.0,0
2024-06-21 14:36:46,23410.65,0
2024-06-21 14:36:47,23404.6,0
2024-06-21 14:36:47,23405.1,0
2024-06-21 14:36:48,23404.75,0
2024-06-21 14:36:48,23407.9,0
2024-06-21 14:36:49,23408.0,0
2024-06-21 14:36:49,23410.9,0
2024-06-21 14:36:50,23409.2,0
2024-06-21 14:36:50,23411.45,0
2024-06-21 14:36:51,23411.75,0
2024-06-21 14:36:51,23411.15,0
2024-06-21 14:36:52,23408.0,0
2024-06-21 14:36:52,23411.0,0
2024-06-21 14:36:53,23410.2,0
2024-06-21 14:36:53,23406.6,0
2024-06-21 14:36:54,23409.95,0
2024-06-21 14:36:54,23408.25,0
2024-06-21 14:36:55,23411.3,0
2024-06-21 14:36:55,23412.3,0
2024-06-21 14:36:56,23412.35,0
2024-06-21 14:36:56,23411.45,0
2024-06-21 14:36:57,23409.3,0
2024-06-21 14:36:57,23406.45,0
2024-06-21 14:36:58,23409.25,0
2024-06-21 14:36:58,23408.65,0
2024-06-21 14:36:59,23408.6,0
2024-06-21 14:36:59,23406.9,0
2024-06-21 14:37:00,23407.5,0
2024-06-21 14:37:00,23408.75,0
2024-06-21 14:37:01,23411.25,0
2024-06-21 14:37:01,23409.65,0
2024-06-21 14:37:02,23410.4,0
2024-06-21 14:37:02,23412.05,0
2024-06-21 14:37:03,23412.95,0
2024-06-21 14:37:03,23413.25,0
2024-06-21 14:37:04,23408.4,0
2024-06-21 14:37:04,23410.65,0
2024-06-21 14:37:05,23412.55,0
2024-06-21 14:37:05,23411.7,0
2024-06-21 14:37:06,23410.9,0
2024-06-21 14:37:06,23407.6,0
2024-06-21 14:37:07,23408.95,0
2024-06-21 14:37:07,23406.45,0
2024-06-21 14:37:08,23407.15,0
2024-06-21 14:37:08,23409.3,0
2024-06-21 14:37:09,23405.6,0
2024-06-21 14:37:09,23407.45,0
2024-06-21 14:37:10,23404.95,0
2024-06-21 14:37:10,23409.2,0
2024-06-21 14:37:11,23408.6,0
2024-06-21 14:37:11,23410.65,0
2024-06-21 14:37:12,23410.15,0
2024-06-21 14:37:12,23411.0,0
2024-06-21 14:37:13,23412.0,0
2024-06-21 14:37:13,23409.75,0
2024-06-21 14:37:14,23406.8,0
2024-06-21 14:37:14,23409.3,0
2024-06-21 14:37:15,23405.95,0
2024-06-21 14:37:15,23409.75,0
2024-06-21 14:37:16,23409.05,0
2024-06-21 14:37:16,23410.15,0
2024-06-21 14:37:17,23409.9,0
2024-06-21 14:37:17,23410.65,0
2024-06-21 14:37:18,23410.35,0
2024-06-21 14:37:18,23411.25,0
2024-06-21 14:37:19,23410.45,0
2024-06-21 14:37:19,23410.1,0
2024-06-21 14:37:20,23410.45,0
2024-06-21 14:37:20,23410.35,0
2024-06-21 14:37:21,23410.15,0
2024-06-21 14:37:21,23408.85,0
2024-06-21 14:37:22,23410.7,0
2024-06-21 14:37:22,23410.65,0
2024-06-21 14:37:23,23412.45,0
2024-06-21 14:37:23,23407.0,0
2024-06-21 14:37:24,23409.5,0
2024-06-21 14:37:24,23411.15,0
2024-06-21 14:37:25,23412.15,0
2024-06-21 14:37:25,23407.9,0
2024-06-21 14:37:26,23409.6,0
2024-06-21 14:37:26,23408.5,0
2024-06-21 14:37:27,23407.1,0
2024-06-21 14:37:27,23407.65,0
2024-06-21 14:37:28,23404.3,0
2024-06-21 14:37:28,23404.8,0
2024-06-21 14:37:29,23404.9,0
2024-06-21 14:37:29,23404.55,0
2024-06-21 14:37:30,23404.8,0
2024-06-21 14:37:30,23404.0,0
2024-06-21 14:37:31,23404.7,0
2024-06-21 14:37:31,23403.8,0
2024-06-21 14:37:32,23403.7,0
2024-06-21 14:37:32,23402.8,0
2024-06-21 14:37:33,23406.5,0
2024-06-21 14:37:33,23401.1,0
2024-06-21 14:37:34,23402.35,0
2024-06-21 14:37:34,23401.35,0
2024-06-21 14:37:35,23402.25,0
2024-06-21 14:37:35,23400.3,0
2024-06-21 14:37:36,23401.7,0
2024-06-21 14:37:36,23401.3,0
2024-06-21 14:37:37,23404.0,0
2024-06-21 14:37:37,23405.25,0
2024-06-21 14:37:38,23402.2,0
2024-06-21 14:37:38,23403.55,0
2024-06-21 14:37:39,23399.5,0
2024-06-21 14:37:39,23401.35,0
2024-06-21 14:37:40,23401.7,0
2024-06-21 14:37:40,23400.8,0
2024-06-21 14:37:41,23403.8,0
2024-06-21 14:37:41,23403.85,0
2024-06-21 14:37:42,23403.9,0
2024-06-21 14:37:42,23404.15,0
2024-06-21 14:37:43,23405.55,0
2024-06-21 14:37:43,23405.05,0
2024-06-21 14:37:44,23403.8,0
2024-06-21 14:37:44,23406.0,0
2024-06-21 14:37:45,23405.25,0
2024-06-21 14:37:45,23404.75,0
2024-06-21 14:37:46,23404.95,0
2024-06-21 14:37:46,23405.95,0
2024-06-21 14:37:47,23406.25,0
2024-06-21 14:37:47,23403.55,0
2024-06-21 14:37:48,23404.35,0
2024-06-21 14:37:48,23404.95,0
2024-06-21 14:37:49,23404.4,0
2024-06-21 14:37:49,23406.3,0
2024-06-21 14:37:50,23407.85,0
2024-06-21 14:37:50,23409.0,0
2024-06-21 14:37:51,23407.55,0
2024-06-21 14:37:51,23407.05,0
2024-06-21 14:37:52,23408.3,0
2024-06-21 14:37:52,23408.3,0
2024-06-21 14:37:53,23411.15,0
2024-06-21 14:37:53,23412.4,0
2024-06-21 14:37:54,23413.6,0
2024-06-21 14:37:54,23412.15,0
2024-06-21 14:37:55,23413.05,0
2024-06-21 14:37:55,23412.2,0
2024-06-21 14:37:56,23412.55,0
2024-06-21 14:37:56,23413.45,0
2024-06-21 14:37:57,23413.3,0
2024-06-21 14:37:57,23412.95,0
2024-06-21 14:37:58,23411.9,0
2024-06-21 14:37:58,23411.95,0
2024-06-21 14:37:59,23412.7,0
2024-06-21 14:37:59,23411.5,0
2024-06-21 14:38:00,23409.55,0
2024-06-21 14:38:00,23409.15,0
2024-06-21 14:38:01,23409.25,0
2024-06-21 14:38:01,23410.2,0
2024-06-21 14:38:02,23411.1,0
2024-06-21 14:38:02,23410.65,0
2024-06-21 14:38:03,23413.4,0
2024-06-21 14:38:03,23412.55,0
2024-06-21 14:38:04,23412.15,0
2024-06-21 14:38:04,23414.2,0
2024-06-21 14:38:05,23412.9,0
2024-06-21 14:38:05,23415.35,0
2024-06-21 14:38:06,23416.35,0
2024-06-21 14:38:06,23414.8,0
2024-06-21 14:38:07,23415.9,0
2024-06-21 14:38:07,23416.6,0
2024-06-21 14:38:08,23415.9,0
2024-06-21 14:38:08,23416.8,0
2024-06-21 14:38:09,23414.2,0
2024-06-21 14:38:09,23416.75,0
2024-06-21 14:38:10,23414.25,0
2024-06-21 14:38:10,23415.8,0
2024-06-21 14:38:11,23416.5,0
2024-06-21 14:38:11,23417.1,0
2024-06-21 14:38:12,23414.95,0
2024-06-21 14:38:12,23414.3,0
2024-06-21 14:38:13,23415.8,0
2024-06-21 14:38:13,23412.0,0
2024-06-21 14:38:14,23411.05,0
2024-06-21 14:38:14,23411.75,0
2024-06-21 14:38:15,23410.8,0
2024-06-21 14:38:15,23412.0,0
2024-06-21 14:38:16,23409.85,0
2024-06-21 14:38:16,23409.65,0
2024-06-21 14:38:17,23408.9,0
2024-06-21 14:38:17,23409.15,0
2024-06-21 14:38:18,23408.6,0
2024-06-21 14:38:18,23409.05,0
2024-06-21 14:38:19,23409.25,0
2024-06-21 14:38:19,23410.3,0
2024-06-21 14:38:20,23409.6,0
2024-06-21 14:38:20,23410.2,0
2024-06-21 14:38:21,23409.9,0
2024-06-21 14:38:21,23410.0,0
2024-06-21 14:38:22,23411.35,0
2024-06-21 14:38:22,23412.3,0
2024-06-21 14:38:23,23415.0,0
2024-06-21 14:38:23,23415.0,0
2024-06-21 14:38:24,23418.7,0
2024-06-21 14:38:24,23418.5,0
2024-06-21 14:38:25,23418.9,0
2024-06-21 14:38:25,23418.6,0
2024-06-21 14:38:26,23419.1,0
2024-06-21 14:38:26,23420.3,0
2024-06-21 14:38:27,23419.7,0
2024-06-21 14:38:27,23421.2,0
2024-06-21 14:38:28,23419.45,0
2024-06-21 14:38:28,23419.7,0
2024-06-21 14:38:29,23419.1,0
2024-06-21 14:38:29,23419.05,0
2024-06-21 14:38:30,23419.5,0
2024-06-21 14:38:30,23420.35,0
2024-06-21 14:38:31,23418.75,0
2024-06-21 14:38:31,23420.15,0
2024-06-21 14:38:32,23421.4,0
2024-06-21 14:38:32,23420.15,0
2024-06-21 14:38:33,23420.8,0
2024-06-21 14:38:33,23418.0,0
2024-06-21 14:38:34,23416.2,0
2024-06-21 14:38:34,23417.1,0
2024-06-21 14:38:35,23415.0,0
2024-06-21 14:38:35,23417.3,0
2024-06-21 14:38:36,23416.95,0
2024-06-21 14:38:36,23415.5,0
2024-06-21 14:38:37,23415.75,0
2024-06-21 14:38:37,23416.45,0
2024-06-21 14:38:38,23416.45,0
2024-06-21 14:38:38,23415.75,0
2024-06-21 14:38:39,23416.35,0
2024-06-21 14:38:39,23416.1,0
2024-06-21 14:38:40,23415.5,0
2024-06-21 14:38:40,23416.15,0
2024-06-21 14:38:41,23415.85,0
2024-06-21 14:38:41,23417.3,0
2024-06-21 14:38:42,23416.45,0
2024-06-21 14:38:42,23415.75,0
2024-06-21 14:38:43,23416.95,0
2024-06-21 14:38:43,23416.1,0
2024-06-21 14:38:44,23415.85,0
2024-06-21 14:38:44,23415.4,0
2024-06-21 14:38:45,23415.8,0
2024-06-21 14:38:45,23415.5,0
2024-06-21 14:38:46,23419.05,0
2024-06-21 14:38:46,23419.65,0
2024-06-21 14:38:47,23420.35,0
2024-06-21 14:38:47,23420.6,0
2024-06-21 14:38:48,23420.6,0
2024-06-21 14:38:48,23421.05,0
2024-06-21 14:38:49,23420.75,0
2024-06-21 14:38:49,23421.45,0
2024-06-21 14:38:50,23421.6,0
2024-06-21 14:38:50,23421.95,0
2024-06-21 14:38:51,23422.15,0
2024-06-21 14:38:51,23420.35,0
2024-06-21 14:38:52,23421.25,0
2024-06-21 14:38:52,23420.85,0
2024-06-21 14:38:53,23421.75,0
2024-06-21 14:38:53,23419.05,0
2024-06-21 14:38:54,23417.8,0
2024-06-21 14:38:54,23417.55,0
2024-06-21 14:38:55,23418.55,0
2024-06-21 14:38:55,23418.1,0
2024-06-21 14:38:56,23417.15,0
2024-06-21 14:38:56,23418.8,0
2024-06-21 14:38:57,23418.15,0
2024-06-21 14:38:57,23420.45,0
2024-06-21 14:38:58,23420.3,0
2024-06-21 14:38:58,23420.25,0
2024-06-21 14:38:59,23421.35,0
2024-06-21 14:38:59,23421.4,0
2024-06-21 14:39:00,23422.65,0
2024-06-21 14:39:00,23423.0,0
2024-06-21 14:39:01,23423.35,0
2024-06-21 14:39:01,23423.75,0
2024-06-21 14:39:02,23425.0,0
2024-06-21 14:39:02,23425.45,0
2024-06-21 14:39:03,23430.65,0
2024-06-21 14:39:03,23428.65,0
2024-06-21 14:39:04,23429.6,0
2024-06-21 14:39:04,23428.35,0
2024-06-21 14:39:05,23428.55,0
2024-06-21 14:39:05,23429.65,0
2024-06-21 14:39:06,23431.6,0
2024-06-21 14:39:06,23431.9,0
2024-06-21 14:39:07,23433.9,0
2024-06-21 14:39:07,23432.6,0
2024-06-21 14:39:08,23436.15,0
2024-06-21 14:39:08,23435.65,0
2024-06-21 14:39:09,23437.2,0
2024-06-21 14:39:09,23436.25,0
2024-06-21 14:39:10,23438.25,0
2024-06-21 14:39:10,23438.55,0
2024-06-21 14:39:11,23438.6,0
2024-06-21 14:39:11,23438.5,0
2024-06-21 14:39:12,23438.5,0
2024-06-21 14:39:12,23437.8,0
2024-06-21 14:39:13,23438.8,0
2024-06-21 14:39:13,23435.8,0
2024-06-21 14:39:14,23432.75,0
2024-06-21 14:39:14,23433.95,0
2024-06-21 14:39:15,23433.85,0
2024-06-21 14:39:15,23434.85,0
2024-06-21 14:39:16,23436.4,0
2024-06-21 14:39:16,23438.2,0
2024-06-21 14:39:17,23436.9,0
2024-06-21 14:39:17,23439.9,0
2024-06-21 14:39:18,23439.4,0
2024-06-21 14:39:18,23439.15,0
2024-06-21 14:39:19,23439.25,0
2024-06-21 14:39:19,23437.45,0
2024-06-21 14:39:20,23437.45,0
2024-06-21 14:39:20,23438.5,0
2024-06-21 14:39:21,23437.75,0
2024-06-21 14:39:21,23435.55,0
2024-06-21 14:39:22,23436.6,0
2024-06-21 14:39:22,23436.15,0
2024-06-21 14:39:23,23438.3,0
2024-06-21 14:39:23,23437.35,0
2024-06-21 14:39:24,23436.65,0
2024-06-21 14:39:24,23436.55,0
2024-06-21 14:39:25,23436.2,0
2024-06-21 14:39:25,23436.5,0
2024-06-21 14:39:26,23437.75,0
2024-06-21 14:39:26,23438.25,0
2024-06-21 14:39:27,23439.3,0
2024-06-21 14:39:27,23439.6,0
2024-06-21 14:39:28,23438.95,0
2024-06-21 14:39:28,23440.25,0
2024-06-21 14:39:29,23441.65,0
2024-06-21 14:39:29,23441.95,0
2024-06-21 14:39:30,23440.35,0
2024-06-21 14:39:30,23440.6,0
2024-06-21 14:39:31,23440.25,0
2024-06-21 14:39:31,23439.8,0
2024-06-21 14:39:32,23440.85,0
2024-06-21 14:39:32,23440.7,0
2024-06-21 14:39:33,23442.05,0
2024-06-21 14:39:33,23436.9,0
2024-06-21 14:39:34,23436.4,0
2024-06-21 14:39:34,23438.15,0
2024-06-21 14:39:35,23438.5,0
2024-06-21 14:39:35,23439.5,0
2024-06-21 14:39:36,23439.8,0
2024-06-21 14:39:36,23439.15,0
2024-06-21 14:39:37,23439.2,0
2024-06-21 14:39:37,23439.1,0
2024-06-21 14:39:38,23441.5,0
2024-06-21 14:39:38,23440.95,0
2024-06-21 14:39:39,23442.55,0
2024-06-21 14:39:39,23443.15,0
2024-06-21 14:39:40,23441.8,0
2024-06-21 14:39:40,23442.15,0
2024-06-21 14:39:41,23442.45,0
2024-06-21 14:39:41,23443.1,0
2024-06-21 14:39:42,23443.1,0
2024-06-21 14:39:42,23444.15,0
2024-06-21 14:39:43,23444.3,0
2024-06-21 14:39:43,23444.85,0
2024-06-21 14:39:44,23444.3,0
2024-06-21 14:39:44,23443.25,0
2024-06-21 14:39:45,23443.45,0
2024-06-21 14:39:45,23442.5,0
2024-06-21 14:39:46,23442.35,0
2024-06-21 14:39:46,23442.45,0
2024-06-21 14:39:47,23442.25,0
2024-06-21 14:39:47,23443.9,0
2024-06-21 14:39:48,23443.45,0
2024-06-21 14:39:48,23443.5,0
2024-06-21 14:39:49,23441.75,0
2024-06-21 14:39:49,23441.95,0
2024-06-21 14:39:50,23441.95,0
2024-06-21 14:39:50,23441.8,0
2024-06-21 14:39:51,23441.2,0
2024-06-21 14:39:51,23440.75,0
2024-06-21 14:39:52,23440.2,0
2024-06-21 14:39:52,23439.7,0
2024-06-21 14:39:53,23441.65,0
2024-06-21 14:39:53,23437.6,0
2024-06-21 14:39:54,23438.25,0
2024-06-21 14:39:54,23437.8,0
2024-06-21 14:39:55,23437.7,0
2024-06-21 14:39:55,23437.5,0
2024-06-21 14:39:56,23439.35,0
2024-06-21 14:39:56,23440.3,0
2024-06-21 14:39:57,23441.7,0
2024-06-21 14:39:57,23441.45,0
2024-06-21 14:39:58,23442.85,0
2024-06-21 14:39:58,23444.35,0
2024-06-21 14:39:59,23445.25,0
2024-06-21 14:39:59,23445.65,0
2024-06-21 14:40:00,23444.9,0
2024-06-21 14:40:00,23444.5,0
2024-06-21 14:40:01,23444.05,0
2024-06-21 14:40:01,23444.55,0
2024-06-21 14:40:02,23444.2,0
2024-06-21 14:40:02,23444.8,0
2024-06-21 14:40:03,23446.5,0
2024-06-21 14:40:03,23445.1,0
2024-06-21 14:40:04,23445.4,0
2024-06-21 14:40:04,23447.4,0
2024-06-21 14:40:05,23448.85,0
2024-06-21 14:40:05,23450.1,0
2024-06-21 14:40:06,23449.65,0
2024-06-21 14:40:06,23448.3,0
2024-06-21 14:40:07,23448.5,0
2024-06-21 14:40:07,23448.7,0
2024-06-21 14:40:08,23448.25,0
2024-06-21 14:40:08,23447.45,0
2024-06-21 14:40:09,23447.1,0
2024-06-21 14:40:09,23447.65,0
2024-06-21 14:40:10,23446.75,0
2024-06-21 14:40:10,23446.75,0
2024-06-21 14:40:11,23447.5,0
2024-06-21 14:40:11,23448.0,0
2024-06-21 14:40:12,23447.65,0
2024-06-21 14:40:12,23447.2,0
2024-06-21 14:40:13,23450.9,0
2024-06-21 14:40:13,23449.75,0
2024-06-21 14:40:14,23448.55,0
2024-06-21 14:40:14,23448.9,0
2024-06-21 14:40:15,23448.15,0
2024-06-21 14:40:15,23448.3,0
2024-06-21 14:40:16,23447.75,0
2024-06-21 14:40:16,23448.3,0
2024-06-21 14:40:17,23446.25,0
2024-06-21 14:40:17,23443.65,0
2024-06-21 14:40:18,23443.7,0
2024-06-21 14:40:18,23442.85,0
2024-06-21 14:40:19,23441.35,0
2024-06-21 14:40:19,23441.0,0
2024-06-21 14:40:20,23442.2,0
2024-06-21 14:40:20,23443.2,0
2024-06-21 14:40:21,23443.2,0
2024-06-21 14:40:21,23441.9,0
2024-06-21 14:40:22,23441.65,0
2024-06-21 14:40:22,23441.3,0
2024-06-21 14:40:23,23441.9,0
2024-06-21 14:40:23,23441.9,0
2024-06-21 14:40:24,23440.5,0
2024-06-21 14:40:24,23440.9,0
2024-06-21 14:40:25,23441.3,0
2024-06-21 14:40:25,23441.55,0
2024-06-21 14:40:26,23441.35,0
2024-06-21 14:40:26,23442.55,0
2024-06-21 14:40:27,23442.45,0
2024-06-21 14:40:27,23442.9,0
2024-06-21 14:40:28,23444.15,0
2024-06-21 14:40:28,23444.8,0
2024-06-21 14:40:29,23444.5,0
2024-06-21 14:40:29,23445.3,0
2024-06-21 14:40:30,23444.75,0
2024-06-21 14:40:30,23446.05,0
2024-06-21 14:40:31,23445.15,0
2024-06-21 14:40:31,23444.95,0
2024-06-21 14:40:32,23445.25,0
2024-06-21 14:40:32,23444.7,0
2024-06-21 14:40:33,23444.05,0
2024-06-21 14:40:33,23443.15,0
2024-06-21 14:40:34,23441.65,0
2024-06-21 14:40:34,23440.5,0
2024-06-21 14:40:35,23441.4,0
2024-06-21 14:40:35,23442.2,0
2024-06-21 14:40:36,23442.25,0
2024-06-21 14:40:36,23442.15,0
2024-06-21 14:40:37,23442.3,0
2024-06-21 14:40:37,23442.3,0
2024-06-21 14:40:38,23442.15,0
2024-06-21 14:40:38,23441.5,0
2024-06-21 14:40:39,23442.75,0
2024-06-21 14:40:39,23442.65,0
2024-06-21 14:40:40,23442.0,0
2024-06-21 14:40:40,23442.0,0
2024-06-21 14:40:41,23441.9,0
2024-06-21 14:40:41,23442.65,0
2024-06-21 14:40:42,23441.85,0
2024-06-21 14:40:42,23441.7,0
2024-06-21 14:40:43,23442.6,0
2024-06-21 14:40:43,23442.15,0
2024-06-21 14:40:44,23441.9,0
2024-06-21 14:40:44,23441.85,0
2024-06-21 14:40:45,23443.0,0
2024-06-21 14:40:45,23442.35,0
2024-06-21 14:40:46,23442.5,0
2024-06-21 14:40:46,23442.3,0
2024-06-21 14:40:47,23442.2,0
2024-06-21 14:40:47,23445.05,0
2024-06-21 14:40:48,23445.4,0
2024-06-21 14:40:48,23444.85,0
2024-06-21 14:40:49,23444.0,0
2024-06-21 14:40:49,23444.75,0
2024-06-21 14:40:50,23445.2,0
2024-06-21 14:40:50,23447.45,0
2024-06-21 14:40:51,23448.5,0
2024-06-21 14:40:51,23447.45,0
2024-06-21 14:40:52,23447.9,0
2024-06-21 14:40:52,23448.25,0
2024-06-21 14:40:53,23449.35,0
2024-06-21 14:40:53,23446.15,0
2024-06-21 14:40:54,23446.0,0
2024-06-21 14:40:54,23445.6,0
2024-06-21 14:40:55,23445.05,0
2024-06-21 14:40:55,23445.55,0
2024-06-21 14:40:56,23444.55,0
2024-06-21 14:40:56,23444.45,0
2024-06-21 14:40:57,23444.55,0
2024-06-21 14:40:57,23444.95,0
2024-06-21 14:40:58,23442.95,0
2024-06-21 14:40:58,23444.4,0
2024-06-21 14:40:59,23445.35,0
2024-06-21 14:40:59,23445.1,0
2024-06-21 14:41:00,23444.85,0
2024-06-21 14:41:00,23444.35,0
2024-06-21 14:41:01,23443.75,0
2024-06-21 14:41:01,23443.3,0
2024-06-21 14:41:02,23447.15,0
2024-06-21 14:41:02,23448.55,0
2024-06-21 14:41:03,23448.75,0
2024-06-21 14:41:03,23448.4,0
2024-06-21 14:41:04,23447.55,0
2024-06-21 14:41:04,23447.7,0
2024-06-21 14:41:05,23448.3,0
2024-06-21 14:41:05,23450.35,0
2024-06-21 14:41:06,23450.65,0
2024-06-21 14:41:06,23453.1,0
2024-06-21 14:41:07,23451.9,0
2024-06-21 14:41:07,23454.15,0
2024-06-21 14:41:08,23453.2,0
2024-06-21 14:41:08,23454.4,0
2024-06-21 14:41:09,23453.65,0
2024-06-21 14:41:09,23454.0,0
2024-06-21 14:41:10,23453.85,0
2024-06-21 14:41:10,23454.8,0
2024-06-21 14:41:11,23454.45,0
2024-06-21 14:41:11,23455.2,0
2024-06-21 14:41:12,23453.6,0
2024-06-21 14:41:12,23453.45,0
2024-06-21 14:41:13,23455.15,0
2024-06-21 14:41:13,23453.0,0
2024-06-21 14:41:14,23452.9,0
2024-06-21 14:41:14,23453.1,0
2024-06-21 14:41:15,23455.8,0
2024-06-21 14:41:15,23458.0,0
2024-06-21 14:41:16,23459.55,0
2024-06-21 14:41:16,23460.0,0
2024-06-21 14:41:17,23457.6,0
2024-06-21 14:41:17,23459.4,0
2024-06-21 14:41:18,23456.6,0
2024-06-21 14:41:18,23456.95,0
2024-06-21 14:41:19,23458.15,0
2024-06-21 14:41:19,23457.85,0
2024-06-21 14:41:20,23456.9,0
2024-06-21 14:41:20,23457.6,0
2024-06-21 14:41:21,23456.3,0
2024-06-21 14:41:21,23455.25,0
2024-06-21 14:41:22,23454.85,0
2024-06-21 14:41:22,23455.3,0
2024-06-21 14:41:23,23456.55,0
2024-06-21 14:41:23,23456.15,0
2024-06-21 14:41:24,23456.4,0
2024-06-21 14:41:24,23455.95,0
2024-06-21 14:41:25,23457.85,0
2024-06-21 14:41:25,23458.75,0
2024-06-21 14:41:26,23459.55,0
2024-06-21 14:41:26,23459.0,0
2024-06-21 14:41:27,23456.25,0
2024-06-21 14:41:27,23457.75,0
2024-06-21 14:41:28,23456.95,0
2024-06-21 14:41:28,23456.7,0
2024-06-21 14:41:29,23456.05,0
2024-06-21 14:41:29,23454.35,0
2024-06-21 14:41:30,23453.25,0
2024-06-21 14:41:30,23452.05,0
2024-06-21 14:41:31,23452.3,0
2024-06-21 14:41:31,23450.95,0
2024-06-21 14:41:32,23450.5,0
2024-06-21 14:41:32,23452.3,0
2024-06-21 14:41:33,23454.2,0
2024-06-21 14:41:33,23452.5,0
2024-06-21 14:41:34,23449.95,0
2024-06-21 14:41:34,23449.3,0
2024-06-21 14:41:35,23449.7,0
2024-06-21 14:41:35,23449.8,0
2024-06-21 14:41:36,23448.7,0
2024-06-21 14:41:36,23447.5,0
2024-06-21 14:41:37,23447.6,0
2024-06-21 14:41:37,23447.55,0
2024-06-21 14:41:38,23447.3,0
2024-06-21 14:41:38,23448.8,0
2024-06-21 14:41:39,23447.45,0
2024-06-21 14:41:39,23447.15,0
2024-06-21 14:41:40,23447.6,0
2024-06-21 14:41:40,23447.9,0
2024-06-21 14:41:41,23452.85,0
2024-06-21 14:41:41,23452.8,0
2024-06-21 14:41:42,23452.65,0
2024-06-21 14:41:42,23453.5,0
2024-06-21 14:41:43,23454.8,0
2024-06-21 14:41:43,23455.5,0
2024-06-21 14:41:44,23455.65,0
2024-06-21 14:41:44,23455.5,0
2024-06-21 14:41:45,23454.8,0
2024-06-21 14:41:45,23454.2,0
2024-06-21 14:41:46,23454.15,0
2024-06-21 14:41:46,23453.8,0
2024-06-21 14:41:47,23452.55,0
2024-06-21 14:41:47,23452.7,0
2024-06-21 14:41:48,23452.1,0
2024-06-21 14:41:48,23450.95,0
2024-06-21 14:41:49,23451.35,0
2024-06-21 14:41:49,23451.8,0
2024-06-21 14:41:50,23451.5,0
2024-06-21 14:41:50,23450.85,0
2024-06-21 14:41:51,23450.2,0
2024-06-21 14:41:51,23450.45,0
2024-06-21 14:41:52,23449.95,0
2024-06-21 14:41:52,23451.05,0
2024-06-21 14:41:53,23452.75,0
2024-06-21 14:41:53,23449.0,0
2024-06-21 14:41:54,23448.4,0
2024-06-21 14:41:54,23447.75,0
2024-06-21 14:41:55,23447.95,0
2024-06-21 14:41:55,23447.2,0
2024-06-21 14:41:56,23449.1,0
2024-06-21 14:41:56,23450.55,0
2024-06-21 14:41:57,23448.55,0
2024-06-21 14:41:57,23449.2,0
2024-06-21 14:41:58,23448.6,0
2024-06-21 14:41:58,23448.2,0
2024-06-21 14:41:59,23448.05,0
2024-06-21 14:41:59,23447.7,0
2024-06-21 14:42:00,23448.1,0
2024-06-21 14:42:00,23447.15,0
2024-06-21 14:42:01,23446.8,0
2024-06-21 14:42:01,23446.9,0
2024-06-21 14:42:02,23447.1,0
2024-06-21 14:42:02,23447.3,0
2024-06-21 14:42:03,23447.6,0
2024-06-21 14:42:03,23446.35,0
2024-06-21 14:42:04,23445.2,0
2024-06-21 14:42:04,23445.5,0
2024-06-21 14:42:05,23444.2,0
2024-06-21 14:42:05,23443.7,0
2024-06-21 14:42:06,23443.75,0
2024-06-21 14:42:06,23442.15,0
2024-06-21 14:42:07,23441.4,0
2024-06-21 14:42:07,23442.3,0
2024-06-21 14:42:08,23440.2,0
2024-06-21 14:42:08,23438.85,0
2024-06-21 14:42:09,23439.5,0
2024-06-21 14:42:09,23438.85,0
2024-06-21 14:42:10,23437.55,0
2024-06-21 14:42:10,23436.8,0
2024-06-21 14:42:11,23438.0,0
2024-06-21 14:42:11,23439.3,0
2024-06-21 14:42:12,23440.85,0
2024-06-21 14:42:12,23441.35,0
2024-06-21 14:42:13,23443.3,0
2024-06-21 14:42:13,23441.45,0
2024-06-21 14:42:14,23441.5,0
2024-06-21 14:42:14,23440.1,0
2024-06-21 14:42:15,23440.35,0
2024-06-21 14:42:15,23440.8,0
2024-06-21 14:42:16,23440.5,0
2024-06-21 14:42:16,23438.95,0
2024-06-21 14:42:17,23439.45,0
2024-06-21 14:42:17,23439.8,0
2024-06-21 14:42:18,23438.15,0
2024-06-21 14:42:18,23438.35,0
2024-06-21 14:42:19,23437.3,0
2024-06-21 14:42:19,23437.95,0
2024-06-21 14:42:20,23440.65,0
2024-06-21 14:42:20,23441.05,0
2024-06-21 14:42:21,23439.6,0
2024-06-21 14:42:21,23438.3,0
2024-06-21 14:42:22,23438.25,0
2024-06-21 14:42:22,23440.5,0
2024-06-21 14:42:23,23440.3,0
2024-06-21 14:42:23,23445.0,0
2024-06-21 14:42:24,23443.95,0
2024-06-21 14:42:24,23443.45,0
2024-06-21 14:42:25,23444.15,0
2024-06-21 14:42:25,23446.45,0
2024-06-21 14:42:26,23443.25,0
2024-06-21 14:42:26,23444.5,0
2024-06-21 14:42:27,23442.8,0
2024-06-21 14:42:27,23445.0,0
2024-06-21 14:42:28,23443.2,0
2024-06-21 14:42:28,23444.25,0
2024-06-21 14:42:29,23444.15,0
2024-06-21 14:42:29,23443.05,0
2024-06-21 14:42:30,23443.9,0
2024-06-21 14:42:30,23445.85,0
2024-06-21 14:42:31,23445.85,0
2024-06-21 14:42:31,23445.4,0
2024-06-21 14:42:32,23448.9,0
2024-06-21 14:42:32,23448.05,0
2024-06-21 14:42:33,23451.1,0
2024-06-21 14:42:33,23451.6,0
2024-06-21 14:42:34,23449.85,0
2024-06-21 14:42:34,23450.4,0
2024-06-21 14:42:35,23448.85,0
2024-06-21 14:42:35,23449.2,0
2024-06-21 14:42:36,23447.8,0
2024-06-21 14:42:36,23447.25,0
2024-06-21 14:42:37,23448.8,0
2024-06-21 14:42:37,23448.45,0
2024-06-21 14:42:38,23448.0,0
2024-06-21 14:42:38,23446.75,0
2024-06-21 14:42:39,23450.75,0
2024-06-21 14:42:39,23448.2,0
2024-06-21 14:42:40,23452.1,0
2024-06-21 14:42:40,23451.2,0
2024-06-21 14:42:41,23454.5,0
2024-06-21 14:42:41,23455.7,0
2024-06-21 14:42:42,23453.7,0
2024-06-21 14:42:42,23455.45,0
2024-06-21 14:42:43,23457.45,0
2024-06-21 14:42:43,23456.1,0
2024-06-21 14:42:44,23456.95,0
2024-06-21 14:42:44,23455.2,0
2024-06-21 14:42:45,23454.2,0
2024-06-21 14:42:45,23453.95,0
2024-06-21 14:42:46,23453.45,0
2024-06-21 14:42:46,23453.9,0
2024-06-21 14:42:47,23455.65,0
2024-06-21 14:42:47,23458.6,0
2024-06-21 14:42:48,23456.2,0
2024-06-21 14:42:48,23459.45,0
2024-06-21 14:42:49,23459.9,0
2024-06-21 14:42:49,23456.55,0
2024-06-21 14:42:50,23456.0,0
2024-06-21 14:42:50,23459.85,0
2024-06-21 14:42:51,23459.3,0
2024-06-21 14:42:51,23458.0,0
2024-06-21 14:42:52,23458.95,0
2024-06-21 14:42:52,23458.9,0
2024-06-21 14:42:53,23462.3,0
2024-06-21 14:42:53,23461.05,0
2024-06-21 14:42:54,23462.05,0
2024-06-21 14:42:54,23461.1,0
2024-06-21 14:42:55,23460.9,0
2024-06-21 14:42:55,23459.55,0
2024-06-21 14:42:56,23459.05,0
2024-06-21 14:42:56,23459.85,0
2024-06-21 14:42:57,23458.8,0
2024-06-21 14:42:57,23461.35,0
2024-06-21 14:42:58,23461.45,0
2024-06-21 14:42:58,23463.05,0
2024-06-21 14:42:59,23460.75,0
2024-06-21 14:42:59,23463.55,0
2024-06-21 14:43:00,23467.1,0
2024-06-21 14:43:00,23466.4,0
2024-06-21 14:43:01,23465.55,0
2024-06-21 14:43:01,23464.75,0
2024-06-21 14:43:02,23466.25,0
2024-06-21 14:43:02,23463.5,0
2024-06-21 14:43:03,23464.45,0
2024-06-21 14:43:03,23466.15,0
2024-06-21 14:43:04,23464.6,0
2024-06-21 14:43:04,23463.05,0
2024-06-21 14:43:05,23462.8,0
2024-06-21 14:43:05,23467.5,0
2024-06-21 14:43:06,23465.45,0
2024-06-21 14:43:06,23468.2,0
2024-06-21 14:43:07,23469.45,0
2024-06-21 14:43:07,23470.15,0
2024-06-21 14:43:08,23468.05,0
2024-06-21 14:43:08,23469.3,0
2024-06-21 14:43:09,23468.9,0
2024-06-21 14:43:09,23468.65,0
2024-06-21 14:43:10,23468.95,0
2024-06-21 14:43:10,23466.9,0
2024-06-21 14:43:11,23467.6,0
2024-06-21 14:43:11,23469.2,0
2024-06-21 14:43:12,23467.55,0
2024-06-21 14:43:12,23466.85,0
2024-06-21 14:43:13,23466.6,0
2024-06-21 14:43:13,23466.5,0
2024-06-21 14:43:14,23465.25,0
2024-06-21 14:43:14,23466.2,0
2024-06-21 14:43:15,23466.0,0
2024-06-21 14:43:15,23467.6,0
2024-06-21 14:43:16,23465.85,0
2024-06-21 14:43:16,23465.85,0
2024-06-21 14:43:17,23466.35,0
2024-06-21 14:43:17,23466.1,0
2024-06-21 14:43:18,23465.7,0
2024-06-21 14:43:18,23466.8,0
2024-06-21 14:43:19,23466.95,0
2024-06-21 14:43:19,23467.35,0
2024-06-21 14:43:20,23467.75,0
2024-06-21 14:43:20,23467.65,0
2024-06-21 14:43:21,23471.6,0
2024-06-21 14:43:21,23469.5,0
2024-06-21 14:43:22,23470.85,0
2024-06-21 14:43:22,23470.2,0
2024-06-21 14:43:23,23470.9,0
2024-06-21 14:43:23,23471.65,0
2024-06-21 14:43:24,23472.25,0
2024-06-21 14:43:24,23472.15,0
2024-06-21 14:43:25,23471.4,0
2024-06-21 14:43:25,23470.9,0
2024-06-21 14:43:26,23471.8,0
2024-06-21 14:43:26,23471.75,0
2024-06-21 14:43:27,23470.85,0
2024-06-21 14:43:27,23471.45,0
2024-06-21 14:43:28,23470.45,0
2024-06-21 14:43:28,23469.9,0
2024-06-21 14:43:29,23468.9,0
2024-06-21 14:43:29,23469.7,0
2024-06-21 14:43:30,23468.65,0
2024-06-21 14:43:30,23468.2,0
2024-06-21 14:43:31,23468.15,0
2024-06-21 14:43:31,23470.0,0
2024-06-21 14:43:32,23470.2,0
2024-06-21 14:43:32,23471.25,0
2024-06-21 14:43:33,23474.1,0
2024-06-21 14:43:33,23473.45,0
2024-06-21 14:43:34,23471.85,0
2024-06-21 14:43:34,23470.4,0
2024-06-21 14:43:35,23470.85,0
2024-06-21 14:43:35,23471.5,0
2024-06-21 14:43:36,23471.65,0
2024-06-21 14:43:36,23469.65,0
2024-06-21 14:43:37,23472.45,0
2024-06-21 14:43:37,23471.95,0
2024-06-21 14:43:38,23469.6,0
2024-06-21 14:43:38,23467.85,0
2024-06-21 14:43:39,23465.95,0
2024-06-21 14:43:39,23466.65,0
2024-06-21 14:43:40,23464.15,0
2024-06-21 14:43:40,23465.35,0
2024-06-21 14:43:41,23467.8,0
2024-06-21 14:43:41,23468.4,0
2024-06-21 14:43:42,23467.2,0
2024-06-21 14:43:42,23465.0,0
2024-06-21 14:43:43,23466.2,0
2024-06-21 14:43:43,23464.0,0
2024-06-21 14:43:44,23462.5,0
2024-06-21 14:43:44,23462.7,0
2024-06-21 14:43:45,23460.9,0
2024-06-21 14:43:45,23462.05,0
2024-06-21 14:43:46,23461.6,0
2024-06-21 14:43:46,23462.35,0
2024-06-21 14:43:47,23462.25,0
2024-06-21 14:43:47,23462.15,0
2024-06-21 14:43:48,23461.85,0
2024-06-21 14:43:48,23460.3,0
2024-06-21 14:43:49,23460.1,0
2024-06-21 14:43:49,23459.5,0
2024-06-21 14:43:50,23459.45,0
2024-06-21 14:43:50,23462.65,0
2024-06-21 14:43:51,23462.2,0
2024-06-21 14:43:51,23461.5,0
2024-06-21 14:43:52,23461.9,0
2024-06-21 14:43:52,23461.1,0
2024-06-21 14:43:53,23467.5,0
2024-06-21 14:43:53,23465.75,0
2024-06-21 14:43:54,23465.85,0
2024-06-21 14:43:54,23465.75,0
2024-06-21 14:43:55,23466.35,0
2024-06-21 14:43:55,23465.35,0
2024-06-21 14:43:56,23467.3,0
2024-06-21 14:43:56,23466.7,0
2024-06-21 14:43:57,23466.65,0
2024-06-21 14:43:57,23467.25,0
2024-06-21 14:43:58,23467.65,0
2024-06-21 14:43:58,23467.25,0
2024-06-21 14:43:59,23470.55,0
2024-06-21 14:43:59,23469.9,0
2024-06-21 14:44:00,23468.3,0
2024-06-21 14:44:00,23468.9,0
2024-06-21 14:44:01,23469.0,0
2024-06-21 14:44:01,23466.65,0
2024-06-21 14:44:02,23467.0,0
2024-06-21 14:44:02,23467.25,0
2024-06-21 14:44:03,23467.1,0
2024-06-21 14:44:03,23467.2,0
2024-06-21 14:44:04,23466.1,0
2024-06-21 14:44:04,23467.4,0
2024-06-21 14:44:05,23467.35,0
2024-06-21 14:44:05,23467.35,0
2024-06-21 14:44:06,23467.85,0
2024-06-21 14:44:06,23465.05,0
2024-06-21 14:44:07,23465.6,0
2024-06-21 14:44:07,23465.6,0
2024-06-21 14:44:08,23465.55,0
2024-06-21 14:44:08,23466.95,0
2024-06-21 14:44:09,23466.35,0
2024-06-21 14:44:09,23467.3,0
2024-06-21 14:44:10,23467.7,0
2024-06-21 14:44:10,23466.4,0
2024-06-21 14:44:11,23468.8,0
2024-06-21 14:44:11,23468.85,0
2024-06-21 14:44:12,23468.9,0
2024-06-21 14:44:12,23469.0,0
2024-06-21 14:44:13,23471.3,0
2024-06-21 14:44:13,23469.75,0
2024-06-21 14:44:14,23470.55,0
2024-06-21 14:44:14,23469.55,0
2024-06-21 14:44:15,23469.9,0
2024-06-21 14:44:15,23469.3,0
2024-06-21 14:44:16,23467.35,0
2024-06-21 14:44:16,23467.35,0
2024-06-21 14:44:17,23468.55,0
2024-06-21 14:44:17,23469.1,0
2024-06-21 14:44:18,23467.8,0
2024-06-21 14:44:18,23467.55,0
2024-06-21 14:44:19,23468.3,0
2024-06-21 14:44:19,23468.7,0
2024-06-21 14:44:20,23467.55,0
2024-06-21 14:44:20,23469.3,0
2024-06-21 14:44:21,23469.0,0
2024-06-21 14:44:21,23470.3,0
2024-06-21 14:44:22,23471.2,0
2024-06-21 14:44:22,23471.1,0
2024-06-21 14:44:23,23471.9,0
2024-06-21 14:44:23,23471.7,0
2024-06-21 14:44:24,23471.2,0
2024-06-21 14:44:24,23469.85,0
2024-06-21 14:44:25,23470.35,0
2024-06-21 14:44:25,23469.85,0
2024-06-21 14:44:26,23471.05,0
2024-06-21 14:44:26,23470.8,0
2024-06-21 14:44:27,23469.9,0
2024-06-21 14:44:27,23469.85,0
2024-06-21 14:44:28,23469.15,0
2024-06-21 14:44:28,23469.6,0
2024-06-21 14:44:29,23468.4,0
2024-06-21 14:44:29,23469.1,0
2024-06-21 14:44:30,23469.25,0
2024-06-21 14:44:30,23469.7,0
2024-06-21 14:44:31,23468.9,0
2024-06-21 14:44:31,23468.4,0
2024-06-21 14:44:32,23468.5,0
2024-06-21 14:44:32,23467.75,0
2024-06-21 14:44:33,23469.05,0
2024-06-21 14:44:33,23465.35,0
2024-06-21 14:44:34,23465.75,0
2024-06-21 14:44:34,23463.05,0
2024-06-21 14:44:35,23462.85,0
2024-06-21 14:44:35,23464.1,0
2024-06-21 14:44:36,23462.65,0
2024-06-21 14:44:36,23465.2,0
2024-06-21 14:44:37,23464.7,0
2024-06-21 14:44:37,23465.8,0
2024-06-21 14:44:38,23463.55,0
2024-06-21 14:44:38,23466.2,0
2024-06-21 14:44:39,23466.25,0
2024-06-21 14:44:39,23465.15,0
2024-06-21 14:44:40,23464.7,0
2024-06-21 14:44:40,23463.3,0
2024-06-21 14:44:41,23463.05,0
2024-06-21 14:44:41,23464.65,0
2024-06-21 14:44:42,23464.1,0
2024-06-21 14:44:42,23463.35,0
2024-06-21 14:44:43,23464.35,0
2024-06-21 14:44:43,23462.3,0
2024-06-21 14:44:44,23462.95,0
2024-06-21 14:44:44,23462.25,0
2024-06-21 14:44:45,23464.3,0
2024-06-21 14:44:45,23462.4,0
2024-06-21 14:44:46,23462.4,0
2024-06-21 14:44:46,23462.0,0
2024-06-21 14:44:47,23461.45,0
2024-06-21 14:44:47,23462.55,0
2024-06-21 14:44:48,23463.4,0
2024-06-21 14:44:48,23463.0,0
2024-06-21 14:44:49,23462.3,0
2024-06-21 14:44:49,23460.95,0
2024-06-21 14:44:50,23460.6,0
2024-06-21 14:44:50,23461.4,0
2024-06-21 14:44:51,23460.1,0
2024-06-21 14:44:51,23460.35,0
2024-06-21 14:44:52,23460.5,0
2024-06-21 14:44:52,23459.65,0
2024-06-21 14:44:53,23460.65,0
2024-06-21 14:44:53,23458.15,0
2024-06-21 14:44:54,23458.5,0
2024-06-21 14:44:54,23457.7,0
2024-06-21 14:44:55,23458.4,0
2024-06-21 14:44:55,23458.55,0
2024-06-21 14:44:56,23460.35,0
2024-06-21 14:44:56,23461.4,0
2024-06-21 14:44:57,23461.8,0
2024-06-21 14:44:57,23462.25,0
2024-06-21 14:44:58,23462.6,0
2024-06-21 14:44:58,23462.0,0
2024-06-21 14:44:59,23461.05,0
2024-06-21 14:44:59,23460.55,0
2024-06-21 14:45:00,23460.45,0
2024-06-21 14:45:00,23459.65,0
2024-06-21 14:45:01,23460.25,0
2024-06-21 14:45:01,23459.85,0
2024-06-21 14:45:02,23462.95,0
2024-06-21 14:45:02,23462.45,0
2024-06-21 14:45:03,23464.2,0
2024-06-21 14:45:03,23464.05,0
2024-06-21 14:45:04,23466.7,0
2024-06-21 14:45:04,23466.75,0
2024-06-21 14:45:05,23467.75,0
2024-06-21 14:45:05,23467.85,0
2024-06-21 14:45:06,23467.85,0
2024-06-21 14:45:06,23467.4,0
2024-06-21 14:45:07,23468.2,0
2024-06-21 14:45:07,23467.65,0
2024-06-21 14:45:08,23467.5,0
2024-06-21 14:45:08,23468.05,0
2024-06-21 14:45:09,23467.95,0
2024-06-21 14:45:09,23467.05,0
2024-06-21 14:45:10,23467.1,0
2024-06-21 14:45:10,23467.2,0
2024-06-21 14:45:11,23467.05,0
2024-06-21 14:45:11,23468.3,0
2024-06-21 14:45:12,23468.7,0
2024-06-21 14:45:12,23468.15,0
2024-06-21 14:45:13,23468.8,0
2024-06-21 14:45:13,23466.5,0
2024-06-21 14:45:14,23466.8,0
2024-06-21 14:45:14,23465.3,0
2024-06-21 14:45:15,23464.6,0
2024-06-21 14:45:15,23465.45,0
2024-06-21 14:45:16,23464.9,0
2024-06-21 14:45:16,23465.05,0
2024-06-21 14:45:17,23465.15,0
2024-06-21 14:45:17,23465.5,0
2024-06-21 14:45:18,23465.6,0
2024-06-21 14:45:18,23463.95,0
2024-06-21 14:45:19,23468.2,0
2024-06-21 14:45:19,23467.9,0
2024-06-21 14:45:20,23467.95,0
2024-06-21 14:45:20,23469.4,0
2024-06-21 14:45:21,23468.6,0
2024-06-21 14:45:21,23468.2,0
2024-06-21 14:45:22,23467.9,0
2024-06-21 14:45:22,23467.6,0
2024-06-21 14:45:23,23468.2,0
2024-06-21 14:45:23,23467.35,0
2024-06-21 14:45:24,23468.6,0
2024-06-21 14:45:24,23470.1,0
2024-06-21 14:45:25,23471.75,0
2024-06-21 14:45:25,23471.9,0
2024-06-21 14:45:26,23471.55,0
2024-06-21 14:45:26,23472.5,0
2024-06-21 14:45:27,23474.55,0
2024-06-21 14:45:27,23476.3,0
2024-06-21 14:45:28,23475.7,0
2024-06-21 14:45:28,23474.15,0
2024-06-21 14:45:29,23473.55,0
2024-06-21 14:45:29,23473.75,0
2024-06-21 14:45:30,23474.65,0
2024-06-21 14:45:30,23472.75,0
2024-06-21 14:45:31,23473.0,0
2024-06-21 14:45:31,23473.5,0
2024-06-21 14:45:32,23472.8,0
2024-06-21 14:45:32,23471.95,0
2024-06-21 14:45:33,23473.6,0
2024-06-21 14:45:33,23471.65,0
2024-06-21 14:45:34,23471.75,0
2024-06-21 14:45:34,23471.0,0
2024-06-21 14:45:35,23471.45,0
2024-06-21 14:45:35,23471.8,0
2024-06-21 14:45:36,23471.45,0
2024-06-21 14:45:36,23470.85,0
2024-06-21 14:45:37,23471.85,0
2024-06-21 14:45:37,23473.15,0
2024-06-21 14:45:38,23475.3,0
2024-06-21 14:45:38,23475.2,0
2024-06-21 14:45:39,23476.35,0
2024-06-21 14:45:39,23478.6,0
2024-06-21 14:45:40,23482.25,0
2024-06-21 14:45:40,23480.6,0
2024-06-21 14:45:41,23479.45,0
2024-06-21 14:45:41,23480.8,0
2024-06-21 14:45:42,23480.55,0
2024-06-21 14:45:42,23482.6,0
2024-06-21 14:45:43,23482.2,0
2024-06-21 14:45:43,23480.65,0
2024-06-21 14:45:44,23481.1,0
2024-06-21 14:45:44,23484.05,0
2024-06-21 14:45:45,23481.35,0
2024-06-21 14:45:45,23481.75,0
2024-06-21 14:45:46,23483.4,0
2024-06-21 14:45:46,23482.7,0
2024-06-21 14:45:47,23482.45,0
2024-06-21 14:45:47,23484.4,0
2024-06-21 14:45:48,23483.55,0
2024-06-21 14:45:48,23482.4,0
2024-06-21 14:45:49,23481.5,0
2024-06-21 14:45:49,23482.35,0
2024-06-21 14:45:50,23481.2,0
2024-06-21 14:45:50,23483.1,0
2024-06-21 14:45:51,23482.0,0
2024-06-21 14:45:51,23482.6,0
2024-06-21 14:45:52,23481.7,0
2024-06-21 14:45:52,23481.2,0
2024-06-21 14:45:53,23482.0,0
2024-06-21 14:45:53,23477.6,0
2024-06-21 14:45:54,23477.45,0
2024-06-21 14:45:54,23476.8,0
2024-06-21 14:45:55,23480.15,0
2024-06-21 14:45:55,23479.1,0
2024-06-21 14:45:56,23480.35,0
2024-06-21 14:45:56,23481.25,0
2024-06-21 14:45:57,23481.05,0
2024-06-21 14:45:57,23480.05,0
2024-06-21 14:45:58,23480.4,0
2024-06-21 14:45:58,23481.1,0
2024-06-21 14:45:59,23480.6,0
2024-06-21 14:45:59,23480.4,0
2024-06-21 14:46:00,23478.9,0
2024-06-21 14:46:00,23483.65,0
2024-06-21 14:46:01,23489.0,0
2024-06-21 14:46:01,23486.85,0
2024-06-21 14:46:02,23488.25,0
2024-06-21 14:46:02,23488.4,0
2024-06-21 14:46:03,23489.35,0
2024-06-21 14:46:03,23488.9,0
2024-06-21 14:46:04,23488.15,0
2024-06-21 14:46:04,23486.6,0
2024-06-21 14:46:05,23487.35,0
2024-06-21 14:46:05,23488.85,0
2024-06-21 14:46:06,23491.3,0
2024-06-21 14:46:06,23492.15,0
2024-06-21 14:46:07,23495.05,0
2024-06-21 14:46:07,23495.15,0
2024-06-21 14:46:08,23495.45,0
2024-06-21 14:46:08,23496.5,0
2024-06-21 14:46:09,23496.05,0
2024-06-21 14:46:09,23498.4,0
2024-06-21 14:46:10,23496.2,0
2024-06-21 14:46:10,23495.25,0
2024-06-21 14:46:11,23493.8,0
2024-06-21 14:46:11,23495.15,0
2024-06-21 14:46:12,23495.45,0
2024-06-21 14:46:12,23494.85,0
2024-06-21 14:46:13,23496.6,0
2024-06-21 14:46:13,23496.0,0
2024-06-21 14:46:14,23494.2,0
2024-06-21 14:46:14,23495.75,0
2024-06-21 14:46:15,23497.65,0
2024-06-21 14:46:15,23496.05,0
2024-06-21 14:46:16,23495.75,0
2024-06-21 14:46:16,23495.15,0
2024-06-21 14:46:17,23494.3,0
2024-06-21 14:46:17,23495.45,0
2024-06-21 14:46:18,23494.8,0
2024-06-21 14:46:18,23492.15,0
2024-06-21 14:46:19,23493.25,0
2024-06-21 14:46:19,23491.4,0
2024-06-21 14:46:20,23491.0,0
2024-06-21 14:46:20,23492.6,0
2024-06-21 14:46:21,23490.55,0
2024-06-21 14:46:21,23489.25,0
2024-06-21 14:46:22,23493.85,0
2024-06-21 14:46:22,23490.75,0
2024-06-21 14:46:23,23493.55,0
2024-06-21 14:46:23,23493.45,0
2024-06-21 14:46:24,23493.15,0
2024-06-21 14:46:24,23493.6,0
2024-06-21 14:46:25,23493.85,0
2024-06-21 14:46:25,23493.85,0
2024-06-21 14:46:26,23492.55,0
2024-06-21 14:46:26,23494.35,0
2024-06-21 14:46:27,23493.75,0
2024-06-21 14:46:27,23492.65,0
2024-06-21 14:46:28,23492.65,0
2024-06-21 14:46:28,23492.7,0
2024-06-21 14:46:29,23492.3,0
2024-06-21 14:46:29,23492.85,0
2024-06-21 14:46:30,23493.4,0
2024-06-21 14:46:30,23491.0,0
2024-06-21 14:46:31,23490.85,0
2024-06-21 14:46:31,23490.75,0
2024-06-21 14:46:32,23490.55,0
2024-06-21 14:46:32,23490.45,0
2024-06-21 14:46:33,23491.55,0
2024-06-21 14:46:33,23487.55,0
2024-06-21 14:46:34,23485.25,0
2024-06-21 14:46:34,23482.35,0
2024-06-21 14:46:35,23482.35,0
2024-06-21 14:46:35,23485.05,0
2024-06-21 14:46:36,23483.8,0
2024-06-21 14:46:36,23482.75,0
2024-06-21 14:46:37,23484.4,0
2024-06-21 14:46:37,23484.4,0
2024-06-21 14:46:38,23484.3,0
2024-06-21 14:46:38,23482.9,0
2024-06-21 14:46:39,23483.95,0
2024-06-21 14:46:39,23484.15,0
2024-06-21 14:46:40,23482.35,0
2024-06-21 14:46:40,23481.15,0
2024-06-21 14:46:41,23479.85,0
2024-06-21 14:46:41,23481.0,0
2024-06-21 14:46:42,23478.05,0
2024-06-21 14:46:42,23478.6,0
2024-06-21 14:46:43,23479.7,0
2024-06-21 14:46:43,23478.05,0
2024-06-21 14:46:44,23477.05,0
2024-06-21 14:46:44,23480.8,0
2024-06-21 14:46:45,23481.05,0
2024-06-21 14:46:45,23482.8,0
2024-06-21 14:46:46,23482.55,0
2024-06-21 14:46:46,23483.8,0
2024-06-21 14:46:47,23481.7,0
2024-06-21 14:46:47,23482.5,0
2024-06-21 14:46:48,23482.4,0
2024-06-21 14:46:48,23480.7,0
2024-06-21 14:46:49,23481.0,0
2024-06-21 14:46:49,23479.8,0
2024-06-21 14:46:50,23482.05,0
2024-06-21 14:46:50,23482.75,0
2024-06-21 14:46:51,23483.45,0
2024-06-21 14:46:51,23482.25,0
2024-06-21 14:46:52,23483.35,0
2024-06-21 14:46:52,23483.4,0
2024-06-21 14:46:53,23486.25,0
2024-06-21 14:46:53,23486.0,0
2024-06-21 14:46:54,23483.5,0
2024-06-21 14:46:54,23485.2,0
2024-06-21 14:46:55,23484.25,0
2024-06-21 14:46:55,23482.35,0
2024-06-21 14:46:56,23483.8,0
2024-06-21 14:46:56,23485.35,0
2024-06-21 14:46:57,23484.7,0
2024-06-21 14:46:57,23485.1,0
2024-06-21 14:46:58,23484.8,0
2024-06-21 14:46:58,23485.15,0
2024-06-21 14:46:59,23484.05,0
2024-06-21 14:46:59,23484.4,0
2024-06-21 14:47:00,23485.45,0
2024-06-21 14:47:00,23483.95,0
2024-06-21 14:47:01,23486.9,0
2024-06-21 14:47:01,23484.9,0
2024-06-21 14:47:02,23489.0,0
2024-06-21 14:47:02,23488.6,0
2024-06-21 14:47:03,23489.95,0
2024-06-21 14:47:03,23486.55,0
2024-06-21 14:47:04,23487.6,0
2024-06-21 14:47:04,23489.3,0
2024-06-21 14:47:05,23488.5,0
2024-06-21 14:47:05,23489.25,0
2024-06-21 14:47:06,23488.0,0
2024-06-21 14:47:06,23488.2,0
2024-06-21 14:47:07,23488.05,0
2024-06-21 14:47:07,23487.85,0
2024-06-21 14:47:08,23486.55,0
2024-06-21 14:47:08,23487.75,0
2024-06-21 14:47:09,23487.0,0
2024-06-21 14:47:09,23486.2,0
2024-06-21 14:47:10,23487.0,0
2024-06-21 14:47:10,23488.1,0
2024-06-21 14:47:11,23488.05,0
2024-06-21 14:47:11,23490.4,0
2024-06-21 14:47:12,23490.7,0
2024-06-21 14:47:12,23490.35,0
2024-06-21 14:47:13,23490.25,0
2024-06-21 14:47:13,23488.9,0
2024-06-21 14:47:14,23491.05,0
2024-06-21 14:47:14,23490.15,0
2024-06-21 14:47:15,23492.65,0
2024-06-21 14:47:15,23492.55,0
2024-06-21 14:47:16,23490.95,0
2024-06-21 14:47:16,23490.65,0
2024-06-21 14:47:17,23490.35,0
2024-06-21 14:47:17,23490.05,0
2024-06-21 14:47:18,23490.15,0
2024-06-21 14:47:18,23488.55,0
2024-06-21 14:47:19,23487.95,0
2024-06-21 14:47:19,23488.45,0
2024-06-21 14:47:20,23484.95,0
2024-06-21 14:47:20,23487.6,0
2024-06-21 14:47:21,23485.3,0
2024-06-21 14:47:21,23483.95,0
2024-06-21 14:47:22,23483.9,0
2024-06-21 14:47:22,23483.95,0
2024-06-21 14:47:23,23485.15,0
2024-06-21 14:47:23,23485.1,0
2024-06-21 14:47:24,23484.4,0
2024-06-21 14:47:24,23485.0,0
2024-06-21 14:47:25,23484.85,0
2024-06-21 14:47:25,23486.25,0
2024-06-21 14:47:26,23487.35,0
2024-06-21 14:47:26,23487.5,0
2024-06-21 14:47:27,23487.2,0
2024-06-21 14:47:27,23486.8,0
2024-06-21 14:47:28,23486.4,0
2024-06-21 14:47:28,23487.8,0
2024-06-21 14:47:29,23487.05,0
2024-06-21 14:47:29,23486.75,0
2024-06-21 14:47:30,23486.7,0
2024-06-21 14:47:30,23487.15,0
2024-06-21 14:47:31,23486.25,0
2024-06-21 14:47:31,23486.8,0
2024-06-21 14:47:32,23487.6,0
2024-06-21 14:47:32,23487.3,0
2024-06-21 14:47:33,23487.3,0
2024-06-21 14:47:33,23486.55,0
2024-06-21 14:47:34,23486.45,0
2024-06-21 14:47:34,23487.55,0
2024-06-21 14:47:35,23487.05,0
2024-06-21 14:47:35,23487.75,0
2024-06-21 14:47:36,23487.8,0
2024-06-21 14:47:36,23486.85,0
2024-06-21 14:47:37,23486.7,0
2024-06-21 14:47:37,23487.1,0
2024-06-21 14:47:38,23487.0,0
2024-06-21 14:47:38,23486.2,0
2024-06-21 14:47:39,23485.9,0
2024-06-21 14:47:39,23486.35,0
2024-06-21 14:47:40,23486.5,0
2024-06-21 14:47:40,23485.9,0
2024-06-21 14:47:41,23485.65,0
2024-06-21 14:47:41,23486.1,0
2024-06-21 14:47:42,23486.15,0
2024-06-21 14:47:42,23486.5,0
2024-06-21 14:47:43,23486.9,0
2024-06-21 14:47:43,23486.85,0
2024-06-21 14:47:44,23486.1,0
2024-06-21 14:47:44,23486.25,0
2024-06-21 14:47:45,23486.3,0
2024-06-21 14:47:45,23486.15,0
2024-06-21 14:47:46,23484.35,0
2024-06-21 14:47:46,23483.6,0
2024-06-21 14:47:47,23483.4,0
2024-06-21 14:47:47,23483.0,0
2024-06-21 14:47:48,23482.85,0
2024-06-21 14:47:48,23482.45,0
2024-06-21 14:47:49,23482.4,0
2024-06-21 14:47:49,23484.1,0
2024-06-21 14:47:50,23483.45,0
2024-06-21 14:47:50,23484.0,0
2024-06-21 14:47:51,23483.6,0
2024-06-21 14:47:51,23482.15,0
2024-06-21 14:47:52,23482.3,0
2024-06-21 14:47:52,23482.15,0
2024-06-21 14:47:53,23483.75,0
2024-06-21 14:47:53,23482.6,0
2024-06-21 14:47:54,23482.9,0
2024-06-21 14:47:54,23483.5,0
2024-06-21 14:47:55,23485.1,0
2024-06-21 14:47:55,23484.25,0
2024-06-21 14:47:56,23483.5,0
2024-06-21 14:47:56,23484.2,0
2024-06-21 14:47:57,23484.25,0
2024-06-21 14:47:57,23485.5,0
2024-06-21 14:47:58,23486.1,0
2024-06-21 14:47:58,23486.05,0
2024-06-21 14:47:59,23487.8,0
2024-06-21 14:47:59,23487.45,0
2024-06-21 14:48:00,23487.95,0
2024-06-21 14:48:00,23487.65,0
2024-06-21 14:48:01,23487.4,0
2024-06-21 14:48:01,23486.9,0
2024-06-21 14:48:02,23487.15,0
2024-06-21 14:48:02,23486.95,0
2024-06-21 14:48:03,23487.05,0
2024-06-21 14:48:03,23485.55,0
2024-06-21 14:48:04,23483.5,0
2024-06-21 14:48:04,23482.9,0
2024-06-21 14:48:05,23481.85,0
2024-06-21 14:48:05,23483.0,0
2024-06-21 14:48:06,23482.15,0
2024-06-21 14:48:06,23481.55,0
2024-06-21 14:48:07,23482.1,0
2024-06-21 14:48:07,23483.35,0
2024-06-21 14:48:08,23483.0,0
2024-06-21 14:48:08,23484.35,0
2024-06-21 14:48:09,23484.0,0
2024-06-21 14:48:09,23483.9,0
2024-06-21 14:48:10,23483.5,0
2024-06-21 14:48:10,23482.1,0
2024-06-21 14:48:11,23484.85,0
2024-06-21 14:48:11,23485.35,0
2024-06-21 14:48:12,23486.2,0
2024-06-21 14:48:12,23486.25,0
2024-06-21 14:48:13,23489.2,0
2024-06-21 14:48:13,23488.1,0
2024-06-21 14:48:14,23488.5,0
2024-06-21 14:48:14,23488.2,0
2024-06-21 14:48:15,23489.25,0
2024-06-21 14:48:15,23489.2,0
2024-06-21 14:48:16,23489.8,0
2024-06-21 14:48:16,23489.2,0
2024-06-21 14:48:17,23488.8,0
2024-06-21 14:48:17,23489.4,0
2024-06-21 14:48:18,23488.85,0
2024-06-21 14:48:18,23488.65,0
2024-06-21 14:48:19,23487.4,0
2024-06-21 14:48:19,23487.3,0
2024-06-21 14:48:20,23487.0,0
2024-06-21 14:48:20,23487.05,0
2024-06-21 14:48:21,23485.55,0
2024-06-21 14:48:21,23485.4,0
2024-06-21 14:48:22,23484.55,0
2024-06-21 14:48:22,23485.1,0
2024-06-21 14:48:23,23486.6,0
2024-06-21 14:48:23,23487.0,0
2024-06-21 14:48:24,23485.75,0
2024-06-21 14:48:24,23486.0,0
2024-06-21 14:48:25,23488.65,0
2024-06-21 14:48:25,23487.75,0
2024-06-21 14:48:26,23489.9,0
2024-06-21 14:48:26,23488.65,0
2024-06-21 14:48:27,23489.0,0
2024-06-21 14:48:27,23488.95,0
2024-06-21 14:48:28,23489.75,0
2024-06-21 14:48:28,23489.45,0
2024-06-21 14:48:29,23489.75,0
2024-06-21 14:48:29,23488.2,0
2024-06-21 14:48:30,23487.0,0
2024-06-21 14:48:30,23486.6,0
2024-06-21 14:48:31,23483.95,0
2024-06-21 14:48:31,23484.85,0
2024-06-21 14:48:32,23484.2,0
2024-06-21 14:48:32,23484.0,0
2024-06-21 14:48:33,23486.2,0
2024-06-21 14:48:33,23486.95,0
2024-06-21 14:48:34,23487.7,0
2024-06-21 14:48:34,23488.25,0
2024-06-21 14:48:35,23487.35,0
2024-06-21 14:48:35,23487.35,0
2024-06-21 14:48:36,23487.5,0
2024-06-21 14:48:36,23486.8,0
2024-06-21 14:48:37,23485.6,0
2024-06-21 14:48:37,23485.25,0
2024-06-21 14:48:38,23484.5,0
2024-06-21 14:48:38,23485.1,0
2024-06-21 14:48:39,23483.95,0
2024-06-21 14:48:39,23484.4,0
2024-06-21 14:48:40,23484.05,0
2024-06-21 14:48:40,23484.8,0
2024-06-21 14:48:41,23484.15,0
2024-06-21 14:48:41,23485.2,0
2024-06-21 14:48:42,23485.8,0
2024-06-21 14:48:42,23485.45,0
2024-06-21 14:48:43,23487.5,0
2024-06-21 14:48:43,23485.85,0
2024-06-21 14:48:44,23486.7,0
2024-06-21 14:48:44,23486.6,0
2024-06-21 14:48:45,23486.7,0
2024-06-21 14:48:45,23486.0,0
2024-06-21 14:48:46,23484.85,0
2024-06-21 14:48:46,23484.9,0
2024-06-21 14:48:47,23484.2,0
2024-06-21 14:48:47,23485.75,0
2024-06-21 14:48:48,23485.3,0
2024-06-21 14:48:48,23482.4,0
2024-06-21 14:48:49,23483.1,0
2024-06-21 14:48:49,23481.1,0
2024-06-21 14:48:50,23482.2,0
2024-06-21 14:48:50,23484.5,0
2024-06-21 14:48:51,23483.55,0
2024-06-21 14:48:51,23484.45,0
2024-06-21 14:48:52,23484.1,0
2024-06-21 14:48:52,23486.8,0
2024-06-21 14:48:53,23486.65,0
2024-06-21 14:48:53,23485.35,0
2024-06-21 14:48:54,23486.65,0
2024-06-21 14:48:54,23486.05,0
2024-06-21 14:48:55,23485.7,0
2024-06-21 14:48:55,23485.7,0
2024-06-21 14:48:56,23484.95,0
2024-06-21 14:48:56,23485.65,0
2024-06-21 14:48:57,23484.35,0
2024-06-21 14:48:57,23484.5,0
2024-06-21 14:48:58,23484.2,0
2024-06-21 14:48:58,23483.3,0
2024-06-21 14:48:59,23482.4,0
2024-06-21 14:48:59,23482.55,0
2024-06-21 14:49:00,23481.85,0
2024-06-21 14:49:00,23481.7,0
2024-06-21 14:49:01,23481.3,0
2024-06-21 14:49:01,23482.0,0
2024-06-21 14:49:02,23481.4,0
2024-06-21 14:49:02,23482.0,0
2024-06-21 14:49:03,23484.2,0
2024-06-21 14:49:03,23483.2,0
2024-06-21 14:49:04,23485.75,0
2024-06-21 14:49:04,23484.7,0
2024-06-21 14:49:05,23485.3,0
2024-06-21 14:49:05,23486.1,0
2024-06-21 14:49:06,23484.5,0
2024-06-21 14:49:06,23484.55,0
2024-06-21 14:49:07,23484.9,0
2024-06-21 14:49:07,23486.3,0
2024-06-21 14:49:08,23485.7,0
2024-06-21 14:49:08,23483.6,0
2024-06-21 14:49:09,23484.7,0
2024-06-21 14:49:09,23483.65,0
2024-06-21 14:49:10,23485.0,0
2024-06-21 14:49:10,23483.45,0
2024-06-21 14:49:11,23483.1,0
2024-06-21 14:49:11,23484.2,0
2024-06-21 14:49:12,23484.1,0
2024-06-21 14:49:12,23484.85,0
2024-06-21 14:49:13,23485.85,0
2024-06-21 14:49:13,23483.95,0
2024-06-21 14:49:14,23484.9,0
2024-06-21 14:49:14,23484.85,0
2024-06-21 14:49:15,23484.4,0
2024-06-21 14:49:15,23483.7,0
2024-06-21 14:49:16,23484.15,0
2024-06-21 14:49:16,23480.7,0
2024-06-21 14:49:17,23479.6,0
2024-06-21 14:49:17,23479.45,0
2024-06-21 14:49:18,23480.15,0
2024-06-21 14:49:18,23479.2,0
2024-06-21 14:49:19,23477.95,0
2024-06-21 14:49:19,23478.5,0
2024-06-21 14:49:20,23480.25,0
2024-06-21 14:49:20,23482.8,0
2024-06-21 14:49:21,23480.7,0
2024-06-21 14:49:21,23479.65,0
2024-06-21 14:49:22,23480.7,0
2024-06-21 14:49:22,23480.4,0
2024-06-21 14:49:23,23481.6,0
2024-06-21 14:49:23,23480.85,0
2024-06-21 14:49:24,23483.85,0
2024-06-21 14:49:24,23482.55,0
2024-06-21 14:49:25,23482.65,0
2024-06-21 14:49:25,23481.75,0
2024-06-21 14:49:26,23482.2,0
2024-06-21 14:49:26,23482.4,0
2024-06-21 14:49:27,23481.35,0
2024-06-21 14:49:27,23481.25,0
2024-06-21 14:49:28,23480.85,0
2024-06-21 14:49:28,23480.5,0
2024-06-21 14:49:29,23479.65,0
2024-06-21 14:49:29,23479.5,0
2024-06-21 14:49:30,23478.75,0
2024-06-21 14:49:30,23478.65,0
2024-06-21 14:49:31,23478.25,0
2024-06-21 14:49:31,23478.25,0
2024-06-21 14:49:32,23477.5,0
2024-06-21 14:49:32,23477.5,0
2024-06-21 14:49:33,23478.2,0
2024-06-21 14:49:33,23478.0,0
2024-06-21 14:49:34,23477.55,0
2024-06-21 14:49:34,23477.8,0
2024-06-21 14:49:35,23477.2,0
2024-06-21 14:49:35,23478.25,0
2024-06-21 14:49:36,23476.6,0
2024-06-21 14:49:36,23475.15,0
2024-06-21 14:49:37,23476.45,0
2024-06-21 14:49:37,23476.1,0
2024-06-21 14:49:38,23475.8,0
2024-06-21 14:49:38,23475.35,0
2024-06-21 14:49:39,23475.75,0
2024-06-21 14:49:39,23475.6,0
2024-06-21 14:49:40,23475.2,0
2024-06-21 14:49:40,23475.55,0
2024-06-21 14:49:41,23475.2,0
2024-06-21 14:49:41,23475.5,0
2024-06-21 14:49:42,23474.95,0
2024-06-21 14:49:42,23475.1,0
2024-06-21 14:49:43,23475.2,0
2024-06-21 14:49:43,23475.05,0
2024-06-21 14:49:44,23474.65,0
2024-06-21 14:49:44,23474.3,0
2024-06-21 14:49:45,23474.05,0
2024-06-21 14:49:45,23474.3,0
2024-06-21 14:49:46,23474.05,0
2024-06-21 14:49:46,23473.9,0
2024-06-21 14:49:47,23473.7,0
2024-06-21 14:49:47,23474.6,0
2024-06-21 14:49:48,23474.15,0
2024-06-21 14:49:48,23474.15,0
2024-06-21 14:49:49,23473.7,0
2024-06-21 14:49:49,23473.75,0
2024-06-21 14:49:50,23473.4,0
2024-06-21 14:49:50,23474.25,0
2024-06-21 14:49:51,23474.55,0
2024-06-21 14:49:51,23473.4,0
2024-06-21 14:49:52,23473.2,0
2024-06-21 14:49:52,23473.4,0
2024-06-21 14:49:53,23474.4,0
2024-06-21 14:49:53,23473.95,0
2024-06-21 14:49:54,23473.95,0
2024-06-21 14:49:54,23473.55,0
2024-06-21 14:49:55,23473.65,0
2024-06-21 14:49:55,23473.6,0
2024-06-21 14:49:56,23473.5,0
2024-06-21 14:49:56,23473.3,0
2024-06-21 14:49:57,23473.05,0
2024-06-21 14:49:57,23473.35,0
2024-06-21 14:49:58,23472.85,0
2024-06-21 14:49:58,23473.1,0
2024-06-21 14:49:59,23471.15,0
2024-06-21 14:49:59,23472.15,0
2024-06-21 14:50:00,23473.35,0
2024-06-21 14:50:00,23473.45,0
2024-06-21 14:50:01,23473.8,0
2024-06-21 14:50:01,23473.95,0
2024-06-21 14:50:02,23474.75,0
2024-06-21 14:50:02,23474.75,0
2024-06-21 14:50:03,23476.0,0
2024-06-21 14:50:03,23474.1,0
2024-06-21 14:50:04,23475.55,0
2024-06-21 14:50:04,23474.7,0
2024-06-21 14:50:05,23476.0,0
2024-06-21 14:50:05,23476.6,0
2024-06-21 14:50:06,23474.55,0
2024-06-21 14:50:06,23474.3,0
2024-06-21 14:50:07,23475.15,0
2024-06-21 14:50:07,23474.7,0
2024-06-21 14:50:08,23474.45,0
2024-06-21 14:50:08,23474.4,0
2024-06-21 14:50:09,23473.55,0
2024-06-21 14:50:09,23473.45,0
2024-06-21 14:50:10,23474.0,0
2024-06-21 14:50:10,23475.05,0
2024-06-21 14:50:11,23475.2,0
2024-06-21 14:50:11,23474.9,0
2024-06-21 14:50:12,23474.5,0
2024-06-21 14:50:12,23475.1,0
2024-06-21 14:50:13,23475.7,0
2024-06-21 14:50:13,23475.7,0
2024-06-21 14:50:14,23475.8,0
2024-06-21 14:50:14,23476.2,0
2024-06-21 14:50:15,23476.05,0
2024-06-21 14:50:15,23475.8,0
2024-06-21 14:50:16,23474.9,0
2024-06-21 14:50:16,23475.2,0
2024-06-21 14:50:17,23475.0,0
2024-06-21 14:50:17,23476.05,0
2024-06-21 14:50:18,23475.15,0
2024-06-21 14:50:18,23475.05,0
2024-06-21 14:50:19,23474.3,0
2024-06-21 14:50:19,23475.0,0
2024-06-21 14:50:20,23475.65,0
2024-06-21 14:50:20,23475.6,0
2024-06-21 14:50:21,23475.6,0
2024-06-21 14:50:21,23475.15,0
2024-06-21 14:50:22,23475.0,0
2024-06-21 14:50:22,23473.7,0
2024-06-21 14:50:23,23474.65,0
2024-06-21 14:50:23,23473.3,0
2024-06-21 14:50:24,23473.25,0
2024-06-21 14:50:24,23473.7,0
2024-06-21 14:50:25,23472.3,0
2024-06-21 14:50:25,23467.7,0
2024-06-21 14:50:26,23467.3,0
2024-06-21 14:50:26,23467.95,0
2024-06-21 14:50:27,23467.2,0
2024-06-21 14:50:27,23467.8,0
2024-06-21 14:50:28,23467.3,0
2024-06-21 14:50:28,23467.95,0
2024-06-21 14:50:29,23466.95,0
2024-06-21 14:50:29,23467.55,0
2024-06-21 14:50:30,23467.9,0
2024-06-21 14:50:30,23467.45,0
2024-06-21 14:50:31,23466.8,0
2024-06-21 14:50:31,23466.75,0
2024-06-21 14:50:32,23467.5,0
2024-06-21 14:50:32,23467.3,0
2024-06-21 14:50:33,23467.8,0
2024-06-21 14:50:33,23465.9,0
2024-06-21 14:50:34,23464.75,0
2024-06-21 14:50:34,23465.25,0
2024-06-21 14:50:35,23465.6,0
2024-06-21 14:50:35,23465.85,0
2024-06-21 14:50:36,23465.4,0
2024-06-21 14:50:36,23465.2,0
2024-06-21 14:50:37,23464.85,0
2024-06-21 14:50:37,23465.25,0
2024-06-21 14:50:38,23464.9,0
2024-06-21 14:50:38,23465.65,0
2024-06-21 14:50:39,23464.6,0
2024-06-21 14:50:39,23466.25,0
2024-06-21 14:50:40,23466.05,0
2024-06-21 14:50:40,23466.1,0
2024-06-21 14:50:41,23466.15,0
2024-06-21 14:50:41,23467.0,0
2024-06-21 14:50:42,23467.1,0
2024-06-21 14:50:42,23466.95,0
2024-06-21 14:50:43,23467.8,0
2024-06-21 14:50:43,23466.25,0
2024-06-21 14:50:44,23466.25,0
2024-06-21 14:50:44,23465.95,0
2024-06-21 14:50:45,23465.3,0
2024-06-21 14:50:45,23465.05,0
2024-06-21 14:50:46,23464.65,0
2024-06-21 14:50:46,23463.55,0
2024-06-21 14:50:47,23462.9,0
2024-06-21 14:50:47,23464.4,0
2024-06-21 14:50:48,23464.3,0
2024-06-21 14:50:48,23464.1,0
2024-06-21 14:50:49,23463.45,0
2024-06-21 14:50:49,23464.05,0
2024-06-21 14:50:50,23464.1,0
2024-06-21 14:50:50,23464.3,0
2024-06-21 14:50:51,23464.9,0
2024-06-21 14:50:51,23464.4,0
2024-06-21 14:50:52,23465.15,0
2024-06-21 14:50:52,23464.8,0
2024-06-21 14:50:53,23466.85,0
2024-06-21 14:50:53,23466.4,0
2024-06-21 14:50:54,23467.35,0
2024-06-21 14:50:54,23466.95,0
2024-06-21 14:50:55,23467.25,0
2024-06-21 14:50:55,23468.15,0
2024-06-21 14:50:56,23467.3,0
2024-06-21 14:50:56,23468.3,0
2024-06-21 14:50:57,23468.3,0
2024-06-21 14:50:57,23468.15,0
2024-06-21 14:50:58,23467.75,0
2024-06-21 14:50:58,23466.7,0
2024-06-21 14:50:59,23466.0,0
2024-06-21 14:50:59,23466.85,0
2024-06-21 14:51:00,23465.6,0
2024-06-21 14:51:00,23465.4,0
2024-06-21 14:51:01,23466.05,0
2024-06-21 14:51:01,23466.4,0
2024-06-21 14:51:02,23465.0,0
2024-06-21 14:51:02,23465.25,0
2024-06-21 14:51:03,23465.85,0
2024-06-21 14:51:03,23465.9,0
2024-06-21 14:51:04,23465.7,0
2024-06-21 14:51:04,23465.75,0
2024-06-21 14:51:05,23466.1,0
2024-06-21 14:51:05,23465.95,0
2024-06-21 14:51:06,23465.55,0
2024-06-21 14:51:06,23465.65,0
2024-06-21 14:51:07,23465.55,0
2024-06-21 14:51:07,23465.8,0
2024-06-21 14:51:08,23465.85,0
2024-06-21 14:51:08,23469.0,0
2024-06-21 14:51:09,23469.35,0
2024-06-21 14:51:09,23469.15,0
2024-06-21 14:51:10,23469.3,0
2024-06-21 14:51:10,23469.1,0
2024-06-21 14:51:11,23469.9,0
2024-06-21 14:51:11,23469.45,0
2024-06-21 14:51:12,23470.4,0
2024-06-21 14:51:12,23470.05,0
2024-06-21 14:51:13,23470.1,0
2024-06-21 14:51:13,23469.8,0
2024-06-21 14:51:14,23470.65,0
2024-06-21 14:51:14,23471.6,0
2024-06-21 14:51:15,23471.1,0
2024-06-21 14:51:15,23470.4,0
2024-06-21 14:51:16,23470.3,0
2024-06-21 14:51:16,23471.2,0
2024-06-21 14:51:17,23470.2,0
2024-06-21 14:51:17,23469.25,0
2024-06-21 14:51:18,23469.6,0
2024-06-21 14:51:18,23469.7,0
2024-06-21 14:51:19,23469.5,0
2024-06-21 14:51:19,23470.55,0
2024-06-21 14:51:20,23470.0,0
2024-06-21 14:51:20,23469.9,0
2024-06-21 14:51:21,23469.35,0
2024-06-21 14:51:21,23468.15,0
2024-06-21 14:51:22,23468.8,0
2024-06-21 14:51:22,23469.05,0
2024-06-21 14:51:23,23470.2,0
2024-06-21 14:51:23,23469.5,0
2024-06-21 14:51:24,23469.25,0
2024-06-21 14:51:24,23468.65,0
2024-06-21 14:51:25,23470.3,0
2024-06-21 14:51:25,23469.8,0
2024-06-21 14:51:26,23468.85,0
2024-06-21 14:51:26,23469.3,0
2024-06-21 14:51:27,23473.65,0
2024-06-21 14:51:27,23473.85,0
2024-06-21 14:51:28,23475.4,0
2024-06-21 14:51:28,23474.95,0
2024-06-21 14:51:29,23475.5,0
2024-06-21 14:51:29,23475.6,0
2024-06-21 14:51:30,23478.9,0
2024-06-21 14:51:30,23480.35,0
2024-06-21 14:51:31,23480.4,0
2024-06-21 14:51:31,23481.25,0
2024-06-21 14:51:32,23480.9,0
2024-06-21 14:51:32,23483.35,0
2024-06-21 14:51:33,23485.25,0
2024-06-21 14:51:33,23486.5,0
2024-06-21 14:51:34,23485.75,0
2024-06-21 14:51:34,23487.5,0
2024-06-21 14:51:35,23486.05,0
2024-06-21 14:51:35,23491.2,0
2024-06-21 14:51:36,23488.3,0
2024-06-21 14:51:36,23492.1,0
2024-06-21 14:51:37,23489.95,0
2024-06-21 14:51:37,23489.4,0
2024-06-21 14:51:38,23487.8,0
2024-06-21 14:51:38,23488.7,0
2024-06-21 14:51:39,23487.55,0
2024-06-21 14:51:39,23488.7,0
2024-06-21 14:51:40,23487.8,0
2024-06-21 14:51:40,23489.85,0
2024-06-21 14:51:41,23491.65,0
2024-06-21 14:51:41,23493.7,0
2024-06-21 14:51:42,23493.3,0
2024-06-21 14:51:42,23495.55,0
2024-06-21 14:51:43,23496.8,0
2024-06-21 14:51:43,23495.6,0
2024-06-21 14:51:44,23494.7,0
2024-06-21 14:51:44,23493.9,0
2024-06-21 14:51:45,23492.35,0
2024-06-21 14:51:45,23492.1,0
2024-06-21 14:51:46,23492.2,0
2024-06-21 14:51:46,23491.5,0
2024-06-21 14:51:47,23491.65,0
2024-06-21 14:51:47,23492.7,0
2024-06-21 14:51:48,23492.25,0
2024-06-21 14:51:48,23497.3,0
2024-06-21 14:51:49,23493.6,0
2024-06-21 14:51:49,23495.25,0
2024-06-21 14:51:50,23494.7,0
2024-06-21 14:51:50,23494.95,0
2024-06-21 14:51:51,23494.25,0
2024-06-21 14:51:51,23492.0,0
2024-06-21 14:51:52,23492.8,0
2024-06-21 14:51:52,23493.1,0
2024-06-21 14:51:53,23493.9,0
2024-06-21 14:51:53,23493.3,0
2024-06-21 14:51:54,23490.65,0
2024-06-21 14:51:54,23491.75,0
2024-06-21 14:51:55,23491.0,0
2024-06-21 14:51:55,23492.0,0
2024-06-21 14:51:56,23490.75,0
2024-06-21 14:51:56,23493.0,0
2024-06-21 14:51:57,23493.2,0
2024-06-21 14:51:57,23495.0,0
2024-06-21 14:51:58,23493.1,0
2024-06-21 14:51:58,23497.85,0
2024-06-21 14:51:59,23495.3,0
2024-06-21 14:51:59,23496.95,0
2024-06-21 14:52:00,23496.9,0
2024-06-21 14:52:00,23498.4,0
2024-06-21 14:52:01,23497.3,0
2024-06-21 14:52:01,23497.7,0
2024-06-21 14:52:02,23500.25,0
2024-06-21 14:52:02,23500.9,0
2024-06-21 14:52:03,23500.7,0
2024-06-21 14:52:03,23501.25,0
2024-06-21 14:52:04,23501.15,0
2024-06-21 14:52:04,23501.25,0
2024-06-21 14:52:05,23504.95,0
2024-06-21 14:52:05,23504.8,0
2024-06-21 14:52:06,23506.25,0
2024-06-21 14:52:06,23505.9,0
2024-06-21 14:52:07,23508.65,0
2024-06-21 14:52:07,23510.05,0
2024-06-21 14:52:08,23510.85,0
2024-06-21 14:52:08,23511.85,0
2024-06-21 14:52:09,23509.55,0
2024-06-21 14:52:09,23508.95,0
2024-06-21 14:52:10,23509.8,0
2024-06-21 14:52:10,23507.6,0
2024-06-21 14:52:11,23506.65,0
2024-06-21 14:52:11,23507.0,0
2024-06-21 14:52:12,23507.3,0
2024-06-21 14:52:12,23508.2,0
2024-06-21 14:52:13,23509.4,0
2024-06-21 14:52:13,23508.55,0
2024-06-21 14:52:14,23506.45,0
2024-06-21 14:52:14,23508.85,0
2024-06-21 14:52:15,23510.8,0
2024-06-21 14:52:15,23508.6,0
2024-06-21 14:52:16,23510.1,0
2024-06-21 14:52:16,23509.55,0
2024-06-21 14:52:17,23509.35,0
2024-06-21 14:52:17,23508.7,0
2024-06-21 14:52:18,23506.9,0
2024-06-21 14:52:18,23507.5,0
2024-06-21 14:52:19,23509.05,0
2024-06-21 14:52:19,23507.9,0
2024-06-21 14:52:20,23507.4,0
2024-06-21 14:52:20,23508.05,0
2024-06-21 14:52:21,23508.35,0
2024-06-21 14:52:21,23507.85,0
2024-06-21 14:52:22,23507.6,0
2024-06-21 14:52:22,23508.5,0
2024-06-21 14:52:23,23509.05,0
2024-06-21 14:52:23,23508.2,0
2024-06-21 14:52:24,23506.9,0
2024-06-21 14:52:24,23507.15,0
2024-06-21 14:52:25,23508.95,0
2024-06-21 14:52:25,23507.15,0
2024-06-21 14:52:26,23507.05,0
2024-06-21 14:52:26,23507.9,0
2024-06-21 14:52:27,23506.45,0
2024-06-21 14:52:27,23508.85,0
2024-06-21 14:52:28,23508.9,0
2024-06-21 14:52:28,23509.75,0
2024-06-21 14:52:29,23510.0,0
2024-06-21 14:52:29,23510.5,0
2024-06-21 14:52:30,23509.55,0
2024-06-21 14:52:30,23510.65,0
2024-06-21 14:52:31,23511.0,0
2024-06-21 14:52:31,23511.1,0
2024-06-21 14:52:32,23511.45,0
2024-06-21 14:52:32,23510.75,0
2024-06-21 14:52:33,23514.55,0
2024-06-21 14:52:33,23512.95,0
2024-06-21 14:52:34,23512.6,0
2024-06-21 14:52:34,23512.9,0
2024-06-21 14:52:35,23512.3,0
2024-06-21 14:52:35,23513.25,0
2024-06-21 14:52:36,23511.1,0
2024-06-21 14:52:36,23509.65,0
2024-06-21 14:52:37,23510.4,0
2024-06-21 14:52:37,23512.6,0
2024-06-21 14:52:38,23510.55,0
2024-06-21 14:52:38,23508.4,0
2024-06-21 14:52:39,23507.95,0
2024-06-21 14:52:39,23511.8,0
2024-06-21 14:52:40,23512.55,0
2024-06-21 14:52:40,23511.75,0
2024-06-21 14:52:41,23511.2,0
2024-06-21 14:52:41,23515.0,0
2024-06-21 14:52:42,23517.25,0
2024-06-21 14:52:42,23517.05,0
2024-06-21 14:52:43,23518.1,0
2024-06-21 14:52:43,23519.35,0
2024-06-21 14:52:44,23516.65,0
2024-06-21 14:52:44,23517.55,0
2024-06-21 14:52:45,23517.4,0
2024-06-21 14:52:45,23517.4,0
2024-06-21 14:52:46,23516.95,0
2024-06-21 14:52:46,23515.55,0
2024-06-21 14:52:47,23518.15,0
2024-06-21 14:52:47,23518.05,0
2024-06-21 14:52:48,23518.95,0
2024-06-21 14:52:48,23520.55,0
2024-06-21 14:52:49,23518.65,0
2024-06-21 14:52:49,23518.1,0
2024-06-21 14:52:50,23516.05,0
2024-06-21 14:52:50,23516.65,0
2024-06-21 14:52:51,23514.55,0
2024-06-21 14:52:51,23513.05,0
2024-06-21 14:52:52,23513.4,0
2024-06-21 14:52:52,23515.15,0
2024-06-21 14:52:53,23515.9,0
2024-06-21 14:52:53,23516.05,0
2024-06-21 14:52:54,23516.2,0
2024-06-21 14:52:54,23518.45,0
2024-06-21 14:52:55,23518.1,0
2024-06-21 14:52:55,23515.9,0
2024-06-21 14:52:56,23518.1,0
2024-06-21 14:52:56,23518.85,0
2024-06-21 14:52:57,23516.3,0
2024-06-21 14:52:57,23516.65,0
2024-06-21 14:52:58,23514.45,0
2024-06-21 14:52:58,23517.25,0
2024-06-21 14:52:59,23516.65,0
2024-06-21 14:52:59,23520.0,0
2024-06-21 14:53:00,23519.55,0
2024-06-21 14:53:00,23518.15,0
2024-06-21 14:53:01,23517.3,0
2024-06-21 14:53:01,23518.95,0
2024-06-21 14:53:02,23519.05,0
2024-06-21 14:53:02,23519.1,0
2024-06-21 14:53:03,23521.2,0
2024-06-21 14:53:03,23519.7,0
2024-06-21 14:53:04,23517.2,0
2024-06-21 14:53:04,23519.05,0
2024-06-21 14:53:05,23518.0,0
2024-06-21 14:53:05,23517.1,0
2024-06-21 14:53:06,23515.6,0
2024-06-21 14:53:06,23515.85,0
2024-06-21 14:53:07,23515.6,0
2024-06-21 14:53:07,23517.25,0
2024-06-21 14:53:08,23518.35,0
2024-06-21 14:53:08,23516.95,0
2024-06-21 14:53:09,23516.75,0
2024-06-21 14:53:09,23517.55,0
2024-06-21 14:53:10,23517.45,0
2024-06-21 14:53:10,23517.35,0
2024-06-21 14:53:11,23516.55,0
2024-06-21 14:53:11,23516.8,0
2024-06-21 14:53:12,23514.25,0
2024-06-21 14:53:12,23513.0,0
2024-06-21 14:53:13,23514.95,0
2024-06-21 14:53:13,23513.45,0
2024-06-21 14:53:14,23513.35,0
2024-06-21 14:53:14,23514.2,0
2024-06-21 14:53:15,23515.3,0
2024-06-21 14:53:15,23514.9,0
2024-06-21 14:53:16,23514.15,0
2024-06-21 14:53:16,23514.1,0
2024-06-21 14:53:17,23514.7,0
2024-06-21 14:53:17,23515.7,0
2024-06-21 14:53:18,23514.2,0
2024-06-21 14:53:18,23513.15,0
2024-06-21 14:53:19,23513.5,0
2024-06-21 14:53:19,23514.2,0
2024-06-21 14:53:20,23513.25,0
2024-06-21 14:53:20,23510.75,0
2024-06-21 14:53:21,23511.2,0
2024-06-21 14:53:21,23510.05,0
2024-06-21 14:53:22,23510.1,0
2024-06-21 14:53:22,23511.9,0
2024-06-21 14:53:23,23512.8,0
2024-06-21 14:53:23,23511.8,0
2024-06-21 14:53:24,23513.45,0
2024-06-21 14:53:24,23512.5,0
2024-06-21 14:53:25,23513.45,0
2024-06-21 14:53:25,23512.7,0
2024-06-21 14:53:26,23512.5,0
2024-06-21 14:53:26,23514.3,0
2024-06-21 14:53:27,23515.15,0
2024-06-21 14:53:27,23515.4,0
2024-06-21 14:53:28,23515.2,0
2024-06-21 14:53:28,23516.15,0
2024-06-21 14:53:29,23515.6,0
2024-06-21 14:53:29,23515.75,0
2024-06-21 14:53:30,23515.85,0
2024-06-21 14:53:30,23515.65,0
2024-06-21 14:53:31,23516.85,0
2024-06-21 14:53:31,23515.1,0
2024-06-21 14:53:32,23515.15,0
2024-06-21 14:53:32,23515.4,0
2024-06-21 14:53:33,23519.2,0
2024-06-21 14:53:33,23517.15,0
2024-06-21 14:53:34,23518.3,0
2024-06-21 14:53:34,23516.8,0
2024-06-21 14:53:35,23518.05,0
2024-06-21 14:53:35,23517.6,0
2024-06-21 14:53:36,23516.25,0
2024-06-21 14:53:36,23514.25,0
2024-06-21 14:53:37,23515.15,0
2024-06-21 14:53:37,23515.1,0
2024-06-21 14:53:38,23514.95,0
2024-06-21 14:53:38,23513.7,0
2024-06-21 14:53:39,23512.8,0
2024-06-21 14:53:39,23513.2,0
2024-06-21 14:53:40,23513.65,0
2024-06-21 14:53:40,23513.8,0
2024-06-21 14:53:41,23513.5,0
2024-06-21 14:53:41,23514.1,0
2024-06-21 14:53:42,23518.1,0
2024-06-21 14:53:42,23516.85,0
2024-06-21 14:53:43,23517.8,0
2024-06-21 14:53:43,23518.8,0
2024-06-21 14:53:44,23518.05,0
2024-06-21 14:53:44,23517.45,0
2024-06-21 14:53:45,23518.6,0
2024-06-21 14:53:45,23519.45,0
2024-06-21 14:53:46,23518.8,0
2024-06-21 14:53:46,23518.2,0
2024-06-21 14:53:47,23517.85,0
2024-06-21 14:53:47,23519.4,0
2024-06-21 14:53:48,23518.65,0
2024-06-21 14:53:48,23518.2,0
2024-06-21 14:53:49,23519.05,0
2024-06-21 14:53:49,23518.05,0
2024-06-21 14:53:50,23518.65,0
2024-06-21 14:53:50,23519.95,0
2024-06-21 14:53:51,23518.3,0
2024-06-21 14:53:51,23517.8,0
2024-06-21 14:53:52,23518.5,0
2024-06-21 14:53:52,23517.1,0
2024-06-21 14:53:53,23518.1,0
2024-06-21 14:53:53,23517.15,0
2024-06-21 14:53:54,23516.45,0
2024-06-21 14:53:54,23516.15,0
2024-06-21 14:53:55,23516.85,0
2024-06-21 14:53:55,23515.7,0
2024-06-21 14:53:56,23515.8,0
2024-06-21 14:53:56,23515.35,0
2024-06-21 14:53:57,23518.7,0
2024-06-21 14:53:57,23517.2,0
2024-06-21 14:53:58,23517.55,0
2024-06-21 14:53:58,23516.55,0
2024-06-21 14:53:59,23517.25,0
2024-06-21 14:53:59,23517.45,0
2024-06-21 14:54:00,23517.35,0
2024-06-21 14:54:00,23516.65,0
2024-06-21 14:54:01,23516.65,0
2024-06-21 14:54:01,23515.55,0
2024-06-21 14:54:02,23515.65,0
2024-06-21 14:54:02,23515.35,0
2024-06-21 14:54:03,23515.0,0
2024-06-21 14:54:03,23514.3,0
2024-06-21 14:54:04,23514.6,0
2024-06-21 14:54:04,23515.1,0
2024-06-21 14:54:05,23515.05,0
2024-06-21 14:54:05,23515.05,0
2024-06-21 14:54:06,23514.85,0
2024-06-21 14:54:06,23512.45,0
2024-06-21 14:54:07,23513.7,0
2024-06-21 14:54:07,23513.95,0
2024-06-21 14:54:08,23513.9,0
2024-06-21 14:54:08,23514.05,0
2024-06-21 14:54:09,23513.3,0
2024-06-21 14:54:09,23512.25,0
2024-06-21 14:54:10,23510.05,0
2024-06-21 14:54:10,23510.1,0
2024-06-21 14:54:11,23509.5,0
2024-06-21 14:54:11,23510.8,0
2024-06-21 14:54:12,23511.2,0
2024-06-21 14:54:12,23510.2,0
2024-06-21 14:54:13,23512.25,0
2024-06-21 14:54:13,23511.85,0
2024-06-21 14:54:14,23512.3,0
2024-06-21 14:54:14,23511.05,0
2024-06-21 14:54:15,23511.85,0
2024-06-21 14:54:15,23513.15,0
2024-06-21 14:54:16,23514.35,0
2024-06-21 14:54:16,23513.8,0
2024-06-21 14:54:17,23514.55,0
2024-06-21 14:54:17,23515.2,0
2024-06-21 14:54:18,23513.7,0
2024-06-21 14:54:18,23516.4,0
2024-06-21 14:54:19,23515.55,0
2024-06-21 14:54:19,23516.4,0
2024-06-21 14:54:20,23515.35,0
2024-06-21 14:54:20,23515.55,0
2024-06-21 14:54:21,23515.0,0
2024-06-21 14:54:21,23513.95,0
2024-06-21 14:54:22,23514.1,0
2024-06-21 14:54:22,23515.6,0
2024-06-21 14:54:23,23515.25,0
2024-06-21 14:54:23,23514.8,0
2024-06-21 14:54:24,23514.8,0
2024-06-21 14:54:24,23514.8,0
2024-06-21 14:54:25,23515.55,0
2024-06-21 14:54:25,23513.5,0
2024-06-21 14:54:26,23513.85,0
2024-06-21 14:54:26,23513.4,0
2024-06-21 14:54:27,23514.15,0
2024-06-21 14:54:27,23514.3,0
2024-06-21 14:54:28,23513.5,0
2024-06-21 14:54:28,23513.5,0
2024-06-21 14:54:29,23513.0,0
2024-06-21 14:54:29,23512.95,0
2024-06-21 14:54:30,23513.7,0
2024-06-21 14:54:30,23514.1,0
2024-06-21 14:54:31,23513.6,0
2024-06-21 14:54:31,23513.2,0
2024-06-21 14:54:32,23512.75,0
2024-06-21 14:54:32,23512.65,0
2024-06-21 14:54:33,23513.1,0
2024-06-21 14:54:33,23513.0,0
2024-06-21 14:54:34,23512.5,0
2024-06-21 14:54:34,23512.55,0
2024-06-21 14:54:35,23513.95,0
2024-06-21 14:54:35,23513.7,0
2024-06-21 14:54:36,23513.55,0
2024-06-21 14:54:36,23512.7,0
2024-06-21 14:54:37,23512.8,0
2024-06-21 14:54:37,23514.3,0
2024-06-21 14:54:38,23514.45,0
2024-06-21 14:54:38,23514.15,0
2024-06-21 14:54:39,23514.05,0
2024-06-21 14:54:39,23513.55,0
2024-06-21 14:54:40,23513.8,0
2024-06-21 14:54:40,23512.55,0
2024-06-21 14:54:41,23512.45,0
2024-06-21 14:54:41,23511.55,0
2024-06-21 14:54:42,23511.3,0
2024-06-21 14:54:42,23513.65,0
2024-06-21 14:54:43,23513.4,0
2024-06-21 14:54:43,23512.45,0
2024-06-21 14:54:44,23512.8,0
2024-06-21 14:54:44,23513.55,0
2024-06-21 14:54:45,23513.85,0
2024-06-21 14:54:45,23514.1,0
2024-06-21 14:54:46,23514.3,0
2024-06-21 14:54:46,23513.45,0
2024-06-21 14:54:47,23514.2,0
2024-06-21 14:54:47,23516.0,0
2024-06-21 14:54:48,23516.1,0
2024-06-21 14:54:48,23516.2,0
2024-06-21 14:54:49,23516.5,0
2024-06-21 14:54:49,23516.85,0
2024-06-21 14:54:50,23516.25,0
