time,ltp,volume
2024-06-21 14:27:31.062,47.05,25
2024-06-21 14:27:31.812,47.1,50
2024-06-21 14:27:31.999,46.65,50
2024-06-21 14:27:32.249,46.65,100
2024-06-21 14:27:33.154,46.1,25
2024-06-21 14:27:33.276,46.2,50
2024-06-21 14:27:34.145,46.15,475
2024-06-21 14:27:34.313,46.0,225
2024-06-21 14:27:34.692,45.8,100
2024-06-21 14:27:35.365,45.65,250
2024-06-21 14:27:36.157,45.1,100
2024-06-21 14:27:37.062,45.65,25
2024-06-21 14:27:37.261,45.65,50
2024-06-21 14:27:38.048,45.8,50
2024-06-21 14:27:38.558,45.5,100
2024-06-21 14:27:39.146,45.15,25
2024-06-21 14:27:39.764,45.25,1000
2024-06-21 14:27:40.359,45.05,25
2024-06-21 14:27:40.974,44.95,50
2024-06-21 14:27:41.060,44.8,250
2024-06-21 14:27:42.116,45.2,25
2024-06-21 14:27:42.833,45.05,25
2024-06-21 14:27:42.833,45.05,25
2024-06-21 14:27:44.155,45.15,25
2024-06-21 14:27:45.320,45.3,25
2024-06-21 14:27:46.139,45.7,50
2024-06-21 14:27:46.504,45.75,25
2024-06-21 14:27:47.158,45.55,50
2024-06-21 14:27:47.453,45.7,25
2024-06-21 14:27:47.825,45.6,50
2024-06-21 14:27:48.931,45.6,175
2024-06-21 14:27:49.091,45.45,50
2024-06-21 14:27:49.993,45.6,25
2024-06-21 14:27:50.136,45.5,25
2024-06-21 14:27:50.783,45.8,25
2024-06-21 14:27:51.031,45.8,25
2024-06-21 14:27:51.915,45.7,125
2024-06-21 14:27:52.148,45.95,25
2024-06-21 14:27:52.769,45.9,500
2024-06-21 14:27:52.769,45.9,500
2024-06-21 14:27:54.182,46.05,25
2024-06-21 14:27:55.169,46.15,25
2024-06-21 14:27:55.362,46.05,75
2024-06-21 14:27:56.194,45.95,275
2024-06-21 14:27:57.095,46.0,25
2024-06-21 14:27:57.261,46.1,50
2024-06-21 14:27:57.663,46.0,25
2024-06-21 14:27:58.064,45.9,25
2024-06-21 14:27:59.157,46.05,25
2024-06-21 14:27:59.201,46.05,50
2024-06-21 14:27:59.918,45.7,25
2024-06-21 14:28:00.353,45.85,25
2024-06-21 14:28:01.114,45.6,25
2024-06-21 14:28:01.481,45.55,25
2024-06-21 14:28:01.791,45.45,25
2024-06-21 14:28:02.123,45.45,25
2024-06-21 14:28:02.265,45.45,25
2024-06-21 14:28:03.041,45.3,50
2024-06-21 14:28:04.213,45.6,200
2024-06-21 14:28:04.378,45.75,25
2024-06-21 14:28:05.125,45.7,25
2024-06-21 14:28:05.210,45.7,25
2024-06-21 14:28:06.165,45.95,25
2024-06-21 14:28:06.418,45.75,50
2024-06-21 14:28:07.100,45.85,400
2024-06-21 14:28:07.255,45.85,75
2024-06-21 14:28:08.028,45.9,25
2024-06-21 14:28:09.052,45.55,100
2024-06-21 14:28:09.415,45.55,50
2024-06-21 14:28:10.445,45.0,1750
2024-06-21 14:28:11.135,45.3,25
2024-06-21 14:28:11.448,45.35,25
2024-06-21 14:28:12.015,45.3,25
2024-06-21 14:28:12.507,45.1,25
2024-06-21 14:28:13.034,45.2,25
2024-06-21 14:28:13.975,45.6,50
2024-06-21 14:28:13.975,45.6,50
2024-06-21 14:28:15.256,45.9,100
2024-06-21 14:28:16.132,45.95,25
2024-06-21 14:28:16.465,46.0,50
2024-06-21 14:28:17.140,46.0,25
2024-06-21 14:28:17.265,46.0,25
2024-06-21 14:28:17.787,45.8,25
2024-06-21 14:28:18.257,45.8,25
2024-06-21 14:28:19.160,45.85,200
2024-06-21 14:28:19.502,45.55,25
2024-06-21 14:28:20.122,45.55,50
2024-06-21 14:28:20.650,45.35,25
2024-06-21 14:28:21.182,45.4,50
2024-06-21 14:28:21.798,45.45,25
2024-06-21 14:28:22.070,45.4,50
2024-06-21 14:28:22.777,45.45,500
2024-06-21 14:28:23.072,45.45,25
2024-06-21 14:28:24.170,45.7,25
2024-06-21 14:28:25.416,46.35,100
2024-06-21 14:28:26.172,46.15,25
2024-06-21 14:28:26.477,46.3,100
2024-06-21 14:28:26.594,46.2,25
2024-06-21 14:28:27.168,46.0,50
2024-06-21 14:28:27.963,46.35,200
2024-06-21 14:28:29.125,46.1,125
2024-06-21 14:28:29.191,45.95,25
2024-06-21 14:28:30.038,45.6,100
2024-06-21 14:28:30.466,45.35,25
2024-06-21 14:28:31.297,44.75,100
2024-06-21 14:28:31.841,45.4,100
2024-06-21 14:28:32.020,45.4,200
2024-06-21 14:28:32.986,45.1,25
2024-06-21 14:28:32.986,45.1,25
2024-06-21 14:28:34.261,45.3,25
2024-06-21 14:28:35.193,44.9,25
2024-06-21 14:28:35.278,44.9,50
2024-06-21 14:28:36.156,44.95,50
2024-06-21 14:28:36.241,44.9,25
2024-06-21 14:28:37.181,44.85,25
2024-06-21 14:28:37.181,44.85,25
2024-06-21 14:28:37.181,44.85,25
2024-06-21 14:28:38.497,45.0,25
2024-06-21 14:28:38.516,44.95,25
2024-06-21 14:28:39.184,44.9,25
2024-06-21 14:28:40.194,44.9,100
2024-06-21 14:28:41.155,45.3,25
2024-06-21 14:28:41.307,45.4,1425
2024-06-21 14:28:42.172,45.4,25
2024-06-21 14:28:42.225,45.25,50
2024-06-21 14:28:43.200,44.6,25
2024-06-21 14:28:43.496,44.75,25
2024-06-21 14:28:44.128,44.6,25
2024-06-21 14:28:44.450,44.85,25
2024-06-21 14:28:45.101,44.8,175
2024-06-21 14:28:45.640,45.0,50
2024-06-21 14:28:46.190,45.1,25
2024-06-21 14:28:46.837,45.05,50
2024-06-21 14:28:47.184,45.1,25
2024-06-21 14:28:47.849,44.95,25
2024-06-21 14:28:47.849,44.95,25
2024-06-21 14:28:49.062,44.65,25
2024-06-21 14:28:49.180,44.55,50
2024-06-21 14:28:50.162,44.4,400
2024-06-21 14:28:50.254,44.45,75
2024-06-21 14:28:51.404,44.05,25
2024-06-21 14:28:51.923,44.2,25
2024-06-21 14:28:52.195,44.5,50
2024-06-21 14:28:53.175,44.55,25
2024-06-21 14:28:53.175,44.55,25
2024-06-21 14:28:54.133,44.5,150
2024-06-21 14:28:54.293,44.55,25
2024-06-21 14:28:55.187,44.7,25
2024-06-21 14:28:55.297,44.5,25
2024-06-21 14:28:56.150,45.0,25
2024-06-21 14:28:56.309,44.8,200
2024-06-21 14:28:57.028,44.95,175
2024-06-21 14:28:57.333,45.0,75
2024-06-21 14:28:58.166,45.1,25
2024-06-21 14:28:58.316,45.0,25
2024-06-21 14:28:58.553,44.95,25
2024-06-21 14:28:59.412,44.3,25
2024-06-21 14:28:59.896,44.3,125
2024-06-21 14:28:59.949,44.15,100
2024-06-21 14:29:01.168,44.5,25
2024-06-21 14:29:01.763,44.15,150
2024-06-21 14:29:02.182,44.4,25
2024-06-21 14:29:02.182,44.4,25
2024-06-21 14:29:03.286,44.5,25
2024-06-21 14:29:03.286,44.5,25
2024-06-21 14:29:04.197,44.35,25
2024-06-21 14:29:04.533,44.2,25
2024-06-21 14:29:05.163,44.3,50
2024-06-21 14:29:05.524,44.25,25
2024-06-21 14:29:06.173,44.35,25
2024-06-21 14:29:06.471,44.45,100
2024-06-21 14:29:07.239,44.3,100
2024-06-21 14:29:07.731,44.4,100
2024-06-21 14:29:08.213,44.5,100
2024-06-21 14:29:08.781,44.1,25
2024-06-21 14:29:09.229,44.15,125
2024-06-21 14:29:09.981,44.1,50
2024-06-21 14:29:10.212,43.95,25
2024-06-21 14:29:11.343,43.35,100
2024-06-21 14:29:11.414,43.3,100
2024-06-21 14:29:12.165,43.05,25
2024-06-21 14:29:12.243,43.15,50
2024-06-21 14:29:12.759,42.9,300
2024-06-21 14:29:14.132,42.75,200
2024-06-21 14:29:14.408,42.65,100
2024-06-21 14:29:15.204,42.85,600
2024-06-21 14:29:15.355,42.85,25
2024-06-21 14:29:16.190,42.9,600
2024-06-21 14:29:16.342,43.2,25
2024-06-21 14:29:17.165,43.2,75
2024-06-21 14:29:17.481,43.3,125
2024-06-21 14:29:17.481,43.3,125
2024-06-21 14:29:18.930,43.75,25
2024-06-21 14:29:19.193,43.7,75
2024-06-21 14:29:20.229,43.55,25
2024-06-21 14:29:21.107,42.95,25
2024-06-21 14:29:21.340,42.9,525
2024-06-21 14:29:22.189,43.0,75
2024-06-21 14:29:22.403,43.25,25
2024-06-21 14:29:23.369,43.45,150
2024-06-21 14:29:23.369,43.45,150
2024-06-21 14:29:24.216,43.5,25
2024-06-21 14:29:24.762,43.4,25
2024-06-21 14:29:25.107,43.55,25
2024-06-21 14:29:25.861,43.6,25
2024-06-21 14:29:26.204,43.55,25
2024-06-21 14:29:27.157,43.5,275
2024-06-21 14:29:27.524,43.65,100
2024-06-21 14:29:29.177,43.9,50
2024-06-21 14:29:29.477,43.9,25
2024-06-21 14:29:30.076,43.85,25
2024-06-21 14:29:30.420,44.0,25
2024-06-21 14:29:31.175,43.95,25
2024-06-21 14:29:31.773,43.9,75
2024-06-21 14:29:32.222,43.6,175
2024-06-21 14:29:32.930,43.15,75
2024-06-21 14:29:33.304,43.35,25
2024-06-21 14:29:34.134,43.4,25
2024-06-21 14:29:34.289,43.6,25
2024-06-21 14:29:35.417,43.55,1400
2024-06-21 14:29:36.141,43.75,25
2024-06-21 14:29:36.558,43.7,500
2024-06-21 14:29:37.132,43.85,25
2024-06-21 14:29:37.919,43.9,25
2024-06-21 14:29:38.352,43.95,100
2024-06-21 14:29:39.210,44.05,25
2024-06-21 14:29:40.325,43.75,225
2024-06-21 14:29:41.197,44.3,25
2024-06-21 14:29:41.574,44.0,450
2024-06-21 14:29:42.177,43.9,75
2024-06-21 14:29:42.319,43.95,25
2024-06-21 14:29:42.965,43.7,150
2024-06-21 14:29:42.965,43.7,150
2024-06-21 14:29:44.237,43.85,25
2024-06-21 14:29:45.059,43.9,50
2024-06-21 14:29:46.127,43.85,25
2024-06-21 14:29:46.386,43.65,50
2024-06-21 14:29:47.163,43.05,25
2024-06-21 14:29:47.163,43.05,25
2024-06-21 14:29:48.063,43.25,50
2024-06-21 14:29:48.282,43.3,25
2024-06-21 14:29:49.391,43.3,75
2024-06-21 14:29:49.551,43.35,25
2024-06-21 14:29:50.241,43.4,450
2024-06-21 14:29:50.331,43.35,300
2024-06-21 14:29:51.094,43.4,25
2024-06-21 14:29:51.397,43.4,50
2024-06-21 14:29:52.195,43.0,100
2024-06-21 14:29:52.523,42.8,25
2024-06-21 14:29:53.056,42.9,25
2024-06-21 14:29:54.212,43.2,50
2024-06-21 14:29:54.297,43.05,75
2024-06-21 14:29:55.140,43.45,25
2024-06-21 14:29:55.349,43.5,50
2024-06-21 14:29:56.184,43.85,25
2024-06-21 14:29:56.614,43.95,25
2024-06-21 14:29:57.213,43.75,25
2024-06-21 14:29:57.458,43.7,25
2024-06-21 14:29:58.048,43.7,50
2024-06-21 14:29:58.722,43.75,25
2024-06-21 14:29:59.054,43.65,25
2024-06-21 14:30:00.026,43.45,25
2024-06-21 14:30:00.219,43.5,25
2024-06-21 14:30:01.172,43.7,75
2024-06-21 14:30:01.370,43.85,50
2024-06-21 14:30:02.213,43.7,125
2024-06-21 14:30:02.386,43.9,25
2024-06-21 14:30:03.059,44.0,25
2024-06-21 14:30:03.345,43.95,25
2024-06-21 14:30:04.191,43.8,25
2024-06-21 14:30:04.809,43.65,250
2024-06-21 14:30:05.432,43.35,125
2024-06-21 14:30:05.805,43.4,25
2024-06-21 14:30:06.197,43.5,125
2024-06-21 14:30:06.832,43.6,25
2024-06-21 14:30:07.114,43.7,75
2024-06-21 14:30:07.627,44.05,25
2024-06-21 14:30:08.204,44.0,25
2024-06-21 14:30:09.044,43.9,75
2024-06-21 14:30:09.255,43.85,25
2024-06-21 14:30:10.247,44.65,125
2024-06-21 14:30:11.449,45.35,25
2024-06-21 14:30:11.654,45.45,75
2024-06-21 14:30:12.255,45.15,25
2024-06-21 14:30:12.549,45.5,75
2024-06-21 14:30:13.110,45.5,25
2024-06-21 14:30:13.810,45.75,50
2024-06-21 14:30:14.228,45.7,25
2024-06-21 14:30:15.031,45.7,25
2024-06-21 14:30:15.133,45.8,50
2024-06-21 14:30:16.410,45.65,25
2024-06-21 14:30:17.158,45.9,75
2024-06-21 14:30:17.413,46.1,75
2024-06-21 14:30:18.036,46.25,75
2024-06-21 14:30:18.923,46.4,25
2024-06-21 14:30:19.234,46.3,50
2024-06-21 14:30:20.239,46.4,50
2024-06-21 14:30:21.367,46.9,25
2024-06-21 14:30:22.218,46.6,25
2024-06-21 14:30:22.276,46.65,25
2024-06-21 14:30:22.723,46.25,25
2024-06-21 14:30:23.540,46.3,25
2024-06-21 14:30:24.249,46.0,25
2024-06-21 14:30:24.605,46.0,75
2024-06-21 14:30:25.409,45.45,25
2024-06-21 14:30:26.052,45.55,25
2024-06-21 14:30:26.194,45.4,125
2024-06-21 14:30:27.219,46.0,25
2024-06-21 14:30:27.219,46.0,25
2024-06-21 14:30:27.871,45.95,25
2024-06-21 14:30:28.198,45.9,25
2024-06-21 14:30:29.149,46.2,25
2024-06-21 14:30:29.600,46.15,50
2024-06-21 14:30:30.240,46.15,50
2024-06-21 14:30:30.677,46.15,150
2024-06-21 14:30:31.254,46.6,25
2024-06-21 14:30:31.787,46.85,50
2024-06-21 14:30:32.147,47.0,750
2024-06-21 14:30:33.210,47.6,50
2024-06-21 14:30:33.210,47.6,50
2024-06-21 14:30:34.412,46.85,25
2024-06-21 14:30:34.824,46.5,25
2024-06-21 14:30:35.268,46.7,25
2024-06-21 14:30:36.087,46.55,50
2024-06-21 14:30:36.165,46.55,25
2024-06-21 14:30:37.144,46.6,25
2024-06-21 14:30:37.928,46.7,150
2024-06-21 14:30:37.965,46.65,50
2024-06-21 14:30:39.249,46.55,25
2024-06-21 14:30:39.431,46.5,200
2024-06-21 14:30:40.213,46.25,200
2024-06-21 14:30:40.628,46.2,25
2024-06-21 14:30:41.247,46.25,50
2024-06-21 14:30:41.623,46.35,25
2024-06-21 14:30:42.272,46.3,25
2024-06-21 14:30:42.447,45.75,25
2024-06-21 14:30:43.298,46.15,25
2024-06-21 14:30:43.884,46.45,25
2024-06-21 14:30:44.148,46.6,175
2024-06-21 14:30:44.868,46.65,25
2024-06-21 14:30:45.234,46.65,100
2024-06-21 14:30:45.853,47.0,75
2024-06-21 14:30:46.145,46.75,200
2024-06-21 14:30:46.978,46.7,75
2024-06-21 14:30:47.168,46.8,25
2024-06-21 14:30:48.024,46.85,25
2024-06-21 14:30:48.275,46.9,300
2024-06-21 14:30:49.242,46.85,125
2024-06-21 14:30:49.442,46.95,175
2024-06-21 14:30:50.253,47.0,175
2024-06-21 14:30:51.231,46.75,25
2024-06-21 14:30:51.651,46.65,25
2024-06-21 14:30:52.210,46.8,125
2024-06-21 14:30:53.168,47.05,25
2024-06-21 14:30:54.242,47.2,25
2024-06-21 14:30:54.431,47.4,50
2024-06-21 14:30:55.281,47.25,25
2024-06-21 14:30:55.391,47.25,25
2024-06-21 14:30:56.472,46.95,25
2024-06-21 14:30:56.715,46.9,50
2024-06-21 14:30:57.173,46.95,50
2024-06-21 14:30:57.694,47.0,150
2024-06-21 14:30:58.163,46.85,25
2024-06-21 14:30:59.028,46.95,25
2024-06-21 14:30:59.253,46.8,125
2024-06-21 14:31:00.266,46.6,25
2024-06-21 14:31:01.285,47.1,300
2024-06-21 14:31:01.285,47.1,300
2024-06-21 14:31:01.811,46.8,250
2024-06-21 14:31:02.148,46.9,25
2024-06-21 14:31:02.571,46.9,25
2024-06-21 14:31:03.161,46.7,75
2024-06-21 14:31:03.724,46.5,25
2024-06-21 14:31:04.479,47.0,150
2024-06-21 14:31:05.235,47.3,25
2024-06-21 14:31:05.895,47.0,25
2024-06-21 14:31:06.730,47.15,200
2024-06-21 14:31:07.212,47.35,25
2024-06-21 14:31:07.212,47.35,25
2024-06-21 14:31:08.125,47.35,25
2024-06-21 14:31:09.248,47.7,25
2024-06-21 14:31:10.296,47.85,500
2024-06-21 14:31:10.414,47.6,100
2024-06-21 14:31:11.234,47.6,150
2024-06-21 14:31:11.539,47.5,25
2024-06-21 14:31:12.270,47.35,50
2024-06-21 14:31:12.270,47.35,50
2024-06-21 14:31:13.202,47.65,75
2024-06-21 14:31:13.389,47.65,50
2024-06-21 14:31:14.224,47.7,25
2024-06-21 14:31:14.463,47.65,125
2024-06-21 14:31:15.449,47.95,25
2024-06-21 14:31:15.711,47.95,25
2024-06-21 14:31:16.260,48.0,100
2024-06-21 14:31:17.137,47.75,500
2024-06-21 14:31:17.249,47.65,25
2024-06-21 14:31:18.273,48.15,25
2024-06-21 14:31:18.273,48.15,25
2024-06-21 14:31:19.271,48.1,50
2024-06-21 14:31:19.566,48.1,75
2024-06-21 14:31:20.209,48.2,25
2024-06-21 14:31:20.728,48.1,25
2024-06-21 14:31:21.222,48.05,25
2024-06-21 14:31:21.664,47.9,300
2024-06-21 14:31:22.225,48.2,25
2024-06-21 14:31:22.644,48.2,50
2024-06-21 14:31:23.144,48.3,50
2024-06-21 14:31:24.241,48.4,25
2024-06-21 14:31:24.467,48.3,25
2024-06-21 14:31:24.939,48.25,25
2024-06-21 14:31:25.656,47.85,25
2024-06-21 14:31:26.266,47.65,175
2024-06-21 14:31:26.928,47.7,575
2024-06-21 14:31:27.229,48.3,75
2024-06-21 14:31:28.212,48.0,25
2024-06-21 14:31:28.435,48.1,25
2024-06-21 14:31:29.147,48.05,25
2024-06-21 14:31:29.482,48.0,50
2024-06-21 14:31:30.141,48.0,500
2024-06-21 14:31:30.652,48.0,25
2024-06-21 14:31:31.294,48.0,50
2024-06-21 14:31:31.770,48.0,25
2024-06-21 14:31:31.950,47.8,25
2024-06-21 14:31:32.282,48.05,175
2024-06-21 14:31:33.053,47.85,25
2024-06-21 14:31:33.495,47.75,325
2024-06-21 14:31:34.461,47.8,75
2024-06-21 14:31:35.134,48.1,50
2024-06-21 14:31:35.134,48.1,50
2024-06-21 14:31:36.267,48.1,125
2024-06-21 14:31:36.657,47.9,225
2024-06-21 14:31:37.196,47.9,25
2024-06-21 14:31:37.572,47.95,25
2024-06-21 14:31:37.572,47.95,25
2024-06-21 14:31:38.731,47.75,75
2024-06-21 14:31:39.303,47.7,25
2024-06-21 14:31:40.266,47.0,25
2024-06-21 14:31:40.328,47.1,75
2024-06-21 14:31:41.368,47.1,25
2024-06-21 14:31:41.549,47.15,25
2024-06-21 14:31:42.235,47.5,25
2024-06-21 14:31:42.703,47.4,275
2024-06-21 14:31:43.035,47.4,25
2024-06-21 14:31:43.453,47.45,25
2024-06-21 14:31:44.261,48.0,25
2024-06-21 14:31:45.170,47.7,25
2024-06-21 14:31:45.299,47.85,75
2024-06-21 14:31:46.282,47.75,25
2024-06-21 14:31:46.282,47.75,25
2024-06-21 14:31:47.222,47.8,25
2024-06-21 14:31:48.180,47.7,25
2024-06-21 14:31:48.523,47.8,100
2024-06-21 14:31:49.319,48.2,25
2024-06-21 14:31:49.721,48.25,25
2024-06-21 14:31:50.197,48.1,100
2024-06-21 14:31:50.975,48.05,125
2024-06-21 14:31:51.396,48.3,25
2024-06-21 14:31:52.207,48.35,75
2024-06-21 14:31:52.742,48.35,25
2024-06-21 14:31:53.131,48.4,25
2024-06-21 14:31:54.248,48.2,25
2024-06-21 14:31:54.600,48.1,50
2024-06-21 14:31:55.045,48.0,25
2024-06-21 14:31:55.780,48.2,50
2024-06-21 14:31:56.290,47.85,25
2024-06-21 14:31:57.092,47.7,25
2024-06-21 14:31:57.256,47.6,125
2024-06-21 14:31:58.526,45.9,50
2024-06-21 14:31:59.323,46.45,25
2024-06-21 14:31:59.804,46.05,25
2024-06-21 14:32:00.250,45.8,25
2024-06-21 14:32:00.701,45.7,600
2024-06-21 14:32:01.223,45.75,25
2024-06-21 14:32:01.761,45.95,50
2024-06-21 14:32:02.114,45.85,75
2024-06-21 14:32:02.267,45.7,75
2024-06-21 14:32:03.299,45.4,50
2024-06-21 14:32:03.563,45.45,25
2024-06-21 14:32:04.296,45.35,25
2024-06-21 14:32:04.785,45.4,25
2024-06-21 14:32:05.291,45.2,250
2024-06-21 14:32:05.805,45.15,25
2024-06-21 14:32:06.261,45.15,575
2024-06-21 14:32:06.826,44.95,25
2024-06-21 14:32:07.255,44.4,750
2024-06-21 14:32:08.214,44.8,25
2024-06-21 14:32:08.214,44.8,25
2024-06-21 14:32:09.324,45.05,100
2024-06-21 14:32:09.773,45.15,50
2024-06-21 14:32:10.316,44.95,50
2024-06-21 14:32:10.792,45.0,25
2024-06-21 14:32:11.074,45.2,150
2024-06-21 14:32:11.816,45.5,475
2024-06-21 14:32:12.303,45.45,25
2024-06-21 14:32:13.111,45.2,25
2024-06-21 14:32:13.111,45.2,25
2024-06-21 14:32:14.274,45.65,50
2024-06-21 14:32:15.504,45.7,125
2024-06-21 14:32:16.298,45.9,100
2024-06-21 14:32:16.605,45.7,125
2024-06-21 14:32:17.254,45.75,25
2024-06-21 14:32:17.639,46.0,50
2024-06-21 14:32:18.235,45.95,25
2024-06-21 14:32:18.786,46.05,575
2024-06-21 14:32:19.293,45.85,25
2024-06-21 14:32:20.028,45.65,25
2024-06-21 14:32:20.124,45.7,25
2024-06-21 14:32:21.163,45.75,25
2024-06-21 14:32:21.254,45.85,25
2024-06-21 14:32:22.221,45.6,100
2024-06-21 14:32:23.034,45.85,50
2024-06-21 14:32:23.560,45.85,25
2024-06-21 14:32:24.228,46.05,25
2024-06-21 14:32:24.228,46.05,25
2024-06-21 14:32:25.132,46.0,75
2024-06-21 14:32:25.593,46.0,150
2024-06-21 14:32:26.513,46.2,25
2024-06-21 14:32:26.547,46.15,50
2024-06-21 14:32:27.284,45.6,50
2024-06-21 14:32:27.475,45.7,900
2024-06-21 14:32:28.106,45.9,100
2024-06-21 14:32:28.866,46.2,25
2024-06-21 14:32:29.237,45.9,25
2024-06-21 14:32:29.661,46.0,500
2024-06-21 14:32:30.335,46.05,125
2024-06-21 14:32:31.267,45.65,25
2024-06-21 14:32:31.649,45.85,25
2024-06-21 14:32:32.146,46.0,25
2024-06-21 14:32:32.146,46.0,25
2024-06-21 14:32:33.328,46.05,25
2024-06-21 14:32:33.436,46.1,100
2024-06-21 14:32:34.076,46.15,50
2024-06-21 14:32:34.076,46.15,50
2024-06-21 14:32:35.497,46.25,25
2024-06-21 14:32:35.651,46.35,25
2024-06-21 14:32:36.274,46.65,50
2024-06-21 14:32:36.799,46.65,25
2024-06-21 14:32:37.252,46.9,25
2024-06-21 14:32:38.060,46.9,25
2024-06-21 14:32:38.256,47.0,25
2024-06-21 14:32:39.265,47.15,75
2024-06-21 14:32:39.265,47.15,75
2024-06-21 14:32:40.181,46.85,25
2024-06-21 14:32:41.239,46.9,25
2024-06-21 14:32:41.577,46.8,50
2024-06-21 14:32:42.230,46.8,275
2024-06-21 14:32:42.537,46.8,50
2024-06-21 14:32:43.335,46.7,25
2024-06-21 14:32:43.840,46.8,400
2024-06-21 14:32:44.267,46.95,25
2024-06-21 14:32:44.472,47.0,25
2024-06-21 14:32:45.253,47.15,25
2024-06-21 14:32:45.574,47.1,150
2024-06-21 14:32:46.319,46.8,25
2024-06-21 14:32:46.798,46.7,75
2024-06-21 14:32:47.307,46.65,25
2024-06-21 14:32:48.019,46.65,100
2024-06-21 14:32:48.019,46.65,100
2024-06-21 14:32:48.779,46.7,25
2024-06-21 14:32:49.585,46.25,25
2024-06-21 14:32:49.899,46.4,50
2024-06-21 14:32:50.892,46.35,125
2024-06-21 14:32:51.362,46.05,225
2024-06-21 14:32:51.859,46.25,25
2024-06-21 14:32:52.244,46.6,100
2024-06-21 14:32:52.599,46.45,25
2024-06-21 14:32:52.928,46.6,25
2024-06-21 14:32:53.792,46.4,25
2024-06-21 14:32:53.970,46.3,25
2024-06-21 14:32:55.121,46.1,25
2024-06-21 14:32:55.272,46.1,75
2024-06-21 14:32:56.203,46.3,25
2024-06-21 14:32:56.381,46.2,75
2024-06-21 14:32:57.128,46.55,25
2024-06-21 14:32:57.687,46.4,75
2024-06-21 14:32:57.687,46.4,75
2024-06-21 14:32:58.360,46.45,25
2024-06-21 14:32:59.334,46.35,50
2024-06-21 14:32:59.548,46.1,25
2024-06-21 14:33:00.214,46.1,50
2024-06-21 14:33:01.082,46.4,50
2024-06-21 14:33:01.318,46.45,25
2024-06-21 14:33:01.758,46.4,25
2024-06-21 14:33:02.264,46.7,25
2024-06-21 14:33:03.323,46.4,100
2024-06-21 14:33:04.185,46.25,25
2024-06-21 14:33:04.502,46.45,25
2024-06-21 14:33:05.424,46.5,175
2024-06-21 14:33:05.697,46.7,100
2024-06-21 14:33:06.351,46.6,100
2024-06-21 14:33:07.217,46.45,500
2024-06-21 14:33:07.724,46.15,25
2024-06-21 14:33:08.356,45.9,75
2024-06-21 14:33:08.807,46.3,25
2024-06-21 14:33:09.308,46.25,100
2024-06-21 14:33:09.779,46.2,100
2024-06-21 14:33:10.231,46.2,100
2024-06-21 14:33:10.929,45.45,100
2024-06-21 14:33:11.291,45.5,75
2024-06-21 14:33:11.962,45.8,75
2024-06-21 14:33:12.221,45.8,125
2024-06-21 14:33:13.090,45.2,25
2024-06-21 14:33:13.090,45.2,25
2024-06-21 14:33:14.231,44.9,200
2024-06-21 14:33:14.470,45.0,25
2024-06-21 14:33:15.533,44.75,25
2024-06-21 14:33:16.323,45.15,50
2024-06-21 14:33:16.689,45.25,100
2024-06-21 14:33:17.176,45.3,75
2024-06-21 14:33:17.728,45.4,100
2024-06-21 14:33:18.162,45.4,50
2024-06-21 14:33:18.389,45.5,50
2024-06-21 14:33:19.244,45.55,25
2024-06-21 14:33:20.067,45.95,25
2024-06-21 14:33:20.293,45.95,50
2024-06-21 14:33:21.317,46.0,125
2024-06-21 14:33:22.154,46.0,25
2024-06-21 14:33:22.428,46.0,25
2024-06-21 14:33:23.245,45.85,50
2024-06-21 14:33:23.619,45.9,25
2024-06-21 14:33:24.519,45.7,25
2024-06-21 14:33:24.519,45.7,25
2024-06-21 14:33:25.339,45.6,50
2024-06-21 14:33:25.721,45.7,25
2024-06-21 14:33:26.135,45.85,25
2024-06-21 14:33:26.825,46.15,350
2024-06-21 14:33:27.241,46.3,75
2024-06-21 14:33:27.543,46.05,25
2024-06-21 14:33:29.135,46.15,25
2024-06-21 14:33:29.451,46.15,25
2024-06-21 14:33:30.254,46.5,50
2024-06-21 14:33:30.254,46.5,50
2024-06-21 14:33:31.346,46.2,125
2024-06-21 14:33:31.346,46.2,125
2024-06-21 14:33:31.806,46.25,25
2024-06-21 14:33:32.095,46.3,75
2024-06-21 14:33:32.817,46.55,75
2024-06-21 14:33:33.357,46.0,75
2024-06-21 14:33:33.836,46.05,50
2024-06-21 14:33:34.295,46.1,25
2024-06-21 14:33:35.141,46.05,50
2024-06-21 14:33:35.510,46.3,25
2024-06-21 14:33:36.330,46.2,25
2024-06-21 14:33:36.710,46.1,175
2024-06-21 14:33:37.229,46.05,25
2024-06-21 14:33:37.615,46.25,25
2024-06-21 14:33:38.103,46.15,25
2024-06-21 14:33:38.358,46.35,50
2024-06-21 14:33:39.343,46.1,25
2024-06-21 14:33:39.816,45.65,25
2024-06-21 14:33:40.301,45.7,175
2024-06-21 14:33:40.838,45.7,150
2024-06-21 14:33:41.328,45.95,50
2024-06-21 14:33:42.138,46.15,25
2024-06-21 14:33:42.331,46.2,325
2024-06-21 14:33:42.815,46.15,100
2024-06-21 14:33:42.815,46.15,100
2024-06-21 14:33:44.359,46.45,50
2024-06-21 14:33:45.372,46.35,25
2024-06-21 14:33:45.712,46.4,25
2024-06-21 14:33:47.194,46.2,50
2024-06-21 14:33:47.547,46.3,25
2024-06-21 14:33:47.718,46.5,75
2024-06-21 14:33:48.772,46.4,25
2024-06-21 14:33:49.372,46.4,200
2024-06-21 14:33:49.824,46.35,25
2024-06-21 14:33:50.354,46.5,100
2024-06-21 14:33:50.962,46.45,25
2024-06-21 14:33:51.358,46.45,25
2024-06-21 14:33:51.894,46.45,25
2024-06-21 14:33:52.262,46.1,25
2024-06-21 14:33:53.587,45.6,25
2024-06-21 14:33:54.392,45.8,25
2024-06-21 14:33:54.776,45.4,150
2024-06-21 14:33:55.358,45.15,25
2024-06-21 14:33:55.775,44.95,50
2024-06-21 14:33:56.583,45.15,25
2024-06-21 14:33:56.987,44.95,50
2024-06-21 14:33:57.218,44.85,1050
2024-06-21 14:33:57.921,44.65,25
2024-06-21 14:33:58.175,44.75,25
2024-06-21 14:33:58.943,44.85,25
2024-06-21 14:33:59.376,44.85,500
2024-06-21 14:34:00.176,44.9,50
2024-06-21 14:34:00.365,45.05,300
2024-06-21 14:34:01.318,44.75,25
2024-06-21 14:34:01.752,44.8,25
2024-06-21 14:34:02.384,44.9,25
2024-06-21 14:34:03.374,45.05,25
2024-06-21 14:34:04.381,45.05,25
2024-06-21 14:34:04.589,45.1,125
2024-06-21 14:34:05.397,45.35,25
2024-06-21 14:34:05.454,45.6,25
2024-06-21 14:34:06.390,45.5,325
2024-06-21 14:34:06.596,45.6,25
2024-06-21 14:34:07.305,45.7,200
2024-06-21 14:34:07.484,45.8,50
2024-06-21 14:34:08.051,46.05,50
2024-06-21 14:34:08.882,45.85,25
2024-06-21 14:34:09.306,45.75,25
2024-06-21 14:34:10.183,45.95,25
2024-06-21 14:34:10.384,45.75,100
2024-06-21 14:34:10.684,45.9,25
2024-06-21 14:34:10.684,45.9,25
2024-06-21 14:34:12.307,45.8,425
2024-06-21 14:34:13.237,46.2,25
2024-06-21 14:34:13.237,46.2,25
2024-06-21 14:34:14.309,45.9,25
2024-06-21 14:34:14.541,45.95,25
2024-06-21 14:34:15.230,46.25,175
2024-06-21 14:34:15.573,46.25,1000
2024-06-21 14:34:16.358,46.2,25
2024-06-21 14:34:16.771,46.1,25
2024-06-21 14:34:17.285,46.2,25
2024-06-21 14:34:17.747,46.35,25
2024-06-21 14:34:18.330,46.1,400
2024-06-21 14:34:18.870,45.9,25
2024-06-21 14:34:19.399,45.8,25
2024-06-21 14:34:20.012,45.3,25
2024-06-21 14:34:20.277,45.3,25
2024-06-21 14:34:21.433,44.6,25
2024-06-21 14:34:22.112,44.7,75
2024-06-21 14:34:22.594,44.8,200
2024-06-21 14:34:23.069,45.0,25
2024-06-21 14:34:24.009,44.65,50
2024-06-21 14:34:24.542,44.7,25
2024-06-21 14:34:25.023,45.0,100
2024-06-21 14:34:25.380,45.05,25
2024-06-21 14:34:25.959,45.25,25
2024-06-21 14:34:26.407,45.35,25
2024-06-21 14:34:27.208,45.3,75
2024-06-21 14:34:27.208,45.3,75
2024-06-21 14:34:27.992,45.7,25
2024-06-21 14:34:28.240,45.65,25
2024-06-21 14:34:29.367,45.75,25
2024-06-21 14:34:29.747,45.8,25
2024-06-21 14:34:30.394,45.95,25
2024-06-21 14:34:30.812,46.05,50
2024-06-21 14:34:31.403,46.05,25
2024-06-21 14:34:31.646,45.9,50
2024-06-21 14:34:31.806,45.9,25
2024-06-21 14:34:32.264,45.9,25
2024-06-21 14:34:32.454,45.95,600
2024-06-21 14:34:33.225,45.7,50
2024-06-21 14:34:34.034,45.7,450
2024-06-21 14:34:34.439,45.4,75
2024-06-21 14:34:35.357,45.3,25
2024-06-21 14:34:35.612,45.3,50
2024-06-21 14:34:36.061,45.4,25
2024-06-21 14:34:36.585,45.65,25
2024-06-21 14:34:37.063,45.5,25
2024-06-21 14:34:37.063,45.5,25
2024-06-21 14:34:37.909,45.6,250
2024-06-21 14:34:38.665,45.9,325
2024-06-21 14:34:39.308,45.8,25
2024-06-21 14:34:39.962,45.95,25
2024-06-21 14:34:40.271,45.85,25
2024-06-21 14:34:40.699,45.9,150
2024-06-21 14:34:41.349,46.1,75
2024-06-21 14:34:41.907,46.0,125
2024-06-21 14:34:42.122,45.9,25
2024-06-21 14:34:42.710,45.8,25
2024-06-21 14:34:43.351,45.65,50
2024-06-21 14:34:44.316,45.3,150
2024-06-21 14:34:44.600,45.35,25
2024-06-21 14:34:45.333,45.55,50
2024-06-21 14:34:45.626,45.5,100
2024-06-21 14:34:46.405,45.5,25
2024-06-21 14:34:46.589,45.4,100
2024-06-21 14:34:47.289,45.25,150
2024-06-21 14:34:47.521,45.45,25
2024-06-21 14:34:48.403,45.55,150
2024-06-21 14:34:48.552,45.65,25
2024-06-21 14:34:49.187,45.7,25
2024-06-21 14:34:49.871,45.55,150
2024-06-21 14:34:50.200,45.55,25
2024-06-21 14:34:50.868,45.15,50
2024-06-21 14:34:51.270,45.35,50
2024-06-21 14:34:51.820,45.15,50
2024-06-21 14:34:52.262,45.2,100
2024-06-21 14:34:52.643,45.3,25
2024-06-21 14:34:53.267,45.3,25
2024-06-21 14:34:54.236,45.2,75
2024-06-21 14:34:54.392,44.95,25
2024-06-21 14:34:55.404,44.85,25
2024-06-21 14:34:55.826,44.8,25
2024-06-21 14:34:56.380,44.9,25
2024-06-21 14:34:57.067,45.05,25
2024-06-21 14:34:57.262,45.0,25
2024-06-21 14:34:57.978,44.8,25
2024-06-21 14:34:58.456,44.6,100
2024-06-21 14:34:59.095,44.65,25
2024-06-21 14:34:59.423,44.3,25
2024-06-21 14:35:00.404,43.75,25
2024-06-21 14:35:00.858,43.75,525
2024-06-21 14:35:01.601,44.1,575
2024-06-21 14:35:01.810,44.1,75
2024-06-21 14:35:01.995,44.15,25
2024-06-21 14:35:02.242,44.2,25
2024-06-21 14:35:03.281,43.8,100
2024-06-21 14:35:03.281,43.8,100
2024-06-21 14:35:04.618,44.45,125
2024-06-21 14:35:04.688,44.5,50
2024-06-21 14:35:05.403,44.4,25
2024-06-21 14:35:06.398,45.05,25
2024-06-21 14:35:07.219,45.15,25
2024-06-21 14:35:07.219,45.15,25
2024-06-21 14:35:08.398,45.6,25
2024-06-21 14:35:08.670,45.2,100
2024-06-21 14:35:09.372,45.3,25
2024-06-21 14:35:10.035,45.15,25
2024-06-21 14:35:10.466,45.1,150
2024-06-21 14:35:11.440,44.8,75
2024-06-21 14:35:12.232,44.25,100
2024-06-21 14:35:12.521,44.0,25
2024-06-21 14:35:13.127,44.0,25
2024-06-21 14:35:13.441,44.05,50
2024-06-21 14:35:14.422,43.8,25
2024-06-21 14:35:15.664,43.95,25
2024-06-21 14:35:16.278,43.75,25
2024-06-21 14:35:16.910,43.2,25
2024-06-21 14:35:17.434,42.8,25
2024-06-21 14:35:18.508,42.45,25
2024-06-21 14:35:18.508,42.45,25
2024-06-21 14:35:19.363,42.35,25
2024-06-21 14:35:20.124,43.0,75
2024-06-21 14:35:20.413,42.9,25
2024-06-21 14:35:21.092,42.8,25
2024-06-21 14:35:21.625,42.85,25
2024-06-21 14:35:22.229,42.9,350
2024-06-21 14:35:22.229,42.9,350
2024-06-21 14:35:23.280,42.75,25
2024-06-21 14:35:23.280,42.75,25
2024-06-21 14:35:24.289,42.9,75
2024-06-21 14:35:24.476,42.85,25
2024-06-21 14:35:25.423,43.05,25
2024-06-21 14:35:25.530,43.05,25
2024-06-21 14:35:26.635,43.3,25
2024-06-21 14:35:26.712,43.3,100
2024-06-21 14:35:27.244,43.15,25
2024-06-21 14:35:27.244,43.15,25
2024-06-21 14:35:28.225,43.15,275
2024-06-21 14:35:28.746,42.95,75
2024-06-21 14:35:29.395,43.0,25
2024-06-21 14:35:30.115,42.7,275
2024-06-21 14:35:30.415,42.65,25
2024-06-21 14:35:31.041,42.65,25
2024-06-21 14:35:31.614,42.4,25
2024-06-21 14:35:31.822,42.15,25
2024-06-21 14:35:32.244,42.45,25
2024-06-21 14:35:32.244,42.45,25
2024-06-21 14:35:33.287,42.0,75
2024-06-21 14:35:33.728,42.25,25
2024-06-21 14:35:34.440,42.8,25
2024-06-21 14:35:34.750,42.8,75
2024-06-21 14:35:35.430,42.35,200
2024-06-21 14:35:36.106,42.35,175
2024-06-21 14:35:36.360,42.2,25
2024-06-21 14:35:37.171,42.15,25
2024-06-21 14:35:37.171,42.15,25
2024-06-21 14:35:38.202,42.45,25
2024-06-21 14:35:38.708,42.5,25
2024-06-21 14:35:39.322,42.5,50
2024-06-21 14:35:39.912,42.75,25
2024-06-21 14:35:40.362,42.5,525
2024-06-21 14:35:41.131,42.75,25
2024-06-21 14:35:41.399,42.85,300
2024-06-21 14:35:42.224,43.1,25
2024-06-21 14:35:42.715,43.0,25
2024-06-21 14:35:42.715,43.0,25
2024-06-21 14:35:44.308,43.2,25
2024-06-21 14:35:44.447,43.15,25
2024-06-21 14:35:45.353,43.25,25
2024-06-21 14:35:45.615,43.65,25
2024-06-21 14:35:46.385,43.4,50
2024-06-21 14:35:46.924,42.95,25
2024-06-21 14:35:47.247,43.0,25
2024-06-21 14:35:47.693,42.8,25
2024-06-21 14:35:48.643,43.15,25
2024-06-21 14:35:49.299,42.9,25
2024-06-21 14:35:50.410,42.95,25
2024-06-21 14:35:50.793,43.05,400
2024-06-21 14:35:51.452,43.0,50
2024-06-21 14:35:52.165,43.15,25
2024-06-21 14:35:52.268,42.95,25
2024-06-21 14:35:52.907,43.2,25
2024-06-21 14:35:52.907,43.2,25
2024-06-21 14:35:54.536,43.15,25
2024-06-21 14:35:55.459,43.15,25
2024-06-21 14:35:55.563,43.25,75
2024-06-21 14:35:56.460,43.45,25
2024-06-21 14:35:56.891,43.5,25
2024-06-21 14:35:57.170,43.5,325
2024-06-21 14:35:57.996,43.4,25
2024-06-21 14:35:58.225,43.15,125
2024-06-21 14:35:59.165,43.2,25
2024-06-21 14:35:59.565,42.7,75
2024-06-21 14:36:00.442,42.9,50
2024-06-21 14:36:00.758,42.95,25
2024-06-21 14:36:01.448,43.2,75
2024-06-21 14:36:01.747,43.25,25
2024-06-21 14:36:01.835,43.2,75
2024-06-21 14:36:02.190,43.35,25
2024-06-21 14:36:03.010,43.0,325
2024-06-21 14:36:03.217,42.75,100
2024-06-21 14:36:04.391,43.1,150
2024-06-21 14:36:04.788,43.25,50
2024-06-21 14:36:05.620,43.2,25
2024-06-21 14:36:05.870,43.2,200
2024-06-21 14:36:06.298,43.1,25
2024-06-21 14:36:07.014,43.0,25
2024-06-21 14:36:07.221,43.0,125
2024-06-21 14:36:07.221,43.0,125
2024-06-21 14:36:08.312,43.2,150
2024-06-21 14:36:09.159,43.1,50
2024-06-21 14:36:09.159,43.1,50
2024-06-21 14:36:10.436,43.5,125
2024-06-21 14:36:10.781,43.45,25
2024-06-21 14:36:11.409,43.45,50
2024-06-21 14:36:12.182,43.65,25
2024-06-21 14:36:12.221,43.7,50
2024-06-21 14:36:13.275,44.1,50
2024-06-21 14:36:13.492,44.05,25
2024-06-21 14:36:14.441,44.4,25
2024-06-21 14:36:14.901,44.25,25
2024-06-21 14:36:15.417,44.35,25
2024-06-21 14:36:16.389,44.15,25
2024-06-21 14:36:17.420,44.1,25
2024-06-21 14:36:17.420,44.1,25
2024-06-21 14:36:18.250,44.0,375
2024-06-21 14:36:18.992,43.75,25
2024-06-21 14:36:19.455,43.75,75
2024-06-21 14:36:20.165,44.0,25
2024-06-21 14:36:20.420,43.85,25
2024-06-21 14:36:21.161,44.1,25
2024-06-21 14:36:21.603,43.9,25
2024-06-21 14:36:22.213,43.95,75
2024-06-21 14:36:22.357,43.8,25
2024-06-21 14:36:23.107,43.95,150
2024-06-21 14:36:23.278,43.8,75
2024-06-21 14:36:24.408,43.7,25
2024-06-21 14:36:24.408,43.7,25
2024-06-21 14:36:25.468,43.25,25
2024-06-21 14:36:25.813,43.4,25
2024-06-21 14:36:26.676,43.6,25
2024-06-21 14:36:27.182,43.55,25
2024-06-21 14:36:27.262,43.6,25
2024-06-21 14:36:27.943,43.25,975
2024-06-21 14:36:28.426,43.4,25
2024-06-21 14:36:29.477,43.45,25
2024-06-21 14:36:30.454,44.2,25
2024-06-21 14:36:31.003,43.65,25
2024-06-21 14:36:31.463,43.75,50
2024-06-21 14:36:31.804,43.6,75
2024-06-21 14:36:32.232,43.35,200
2024-06-21 14:36:32.415,43.4,50
2024-06-21 14:36:33.102,43.5,50
2024-06-21 14:36:33.521,43.65,200
2024-06-21 14:36:34.452,43.35,100
2024-06-21 14:36:34.761,43.6,25
2024-06-21 14:36:35.425,43.85,25
2024-06-21 14:36:36.027,43.8,25
2024-06-21 14:36:36.356,43.8,25
2024-06-21 14:36:37.030,43.9,25
2024-06-21 14:36:37.229,43.95,75
2024-06-21 14:36:38.162,43.95,25
2024-06-21 14:36:38.162,43.95,25
2024-06-21 14:36:39.389,43.6,75
2024-06-21 14:36:40.346,43.85,25
2024-06-21 14:36:40.914,43.8,25
2024-06-21 14:36:41.251,43.65,25
2024-06-21 14:36:42.238,43.35,25
2024-06-21 14:36:42.238,43.35,25
2024-06-21 14:36:43.374,43.4,25
2024-06-21 14:36:43.647,43.55,25
2024-06-21 14:36:44.445,43.4,650
2024-06-21 14:36:44.846,42.65,75
2024-06-21 14:36:45.467,42.65,25
2024-06-21 14:36:46.257,42.75,50
2024-06-21 14:36:46.257,42.75,50
2024-06-21 14:36:47.223,42.5,25
2024-06-21 14:36:47.554,42.55,25
2024-06-21 14:36:48.014,42.5,25
2024-06-21 14:36:48.014,42.5,25
2024-06-21 14:36:49.434,42.75,25
2024-06-21 14:36:49.637,42.75,50
2024-06-21 14:36:50.360,42.75,100
2024-06-21 14:36:50.813,43.2,25
2024-06-21 14:36:51.459,43.05,25
2024-06-21 14:36:52.024,43.0,50
2024-06-21 14:36:52.360,42.9,25
2024-06-21 14:36:53.083,42.9,225
2024-06-21 14:36:53.468,42.65,25
2024-06-21 14:36:54.241,42.7,125
2024-06-21 14:36:55.388,43.1,25
2024-06-21 14:36:55.388,43.1,25
2024-06-21 14:36:56.271,42.9,25
2024-06-21 14:36:56.853,43.0,325
2024-06-21 14:36:57.214,43.05,25
2024-06-21 14:36:57.777,43.0,100
2024-06-21 14:36:58.346,42.8,25
2024-06-21 14:36:59.272,42.8,25
2024-06-21 14:36:59.465,42.8,125
2024-06-21 14:37:00.461,43.2,100
2024-06-21 14:37:01.448,43.15,25
2024-06-21 14:37:01.565,43.05,25
2024-06-21 14:37:01.771,43.1,25
2024-06-21 14:37:02.435,43.45,25
2024-06-21 14:37:02.751,43.45,125
2024-06-21 14:37:03.346,43.8,25
2024-06-21 14:37:04.050,43.3,25
2024-06-21 14:37:04.421,43.25,100
2024-06-21 14:37:05.059,43.5,25
2024-06-21 14:37:05.390,43.55,25
2024-06-21 14:37:06.250,43.0,950
2024-06-21 14:37:06.487,43.2,25
2024-06-21 14:37:07.339,42.8,50
2024-06-21 14:37:08.364,43.3,25
2024-06-21 14:37:08.540,43.25,25
2024-06-21 14:37:09.415,43.1,25
2024-06-21 14:37:09.881,43.15,25
2024-06-21 14:37:10.491,43.25,75
2024-06-21 14:37:11.076,43.25,25
2024-06-21 14:37:11.387,43.4,75
2024-06-21 14:37:12.204,43.6,175
2024-06-21 14:37:12.366,43.6,50
2024-06-21 14:37:13.101,43.25,75
2024-06-21 14:37:13.101,43.25,75
2024-06-21 14:37:14.206,42.95,25
2024-06-21 14:37:14.462,43.0,50
2024-06-21 14:37:15.631,42.85,25
2024-06-21 14:37:16.401,43.05,400
2024-06-21 14:37:16.791,43.15,25
2024-06-21 14:37:17.499,43.2,25
2024-06-21 14:37:17.956,43.2,200
2024-06-21 14:37:18.188,43.2,25
2024-06-21 14:37:18.877,43.3,175
2024-06-21 14:37:19.501,43.3,75
2024-06-21 14:37:20.207,43.6,25
2024-06-21 14:37:20.367,43.4,75
2024-06-21 14:37:21.281,43.45,150
2024-06-21 14:37:21.281,43.45,150
2024-06-21 14:37:21.695,43.55,125
2024-06-21 14:37:22.303,43.4,50
2024-06-21 14:37:22.303,43.4,50
2024-06-21 14:37:23.002,43.4,25
2024-06-21 14:37:23.425,42.95,25
2024-06-21 14:37:24.286,43.6,100
2024-06-21 14:37:25.123,43.35,25
2024-06-21 14:37:25.477,43.25,25
2024-06-21 14:37:26.107,42.9,250
2024-06-21 14:37:26.465,42.85,50
2024-06-21 14:37:27.517,42.9,25
2024-06-21 14:37:28.376,42.8,875
2024-06-21 14:37:29.063,43.0,775
2024-06-21 14:37:29.336,43.05,25
2024-06-21 14:37:29.888,43.1,125
2024-06-21 14:37:30.696,43.05,25
2024-06-21 14:37:31.518,42.75,25
2024-06-21 14:37:31.678,42.8,125
2024-06-21 14:37:31.795,42.8,25
2024-06-21 14:37:32.388,42.55,25
2024-06-21 14:37:32.574,42.65,25
2024-06-21 14:37:33.064,42.85,50
2024-06-21 14:37:34.311,42.45,50
2024-06-21 14:37:34.451,42.5,25
2024-06-21 14:37:35.461,42.3,25
2024-06-21 14:37:35.461,42.3,25
2024-06-21 14:37:36.497,42.55,150
2024-06-21 14:37:36.731,42.7,25
2024-06-21 14:37:37.230,42.85,25
2024-06-21 14:37:37.860,42.6,50
2024-06-21 14:37:38.417,42.6,50
2024-06-21 14:37:39.322,42.4,75
2024-06-21 14:37:39.506,42.4,25
2024-06-21 14:37:40.306,42.5,25
2024-06-21 14:37:40.505,42.5,50
2024-06-21 14:37:41.517,42.4,50
2024-06-21 14:37:41.559,42.4,25
2024-06-21 14:37:42.496,42.3,25
2024-06-21 14:37:42.496,42.3,25
2024-06-21 14:37:43.364,42.35,25
2024-06-21 14:37:43.554,42.4,25
2024-06-21 14:37:44.394,42.35,25
2024-06-21 14:37:44.913,42.5,125
2024-06-21 14:37:45.481,42.75,25
2024-06-21 14:37:46.094,42.55,75
2024-06-21 14:37:46.705,42.55,100
2024-06-21 14:37:47.111,42.5,25
2024-06-21 14:37:47.436,42.25,225
2024-06-21 14:37:47.723,42.25,25
2024-06-21 14:37:48.184,42.45,100
2024-06-21 14:37:49.129,42.5,25
2024-06-21 14:37:49.377,42.5,25
2024-06-21 14:37:49.754,42.75,75
2024-06-21 14:37:50.484,43.0,75
2024-06-21 14:37:51.112,42.8,25
2024-06-21 14:37:51.366,42.8,125
2024-06-21 14:37:52.188,43.0,25
2024-06-21 14:37:52.381,43.05,125
2024-06-21 14:37:52.739,43.5,25
2024-06-21 14:37:53.746,43.55,25
2024-06-21 14:37:54.703,43.55,50
2024-06-21 14:37:55.500,43.5,25
2024-06-21 14:37:56.340,43.7,25
2024-06-21 14:37:56.506,43.65,100
2024-06-21 14:37:57.232,43.65,25
2024-06-21 14:37:57.378,43.6,25
2024-06-21 14:37:58.186,43.6,25
2024-06-21 14:37:58.186,43.6,25
2024-06-21 14:37:59.506,43.85,50
2024-06-21 14:37:59.754,43.75,25
2024-06-21 14:38:00.516,43.85,75
2024-06-21 14:38:01.175,43.7,75
2024-06-21 14:38:01.730,44.0,25
2024-06-21 14:38:01.813,43.95,25
2024-06-21 14:38:02.242,44.0,125
2024-06-21 14:38:02.469,43.85,50
2024-06-21 14:38:03.370,43.65,100
2024-06-21 14:38:03.370,43.65,100
2024-06-21 14:38:04.514,44.2,25
2024-06-21 14:38:04.726,44.1,75
2024-06-21 14:38:05.371,44.2,25
2024-06-21 14:38:05.666,44.15,225
2024-06-21 14:38:06.501,44.2,725
2024-06-21 14:38:07.066,44.45,25
2024-06-21 14:38:07.673,44.3,200
2024-06-21 14:38:07.874,44.1,25
2024-06-21 14:38:08.487,44.2,100
2024-06-21 14:38:09.232,44.0,25
2024-06-21 14:38:09.342,43.95,125
2024-06-21 14:38:10.178,44.0,50
2024-06-21 14:38:10.514,44.0,25
2024-06-21 14:38:11.207,43.9,25
2024-06-21 14:38:11.485,43.9,50
2024-06-21 14:38:12.324,43.35,25
2024-06-21 14:38:12.881,43.8,25
2024-06-21 14:38:13.534,43.55,125
2024-06-21 14:38:14.110,43.5,50
2024-06-21 14:38:14.731,43.4,475
2024-06-21 14:38:15.320,43.35,25
2024-06-21 14:38:15.535,43.0,25
2024-06-21 14:38:16.517,42.45,25
2024-06-21 14:38:16.814,42.9,25
2024-06-21 14:38:17.466,43.25,25
2024-06-21 14:38:18.121,43.2,50
2024-06-21 14:38:18.372,43.2,375
2024-06-21 14:38:19.167,43.0,50
2024-06-21 14:38:19.437,43.15,250
2024-06-21 14:38:20.314,43.05,25
2024-06-21 14:38:20.426,43.35,50
2024-06-21 14:38:21.360,43.5,50
2024-06-21 14:38:21.545,43.65,75
2024-06-21 14:38:22.223,43.55,75
2024-06-21 14:38:22.223,43.55,75
2024-06-21 14:38:23.808,44.5,25
2024-06-21 14:38:24.461,44.5,50
2024-06-21 14:38:25.380,44.3,25
2024-06-21 14:38:25.561,44.5,25
2024-06-21 14:38:26.415,44.55,50
2024-06-21 14:38:26.636,44.4,25
2024-06-21 14:38:27.246,44.5,900
2024-06-21 14:38:27.480,44.6,325
2024-06-21 14:38:27.718,44.5,25
2024-06-21 14:38:28.429,44.7,150
2024-06-21 14:38:28.782,44.4,100
2024-06-21 14:38:29.529,44.45,25
2024-06-21 14:38:29.913,44.35,25
2024-06-21 14:38:30.535,44.55,25
2024-06-21 14:38:30.964,44.6,25
2024-06-21 14:38:31.546,44.5,25
2024-06-21 14:38:31.779,44.65,25
2024-06-21 14:38:32.214,43.9,25
2024-06-21 14:38:32.246,43.9,150
2024-06-21 14:38:33.007,44.0,250
2024-06-21 14:38:33.007,44.0,250
2024-06-21 14:38:34.605,43.75,25
2024-06-21 14:38:35.728,43.6,50
2024-06-21 14:38:36.141,43.5,50
2024-06-21 14:38:36.821,43.75,25
2024-06-21 14:38:37.415,43.7,50
2024-06-21 14:38:37.657,43.55,50
2024-06-21 14:38:38.550,43.7,25
2024-06-21 14:38:39.176,43.95,25
2024-06-21 14:38:39.481,43.95,100
2024-06-21 14:38:40.414,44.05,150
2024-06-21 14:38:40.588,44.0,25
2024-06-21 14:38:41.334,43.9,50
2024-06-21 14:38:41.524,43.85,25
2024-06-21 14:38:42.269,43.85,25
2024-06-21 14:38:42.638,43.7,175
2024-06-21 14:38:42.930,43.65,275
2024-06-21 14:38:42.965,43.75,75
2024-06-21 14:38:44.460,43.4,25
2024-06-21 14:38:45.184,43.55,25
2024-06-21 14:38:45.535,43.9,25
2024-06-21 14:38:46.219,43.9,225
2024-06-21 14:38:46.505,44.0,250
2024-06-21 14:38:47.263,44.25,75
2024-06-21 14:38:47.461,44.0,25
2024-06-21 14:38:48.434,44.2,125
2024-06-21 14:38:48.434,44.2,125
2024-06-21 14:38:49.704,43.95,25
2024-06-21 14:38:49.704,43.95,25
2024-06-21 14:38:50.552,44.0,75
2024-06-21 14:38:50.895,43.9,25
2024-06-21 14:38:51.373,43.95,25
2024-06-21 14:38:52.237,43.8,25
2024-06-21 14:38:52.433,43.75,25
2024-06-21 14:38:53.134,43.8,25
2024-06-21 14:38:53.417,43.55,25
2024-06-21 14:38:54.231,43.4,25
2024-06-21 14:38:54.557,43.35,100
2024-06-21 14:38:55.395,43.2,25
2024-06-21 14:38:55.465,43.35,250
2024-06-21 14:38:56.155,43.35,25
2024-06-21 14:38:56.625,43.55,25
2024-06-21 14:38:57.476,43.8,75
2024-06-21 14:38:58.324,43.65,25
2024-06-21 14:38:58.324,43.65,25
2024-06-21 14:38:59.386,43.8,150
2024-06-21 14:38:59.575,44.0,25
2024-06-21 14:39:00.519,44.05,100
2024-06-21 14:39:00.603,44.1,100
2024-06-21 14:39:01.561,44.15,100
2024-06-21 14:39:01.618,44.2,25
2024-06-21 14:39:02.045,44.2,50
2024-06-21 14:39:02.491,44.3,25
2024-06-21 14:39:03.211,44.55,25
2024-06-21 14:39:04.465,44.3,75
2024-06-21 14:39:04.510,44.25,25
2024-06-21 14:39:05.432,44.5,75
2024-06-21 14:39:05.539,44.45,325
2024-06-21 14:39:06.525,44.9,50
2024-06-21 14:39:06.834,44.95,25
2024-06-21 14:39:07.164,44.9,25
2024-06-21 14:39:08.429,45.5,50
2024-06-21 14:39:08.462,45.45,25
2024-06-21 14:39:09.453,45.55,25
2024-06-21 14:39:10.076,45.8,25
2024-06-21 14:39:10.526,45.6,50
2024-06-21 14:39:11.733,45.65,50
2024-06-21 14:39:12.280,45.65,25
2024-06-21 14:39:13.066,45.4,25
2024-06-21 14:39:13.066,45.4,25
2024-06-21 14:39:14.470,45.1,225
2024-06-21 14:39:14.541,45.15,50
2024-06-21 14:39:15.848,45.4,25
2024-06-21 14:39:16.454,45.85,375
2024-06-21 14:39:17.264,46.15,50
2024-06-21 14:39:17.264,46.15,50
2024-06-21 14:39:18.551,46.1,100
2024-06-21 14:39:19.776,45.8,25
2024-06-21 14:39:19.984,45.6,25
2024-06-21 14:39:20.436,45.4,25
2024-06-21 14:39:21.525,45.4,25
2024-06-21 14:39:22.356,45.4,25
2024-06-21 14:39:23.415,45.3,25
2024-06-21 14:39:23.677,45.1,50
2024-06-21 14:39:24.485,45.3,125
2024-06-21 14:39:24.898,45.25,125
2024-06-21 14:39:25.768,45.8,25
2024-06-21 14:39:25.973,45.75,325
2024-06-21 14:39:26.588,45.5,425
2024-06-21 14:39:27.462,45.5,25
2024-06-21 14:39:28.582,46.0,25
2024-06-21 14:39:28.591,46.0,25
2024-06-21 14:39:29.764,45.75,25
2024-06-21 14:39:30.243,45.75,50
2024-06-21 14:39:30.507,45.7,25
2024-06-21 14:39:31.565,45.45,25
2024-06-21 14:39:31.808,45.4,275
2024-06-21 14:39:32.337,45.3,25
2024-06-21 14:39:32.599,45.45,125
2024-06-21 14:39:33.115,45.5,200
2024-06-21 14:39:33.910,45.05,50
2024-06-21 14:39:34.585,45.0,175
2024-06-21 14:39:35.290,45.1,25
2024-06-21 14:39:35.584,45.2,25
2024-06-21 14:39:36.620,45.15,100
2024-06-21 14:39:37.457,45.2,275
2024-06-21 14:39:37.696,45.3,75
2024-06-21 14:39:38.769,45.7,25
2024-06-21 14:39:38.912,45.75,25
2024-06-21 14:39:39.493,45.8,25
2024-06-21 14:39:40.307,45.65,50
2024-06-21 14:39:40.560,45.5,275
2024-06-21 14:39:41.275,45.55,25
2024-06-21 14:39:41.569,45.55,25
2024-06-21 14:39:42.266,45.6,25
2024-06-21 14:39:42.266,45.6,25
2024-06-21 14:39:43.432,45.45,25
2024-06-21 14:39:43.673,45.35,225
2024-06-21 14:39:44.569,45.2,25
2024-06-21 14:39:44.885,45.35,25
2024-06-21 14:39:45.500,45.05,75
2024-06-21 14:39:45.838,45.1,125
2024-06-21 14:39:46.518,45.05,25
2024-06-21 14:39:47.083,45.1,25
2024-06-21 14:39:47.472,45.2,300
2024-06-21 14:39:47.914,45.1,75
2024-06-21 14:39:47.914,45.1,75
2024-06-21 14:39:49.476,45.05,25
2024-06-21 14:39:50.334,44.95,375
2024-06-21 14:39:50.728,45.0,475
2024-06-21 14:39:51.504,44.8,100
2024-06-21 14:39:51.857,44.8,1625
2024-06-21 14:39:52.891,44.6,25
2024-06-21 14:39:53.369,44.15,25
2024-06-21 14:39:54.316,44.5,175
2024-06-21 14:39:54.558,44.5,200
2024-06-21 14:39:55.572,44.75,50
2024-06-21 14:39:55.711,44.85,50
2024-06-21 14:39:56.601,45.25,25
2024-06-21 14:39:56.931,45.2,25
2024-06-21 14:39:57.450,45.0,25
2024-06-21 14:39:58.116,45.6,25
2024-06-21 14:39:58.472,45.65,50
2024-06-21 14:39:59.420,45.45,25
2024-06-21 14:40:00.503,45.4,200
2024-06-21 14:40:00.595,45.65,450
2024-06-21 14:40:01.635,45.4,25
2024-06-21 14:40:01.911,45.4,50
2024-06-21 14:40:02.500,45.45,25
2024-06-21 14:40:03.276,45.4,50
2024-06-21 14:40:03.276,45.4,50
2024-06-21 14:40:04.575,45.75,50
2024-06-21 14:40:05.799,46.0,100
2024-06-21 14:40:06.002,45.8,25
2024-06-21 14:40:06.417,45.9,50
2024-06-21 14:40:07.401,45.85,25
2024-06-21 14:40:08.583,45.5,25
2024-06-21 14:40:09.600,45.55,25
2024-06-21 14:40:09.739,45.65,25
2024-06-21 14:40:10.598,45.6,25
2024-06-21 14:40:11.200,45.65,175
2024-06-21 14:40:11.473,45.6,25
2024-06-21 14:40:12.270,45.7,50
2024-06-21 14:40:12.489,45.7,25
2024-06-21 14:40:13.532,45.8,25
2024-06-21 14:40:13.614,45.75,25
2024-06-21 14:40:14.613,45.8,100
2024-06-21 14:40:15.141,45.5,75
2024-06-21 14:40:15.419,45.65,75
2024-06-21 14:40:16.153,45.85,50
2024-06-21 14:40:16.619,45.45,25
2024-06-21 14:40:17.172,45.0,75
2024-06-21 14:40:17.629,44.85,25
2024-06-21 14:40:18.511,44.9,75
2024-06-21 14:40:18.511,44.9,75
2024-06-21 14:40:19.579,44.6,50
2024-06-21 14:40:19.937,44.95,25
2024-06-21 14:40:20.499,45.15,25
2024-06-21 14:40:21.379,44.95,25
2024-06-21 14:40:21.583,44.85,100
2024-06-21 14:40:22.245,45.1,25
2024-06-21 14:40:22.245,45.1,25
2024-06-21 14:40:23.349,44.8,50
2024-06-21 14:40:24.574,44.75,100
2024-06-21 14:40:24.755,44.7,125
2024-06-21 14:40:25.515,44.95,25
2024-06-21 14:40:25.515,44.95,25
2024-06-21 14:40:26.534,44.95,25
2024-06-21 14:40:27.194,45.05,25
2024-06-21 14:40:27.534,45.0,25
2024-06-21 14:40:28.166,45.3,25
2024-06-21 14:40:28.534,45.25,25
2024-06-21 14:40:29.303,45.25,50
2024-06-21 14:40:29.524,45.3,25
2024-06-21 14:40:30.536,45.05,50
2024-06-21 14:40:31.593,45.0,50
2024-06-21 14:40:31.593,45.0,50
2024-06-21 14:40:31.822,44.95,25
2024-06-21 14:40:32.267,44.8,75
2024-06-21 14:40:33.080,44.65,25
2024-06-21 14:40:33.567,44.55,25
2024-06-21 14:40:34.605,44.7,75
2024-06-21 14:40:34.761,44.8,25
2024-06-21 14:40:35.580,44.8,25
2024-06-21 14:40:36.542,44.75,200
2024-06-21 14:40:37.111,44.85,50
2024-06-21 14:40:37.990,44.8,325
2024-06-21 14:40:38.626,45.0,25
2024-06-21 14:40:39.511,44.95,25
2024-06-21 14:40:40.600,44.65,375
2024-06-21 14:40:41.123,44.75,25
2024-06-21 14:40:41.554,44.9,225
2024-06-21 14:40:42.290,45.0,25
2024-06-21 14:40:42.758,44.9,100
2024-06-21 14:40:43.622,44.85,75
2024-06-21 14:40:43.850,44.6,25
2024-06-21 14:40:44.633,44.65,25
2024-06-21 14:40:45.390,44.6,25
2024-06-21 14:40:45.568,44.7,50
2024-06-21 14:40:46.600,44.8,50
2024-06-21 14:40:46.600,44.8,50
2024-06-21 14:40:47.492,45.55,125
2024-06-21 14:40:48.818,45.15,125
2024-06-21 14:40:49.177,45.2,50
2024-06-21 14:40:49.557,45.35,25
2024-06-21 14:40:50.357,45.75,25
2024-06-21 14:40:50.605,45.7,75
2024-06-21 14:40:51.602,45.6,25
2024-06-21 14:40:52.511,45.55,25
2024-06-21 14:40:52.511,45.55,25
2024-06-21 14:40:53.445,45.35,100
2024-06-21 14:40:53.764,45.3,25
2024-06-21 14:40:54.760,45.2,75
2024-06-21 14:40:54.984,45.15,25
2024-06-21 14:40:55.588,45.2,25
2024-06-21 14:40:56.028,45.0,50
2024-06-21 14:40:56.208,45.0,25
2024-06-21 14:40:57.174,45.05,100
2024-06-21 14:40:57.429,44.95,250
2024-06-21 14:40:58.157,44.95,25
2024-06-21 14:40:58.493,45.1,25
2024-06-21 14:40:59.165,45.25,100
2024-06-21 14:40:59.165,45.25,100
2024-06-21 14:41:00.622,45.4,25
2024-06-21 14:41:00.622,45.4,25
2024-06-21 14:41:01.629,45.3,25
2024-06-21 14:41:01.811,45.55,75
2024-06-21 14:41:02.240,45.9,75
2024-06-21 14:41:02.457,45.85,25
2024-06-21 14:41:03.506,45.8,25
2024-06-21 14:41:04.768,45.6,25
2024-06-21 14:41:05.614,46.0,50
2024-06-21 14:41:06.215,46.15,50
2024-06-21 14:41:06.569,46.2,75
2024-06-21 14:41:07.464,46.6,125
2024-06-21 14:41:08.320,46.55,25
2024-06-21 14:41:09.234,46.35,600
2024-06-21 14:41:09.688,46.45,25
2024-06-21 14:41:10.630,46.25,50
2024-06-21 14:41:11.575,46.2,25
2024-06-21 14:41:11.749,46.25,25
2024-06-21 14:41:12.380,46.25,50
2024-06-21 14:41:13.227,46.25,25
2024-06-21 14:41:13.806,46.0,50
2024-06-21 14:41:14.230,46.3,25
2024-06-21 14:41:14.621,46.5,25
2024-06-21 14:41:15.466,46.5,150
2024-06-21 14:41:16.593,46.7,200
2024-06-21 14:41:16.837,46.65,50
2024-06-21 14:41:17.227,46.55,50
2024-06-21 14:41:17.900,46.7,25
2024-06-21 14:41:18.590,46.85,50
2024-06-21 14:41:19.448,46.6,25
2024-06-21 14:41:19.842,46.6,25
2024-06-21 14:41:20.394,46.55,100
2024-06-21 14:41:20.584,46.5,25
2024-06-21 14:41:21.674,46.45,100
2024-06-21 14:41:22.488,46.45,50
2024-06-21 14:41:23.544,46.55,325
2024-06-21 14:41:23.941,46.65,25
2024-06-21 14:41:24.644,46.65,25
2024-06-21 14:41:25.221,46.8,25
2024-06-21 14:41:25.626,46.85,25
2024-06-21 14:41:26.291,46.6,125
2024-06-21 14:41:26.354,46.7,25
2024-06-21 14:41:27.156,46.7,25
2024-06-21 14:41:27.558,46.65,25
2024-06-21 14:41:28.471,46.3,25
2024-06-21 14:41:28.524,46.25,75
2024-06-21 14:41:29.685,46.0,50
2024-06-21 14:41:29.868,46.15,25
2024-06-21 14:41:30.543,46.25,50
2024-06-21 14:41:31.290,45.9,50
2024-06-21 14:41:31.634,46.1,25
2024-06-21 14:41:31.815,46.0,25
2024-06-21 14:41:32.464,46.2,25
2024-06-21 14:41:32.464,46.2,25
2024-06-21 14:41:33.624,45.95,25
2024-06-21 14:41:34.616,45.95,25
2024-06-21 14:41:35.644,45.8,25
2024-06-21 14:41:36.049,45.75,25
2024-06-21 14:41:36.829,45.9,25
2024-06-21 14:41:37.216,46.05,25
2024-06-21 14:41:37.216,46.05,25
2024-06-21 14:41:38.150,45.7,25
2024-06-21 14:41:38.399,45.7,25
2024-06-21 14:41:39.456,45.75,25
2024-06-21 14:41:39.564,45.9,500
2024-06-21 14:41:40.285,46.0,25
2024-06-21 14:41:40.653,46.1,50
2024-06-21 14:41:41.597,46.35,25
2024-06-21 14:41:41.693,46.25,125
2024-06-21 14:41:42.391,46.5,25
2024-06-21 14:41:43.025,46.5,25
2024-06-21 14:41:43.578,46.35,25
2024-06-21 14:41:44.289,46.4,50
2024-06-21 14:41:44.672,46.55,25
2024-06-21 14:41:45.669,46.35,500
2024-06-21 14:41:46.640,46.25,25
2024-06-21 14:41:47.528,45.95,25
2024-06-21 14:41:47.528,45.95,25
2024-06-21 14:41:48.609,45.65,25
2024-06-21 14:41:48.773,45.7,25
2024-06-21 14:41:49.629,45.4,225
2024-06-21 14:41:50.119,45.45,25
2024-06-21 14:41:50.676,45.05,125
2024-06-21 14:41:51.071,45.2,50
2024-06-21 14:41:51.594,45.8,50
2024-06-21 14:41:52.089,45.8,225
2024-06-21 14:41:52.089,45.8,225
2024-06-21 14:41:53.610,45.6,25
2024-06-21 14:41:53.610,45.6,25
2024-06-21 14:41:54.712,45.7,150
2024-06-21 14:41:54.712,45.7,150
2024-06-21 14:41:55.715,45.9,25
2024-06-21 14:41:56.049,45.85,200
2024-06-21 14:41:56.393,45.85,25
2024-06-21 14:41:57.364,45.7,25
2024-06-21 14:41:57.364,45.7,25
2024-06-21 14:41:57.958,45.8,25
2024-06-21 14:41:57.958,45.8,25
2024-06-21 14:41:59.567,45.3,75
2024-06-21 14:41:59.567,45.3,75
2024-06-21 14:42:00.624,45.45,125
2024-06-21 14:42:00.896,45.3,125
2024-06-21 14:42:01.590,45.3,50
2024-06-21 14:42:01.793,45.35,100
2024-06-21 14:42:01.923,45.4,25
2024-06-21 14:42:02.543,45.05,175
2024-06-21 14:42:03.101,44.95,25
2024-06-21 14:42:03.577,44.95,300
2024-06-21 14:42:04.303,44.65,25
2024-06-21 14:42:04.647,44.5,50
2024-06-21 14:42:05.660,44.55,25
2024-06-21 14:42:06.474,44.45,25
2024-06-21 14:42:06.664,44.4,200
2024-06-21 14:42:07.476,44.2,50
2024-06-21 14:42:08.260,44.3,25
2024-06-21 14:42:08.851,44.15,25
2024-06-21 14:42:09.633,43.8,25
2024-06-21 14:42:09.735,43.95,25
2024-06-21 14:42:10.667,44.2,75
2024-06-21 14:42:11.580,44.65,25
2024-06-21 14:42:11.580,44.65,25
2024-06-21 14:42:12.217,44.7,25
2024-06-21 14:42:12.612,44.65,50
2024-06-21 14:42:13.584,44.55,25
2024-06-21 14:42:13.882,44.7,250
2024-06-21 14:42:14.377,44.7,25
2024-06-21 14:42:15.163,44.9,275
2024-06-21 14:42:15.627,44.85,25
2024-06-21 14:42:16.516,44.4,150
2024-06-21 14:42:16.551,44.45,25
2024-06-21 14:42:17.299,44.6,175
2024-06-21 14:42:18.681,44.4,50
2024-06-21 14:42:18.681,44.4,50
2024-06-21 14:42:19.067,44.5,25
2024-06-21 14:42:19.067,44.5,25
2024-06-21 14:42:20.428,44.6,50
2024-06-21 14:42:21.630,44.4,25
2024-06-21 14:42:21.758,44.35,75
2024-06-21 14:42:22.138,44.7,25
2024-06-21 14:42:22.138,44.7,25
2024-06-21 14:42:23.159,45.05,75
2024-06-21 14:42:23.377,45.0,75
2024-06-21 14:42:24.484,45.1,75
2024-06-21 14:42:24.484,45.1,75
2024-06-21 14:42:25.480,45.25,25
2024-06-21 14:42:26.470,45.25,25
2024-06-21 14:42:26.870,45.3,100
2024-06-21 14:42:27.767,45.1,50
2024-06-21 14:42:28.720,45.3,50
2024-06-21 14:42:29.663,45.35,25
2024-06-21 14:42:29.663,45.35,25
2024-06-21 14:42:30.388,45.55,200
2024-06-21 14:42:30.388,45.55,200
2024-06-21 14:42:31.563,45.7,25
2024-06-21 14:42:31.563,45.7,25
2024-06-21 14:42:31.979,45.85,25
2024-06-21 14:42:32.243,45.85,25
2024-06-21 14:42:33.344,45.9,25
2024-06-21 14:42:33.693,45.9,25
2024-06-21 14:42:34.544,45.8,25
2024-06-21 14:42:34.544,45.8,25
2024-06-21 14:42:35.519,45.6,25
2024-06-21 14:42:35.699,45.6,50
2024-06-21 14:42:36.642,45.7,25
2024-06-21 14:42:36.642,45.7,25
2024-06-21 14:42:37.460,45.7,25
2024-06-21 14:42:37.460,45.7,25
2024-06-21 14:42:38.516,45.6,25
2024-06-21 14:42:39.568,45.95,25
2024-06-21 14:42:39.783,46.0,75
2024-06-21 14:42:40.728,46.1,125
2024-06-21 14:42:41.326,46.25,25
2024-06-21 14:42:42.253,46.25,200
2024-06-21 14:42:42.826,46.1,25
2024-06-21 14:42:43.553,46.4,50
2024-06-21 14:42:43.606,46.25,25
2024-06-21 14:42:44.562,46.05,175
2024-06-21 14:42:45.490,46.15,25
2024-06-21 14:42:45.490,46.15,25
2024-06-21 14:42:46.698,46.15,25
2024-06-21 14:42:46.806,46.2,50
2024-06-21 14:42:47.513,46.4,50
2024-06-21 14:42:48.030,46.3,50
2024-06-21 14:42:48.624,46.35,25
2024-06-21 14:42:49.363,46.2,25
2024-06-21 14:42:49.659,46.15,25
2024-06-21 14:42:50.390,46.4,75
2024-06-21 14:42:50.658,46.2,375
2024-06-21 14:42:51.658,46.45,25
2024-06-21 14:42:52.508,46.5,25
2024-06-21 14:42:52.791,46.5,25
2024-06-21 14:42:53.789,46.4,25
2024-06-21 14:42:54.667,46.3,25
2024-06-21 14:42:55.204,46.2,25
2024-06-21 14:42:55.695,46.05,25
2024-06-21 14:42:56.083,46.05,25
2024-06-21 14:42:56.622,46.35,25
2024-06-21 14:42:57.266,46.4,25
2024-06-21 14:42:57.597,46.4,25
2024-06-21 14:42:58.564,46.3,100
2024-06-21 14:42:58.564,46.3,100
2024-06-21 14:42:59.806,46.85,25
2024-06-21 14:43:00.690,46.9,25
2024-06-21 14:43:01.414,46.75,25
2024-06-21 14:43:01.659,46.85,25
2024-06-21 14:43:01.773,46.85,25
2024-06-21 14:43:02.615,46.6,50
2024-06-21 14:43:03.542,46.75,25
2024-06-21 14:43:03.575,46.8,25
2024-06-21 14:43:04.664,46.55,75
2024-06-21 14:43:04.973,46.65,250
2024-06-21 14:43:05.905,47.1,25
2024-06-21 14:43:06.426,47.0,25
2024-06-21 14:43:06.652,47.3,25
2024-06-21 14:43:07.239,47.4,100
2024-06-21 14:43:07.985,47.05,75
2024-06-21 14:43:08.464,46.9,75
2024-06-21 14:43:09.429,47.25,25
2024-06-21 14:43:09.891,47.3,25
2024-06-21 14:43:10.702,47.2,75
2024-06-21 14:43:11.738,47.2,100
2024-06-21 14:43:12.406,46.75,25
2024-06-21 14:43:12.830,47.0,50
2024-06-21 14:43:13.466,46.7,25
2024-06-21 14:43:14.319,46.75,25
2024-06-21 14:43:14.668,46.8,100
2024-06-21 14:43:15.429,46.85,25
2024-06-21 14:43:15.901,46.65,50
2024-06-21 14:43:16.552,46.65,50
2024-06-21 14:43:16.768,46.75,25
2024-06-21 14:43:17.700,46.65,50
2024-06-21 14:43:17.700,46.65,50
2024-06-21 14:43:18.634,46.85,50
2024-06-21 14:43:19.038,46.95,25
2024-06-21 14:43:19.337,46.8,300
2024-06-21 14:43:19.989,46.7,25
2024-06-21 14:43:20.726,47.05,25
2024-06-21 14:43:21.373,47.1,200
2024-06-21 14:43:21.902,47.05,25
2024-06-21 14:43:22.138,47.05,100
2024-06-21 14:43:22.697,47.0,100
2024-06-21 14:43:22.728,46.85,200
2024-06-21 14:43:23.184,47.45,50
2024-06-21 14:43:24.585,47.2,25
2024-06-21 14:43:24.782,47.1,25
2024-06-21 14:43:25.721,47.1,25
2024-06-21 14:43:25.828,46.95,350
2024-06-21 14:43:26.583,46.9,25
2024-06-21 14:43:26.834,47.1,25
2024-06-21 14:43:27.461,47.15,25
2024-06-21 14:43:27.765,47.15,100
2024-06-21 14:43:28.752,47.05,25
2024-06-21 14:43:29.259,46.9,25
2024-06-21 14:43:29.735,46.75,200
2024-06-21 14:43:30.578,46.95,25
2024-06-21 14:43:31.607,47.4,25
2024-06-21 14:43:31.821,47.25,25
2024-06-21 14:43:32.495,47.65,50
2024-06-21 14:43:32.729,47.6,25
2024-06-21 14:43:33.702,47.35,25
2024-06-21 14:43:34.183,47.2,25
2024-06-21 14:43:34.612,47.25,25
2024-06-21 14:43:35.141,47.1,25
2024-06-21 14:43:35.141,47.1,25
2024-06-21 14:43:36.705,47.2,50
2024-06-21 14:43:37.265,47.0,25
2024-06-21 14:43:37.265,47.0,25
2024-06-21 14:43:38.469,46.95,25
2024-06-21 14:43:38.853,46.7,25
2024-06-21 14:43:39.863,46.9,75
2024-06-21 14:43:40.439,47.05,25
2024-06-21 14:43:40.713,46.75,25
2024-06-21 14:43:41.187,46.95,25
2024-06-21 14:43:41.727,46.85,25
2024-06-21 14:43:42.313,46.65,25
2024-06-21 14:43:42.313,46.65,25
2024-06-21 14:43:43.591,46.5,400
2024-06-21 14:43:44.743,46.25,100
2024-06-21 14:43:44.743,46.25,100
2024-06-21 14:43:45.841,46.4,250
2024-06-21 14:43:46.731,46.4,125
2024-06-21 14:43:47.114,46.2,25
2024-06-21 14:43:47.645,46.1,100
2024-06-21 14:43:48.304,46.0,25
2024-06-21 14:43:48.534,45.8,150
2024-06-21 14:43:49.729,45.9,325
2024-06-21 14:43:50.473,46.0,25
2024-06-21 14:43:50.473,46.0,25
2024-06-21 14:43:51.678,46.15,75
2024-06-21 14:43:51.678,46.15,75
2024-06-21 14:43:52.051,46.25,25
2024-06-21 14:43:52.697,46.45,25
2024-06-21 14:43:53.448,46.8,25
2024-06-21 14:43:53.545,46.55,25
2024-06-21 14:43:54.126,46.65,50
2024-06-21 14:43:54.702,46.7,25
2024-06-21 14:43:55.491,46.7,25
2024-06-21 14:43:56.627,46.75,125
2024-06-21 14:43:57.659,46.95,25
2024-06-21 14:43:57.659,46.95,25
2024-06-21 14:43:58.573,46.95,200
2024-06-21 14:43:58.902,47.25,25
2024-06-21 14:43:59.711,46.8,25
2024-06-21 14:44:00.055,46.8,25
2024-06-21 14:44:00.490,46.9,25
2024-06-21 14:44:01.255,46.9,25
2024-06-21 14:44:01.475,46.75,50
2024-06-21 14:44:01.475,46.75,50
2024-06-21 14:44:02.751,46.65,200
2024-06-21 14:44:03.555,46.65,25
2024-06-21 14:44:03.901,46.8,50
2024-06-21 14:44:04.605,46.65,25
2024-06-21 14:44:04.900,46.65,25
2024-06-21 14:44:05.279,46.4,25
2024-06-21 14:44:05.809,46.5,150
2024-06-21 14:44:06.672,46.4,150
2024-06-21 14:44:07.001,46.5,25
2024-06-21 14:44:07.731,46.45,50
2024-06-21 14:44:08.184,46.55,25
2024-06-21 14:44:08.860,46.65,25
2024-06-21 14:44:09.514,46.85,25
2024-06-21 14:44:09.751,46.95,25
2024-06-21 14:44:10.441,47.05,200
2024-06-21 14:44:10.672,47.0,25
2024-06-21 14:44:11.747,46.85,25
2024-06-21 14:44:12.549,46.75,25
2024-06-21 14:44:12.549,46.75,25
2024-06-21 14:44:13.672,46.85,200
2024-06-21 14:44:13.941,46.8,25
2024-06-21 14:44:14.664,46.95,25
2024-06-21 14:44:15.051,46.75,50
2024-06-21 14:44:15.669,46.65,50
2024-06-21 14:44:15.808,46.8,25
2024-06-21 14:44:16.189,46.65,150
2024-06-21 14:44:17.259,46.6,25
2024-06-21 14:44:17.554,46.65,75
2024-06-21 14:44:18.399,46.7,100
2024-06-21 14:44:18.751,46.75,25
2024-06-21 14:44:19.751,46.65,75
2024-06-21 14:44:20.751,46.95,400
2024-06-21 14:44:21.675,47.05,25
2024-06-21 14:44:21.854,47.1,50
2024-06-21 14:44:22.425,47.1,25
2024-06-21 14:44:22.425,47.1,25
2024-06-21 14:44:23.570,47.0,50
2024-06-21 14:44:24.083,47.1,25
2024-06-21 14:44:24.418,46.85,25
2024-06-21 14:44:25.188,46.9,50
2024-06-21 14:44:25.584,46.9,25
2024-06-21 14:44:26.520,46.65,25
2024-06-21 14:44:26.662,46.85,25
2024-06-21 14:44:27.642,46.7,100
2024-06-21 14:44:28.734,47.05,100
2024-06-21 14:44:29.735,46.9,25
2024-06-21 14:44:29.889,47.0,50
2024-06-21 14:44:30.692,46.95,25
2024-06-21 14:44:31.477,46.65,25
2024-06-21 14:44:31.729,46.65,25
2024-06-21 14:44:31.729,46.65,25
2024-06-21 14:44:32.693,46.6,50
2024-06-21 14:44:33.749,46.35,50
2024-06-21 14:44:33.830,46.25,75
2024-06-21 14:44:34.708,45.95,50
2024-06-21 14:44:34.954,46.05,25
2024-06-21 14:44:35.709,46.15,25
2024-06-21 14:44:35.914,46.4,25
2024-06-21 14:44:36.486,46.5,100
2024-06-21 14:44:37.113,46.45,25
2024-06-21 14:44:37.635,46.3,25
2024-06-21 14:44:38.584,46.65,50
2024-06-21 14:44:38.978,46.5,25
2024-06-21 14:44:39.705,46.3,75
2024-06-21 14:44:39.895,46.3,25
2024-06-21 14:44:40.605,46.3,25
2024-06-21 14:44:41.683,46.3,75
2024-06-21 14:44:41.909,46.3,25
2024-06-21 14:44:41.978,46.2,50
2024-06-21 14:44:42.607,46.15,100
2024-06-21 14:44:43.116,46.15,50
2024-06-21 14:44:43.763,46.1,175
2024-06-21 14:44:44.581,46.2,50
2024-06-21 14:44:44.581,46.2,50
2024-06-21 14:44:45.476,46.0,75
2024-06-21 14:44:45.724,46.0,25
2024-06-21 14:44:46.289,45.95,75
2024-06-21 14:44:47.600,46.1,100
2024-06-21 14:44:48.493,46.05,50
2024-06-21 14:44:48.848,45.9,25
2024-06-21 14:44:49.791,45.95,25
2024-06-21 14:44:49.884,45.95,150
2024-06-21 14:44:50.741,45.5,25
2024-06-21 14:44:50.809,45.55,25
2024-06-21 14:44:51.769,45.6,25
2024-06-21 14:44:51.927,45.45,325
2024-06-21 14:44:52.433,45.5,150
2024-06-21 14:44:52.433,45.5,150
2024-06-21 14:44:53.697,44.9,25
2024-06-21 14:44:54.565,45.3,50
2024-06-21 14:44:54.735,45.45,25
2024-06-21 14:44:55.414,45.25,25
2024-06-21 14:44:55.749,45.8,50
2024-06-21 14:44:56.741,45.9,175
2024-06-21 14:44:57.692,45.75,25
2024-06-21 14:44:57.692,45.75,25
2024-06-21 14:44:58.493,45.75,50
2024-06-21 14:44:59.766,45.7,25
2024-06-21 14:44:59.926,45.7,25
2024-06-21 14:45:00.586,45.8,325
2024-06-21 14:45:01.452,46.05,25
2024-06-21 14:45:01.824,46.15,25
2024-06-21 14:45:01.824,46.15,25
2024-06-21 14:45:02.540,46.3,225
2024-06-21 14:45:03.767,46.6,50
2024-06-21 14:45:04.764,46.8,25
2024-06-21 14:45:04.895,46.8,200
2024-06-21 14:45:05.792,46.7,50
2024-06-21 14:45:05.792,46.7,50
2024-06-21 14:45:06.778,46.75,25
2024-06-21 14:45:07.209,46.65,150
2024-06-21 14:45:07.725,46.7,350
2024-06-21 14:45:08.042,46.55,25
2024-06-21 14:45:08.722,46.3,25
2024-06-21 14:45:09.028,46.4,25
2024-06-21 14:45:09.415,46.4,25
2024-06-21 14:45:10.601,46.55,25
2024-06-21 14:45:10.754,46.55,25
2024-06-21 14:45:11.594,46.6,25
2024-06-21 14:45:11.738,46.55,50
2024-06-21 14:45:12.367,46.55,25
2024-06-21 14:45:13.142,46.55,25
2024-06-21 14:45:13.786,46.1,250
2024-06-21 14:45:14.406,46.1,250
2024-06-21 14:45:14.426,46.15,25
2024-06-21 14:45:15.304,46.2,25
2024-06-21 14:45:15.567,46.3,50
2024-06-21 14:45:16.594,46.35,200
2024-06-21 14:45:16.771,46.35,50
2024-06-21 14:45:17.284,46.25,150
2024-06-21 14:45:17.284,46.25,150
2024-06-21 14:45:18.802,46.6,100
2024-06-21 14:45:19.782,46.65,25
2024-06-21 14:45:19.909,46.65,25
2024-06-21 14:45:20.906,46.5,75
2024-06-21 14:45:21.166,46.55,25
2024-06-21 14:45:21.688,46.6,25
2024-06-21 14:45:22.271,46.5,25
2024-06-21 14:45:22.670,46.55,25
2024-06-21 14:45:23.416,46.5,50
2024-06-21 14:45:23.730,46.7,125
2024-06-21 14:45:24.572,46.65,25
2024-06-21 14:45:25.553,46.8,50
2024-06-21 14:45:25.553,46.8,50
2024-06-21 14:45:26.765,47.1,25
2024-06-21 14:45:27.031,47.3,225
2024-06-21 14:45:27.901,47.25,175
2024-06-21 14:45:28.425,47.3,50
2024-06-21 14:45:28.771,47.05,100
2024-06-21 14:45:29.342,47.0,25
2024-06-21 14:45:29.342,47.0,25
2024-06-21 14:45:30.400,46.85,25
2024-06-21 14:45:30.703,46.8,25
2024-06-21 14:45:31.496,46.9,25
2024-06-21 14:45:31.759,46.8,25
2024-06-21 14:45:32.123,46.85,25
2024-06-21 14:45:32.624,46.85,25
2024-06-21 14:45:33.790,46.6,50
2024-06-21 14:45:33.978,46.75,25
2024-06-21 14:45:34.494,46.75,200
2024-06-21 14:45:34.919,46.75,75
2024-06-21 14:45:35.972,47.1,50
2024-06-21 14:45:36.153,47.0,25
2024-06-21 14:45:36.593,47.15,50
2024-06-21 14:45:37.149,47.05,25
2024-06-21 14:45:37.440,47.15,25
2024-06-21 14:45:38.393,47.45,50
2024-06-21 14:45:38.628,47.45,25
2024-06-21 14:45:39.835,47.75,50
2024-06-21 14:45:40.734,47.6,25
2024-06-21 14:45:41.204,47.6,25
2024-06-21 14:45:41.762,47.6,50
2024-06-21 14:45:42.165,47.9,25
2024-06-21 14:45:42.983,47.95,75
2024-06-21 14:45:43.643,47.85,75
2024-06-21 14:45:43.643,47.85,75
2024-06-21 14:45:44.771,48.25,50
2024-06-21 14:45:44.812,48.15,25
2024-06-21 14:45:46.008,48.55,25
2024-06-21 14:45:46.203,48.5,50
2024-06-21 14:45:46.796,48.5,250
2024-06-21 14:45:47.496,48.65,75
2024-06-21 14:45:47.496,48.65,75
2024-06-21 14:45:48.833,48.25,325
2024-06-21 14:45:49.845,48.3,175
2024-06-21 14:45:50.765,48.3,25
2024-06-21 14:45:50.996,48.5,25
2024-06-21 14:45:51.746,48.45,75
2024-06-21 14:45:51.991,48.4,25
2024-06-21 14:45:52.708,48.25,25
2024-06-21 14:45:53.043,48.0,50
2024-06-21 14:45:53.712,47.95,25
2024-06-21 14:45:54.392,47.95,150
2024-06-21 14:45:54.660,48.15,25
2024-06-21 14:45:55.440,48.0,25
2024-06-21 14:45:55.804,48.1,25
2024-06-21 14:45:56.470,48.2,25
2024-06-21 14:45:56.804,48.1,25
2024-06-21 14:45:57.526,48.05,25
2024-06-21 14:45:57.526,48.05,25
2024-06-21 14:45:58.827,48.3,25
2024-06-21 14:45:59.008,48.15,50
2024-06-21 14:45:59.757,48.1,100
2024-06-21 14:45:59.845,48.0,25
2024-06-21 14:46:00.797,49.2,25
2024-06-21 14:46:01.646,49.15,275
2024-06-21 14:46:01.815,49.25,25
2024-06-21 14:46:02.897,49.45,100
2024-06-21 14:46:03.806,49.45,25
2024-06-21 14:46:03.920,49.4,25
2024-06-21 14:46:04.776,49.05,50
2024-06-21 14:46:05.088,49.15,25
2024-06-21 14:46:05.727,49.55,50
2024-06-21 14:46:06.463,49.5,200
2024-06-21 14:46:06.795,49.6,100
2024-06-21 14:46:07.899,50.25,25
2024-06-21 14:46:07.910,50.4,25
2024-06-21 14:46:08.758,50.0,25
2024-06-21 14:46:09.099,50.0,25
2024-06-21 14:46:09.802,50.05,25
2024-06-21 14:46:10.440,50.1,100
2024-06-21 14:46:10.765,49.9,125
2024-06-21 14:46:11.485,50.05,75
2024-06-21 14:46:12.005,49.85,25
2024-06-21 14:46:12.699,50.15,25
2024-06-21 14:46:12.699,50.15,25
2024-06-21 14:46:13.723,50.1,25
2024-06-21 14:46:14.772,50.5,25
2024-06-21 14:46:15.085,50.25,200
2024-06-21 14:46:15.822,50.15,25
2024-06-21 14:46:16.242,50.15,25
2024-06-21 14:46:16.753,50.1,25
2024-06-21 14:46:17.491,50.05,175
2024-06-21 14:46:17.946,49.85,25
2024-06-21 14:46:18.737,49.6,75
2024-06-21 14:46:18.737,49.6,75
2024-06-21 14:46:19.725,49.7,25
2024-06-21 14:46:20.109,49.75,150
2024-06-21 14:46:20.744,49.8,175
2024-06-21 14:46:21.304,49.35,25
2024-06-21 14:46:21.735,49.05,25
2024-06-21 14:46:22.588,49.5,25
2024-06-21 14:46:23.755,49.65,75
2024-06-21 14:46:23.857,49.85,25
2024-06-21 14:46:24.763,49.75,25
2024-06-21 14:46:25.692,50.0,50
2024-06-21 14:46:26.121,50.0,50
2024-06-21 14:46:26.744,50.1,175
2024-06-21 14:46:27.246,49.9,25
2024-06-21 14:46:27.680,49.9,25
2024-06-21 14:46:28.291,49.95,100
2024-06-21 14:46:28.814,49.95,100
2024-06-21 14:46:29.790,50.1,25
2024-06-21 14:46:30.690,49.7,25
2024-06-21 14:46:30.794,49.8,25
2024-06-21 14:46:31.916,49.6,25
2024-06-21 14:46:32.698,49.3,25
2024-06-21 14:46:33.821,48.55,50
2024-06-21 14:46:34.475,48.3,25
2024-06-21 14:46:34.934,48.45,100
2024-06-21 14:46:35.785,48.55,25
2024-06-21 14:46:36.131,48.5,25
2024-06-21 14:46:36.649,48.45,75
2024-06-21 14:46:36.909,48.6,25
2024-06-21 14:46:37.685,48.65,25
2024-06-21 14:46:38.083,48.35,50
2024-06-21 14:46:38.499,48.4,25
2024-06-21 14:46:39.080,48.6,25
2024-06-21 14:46:39.805,48.55,25
2024-06-21 14:46:40.049,48.3,250
2024-06-21 14:46:40.834,48.0,175
2024-06-21 14:46:41.531,48.2,50
2024-06-21 14:46:41.848,48.0,25
2024-06-21 14:46:42.145,47.8,25
2024-06-21 14:46:42.816,47.75,25
2024-06-21 14:46:43.744,47.95,25
2024-06-21 14:46:43.815,47.9,75
2024-06-21 14:46:44.651,48.2,50
2024-06-21 14:46:44.827,48.3,100
2024-06-21 14:46:45.854,48.35,25
2024-06-21 14:46:45.928,48.5,25
2024-06-21 14:46:46.320,48.55,25
2024-06-21 14:46:46.885,48.3,50
2024-06-21 14:46:47.662,48.35,25
2024-06-21 14:46:47.842,48.45,500
2024-06-21 14:46:48.828,48.2,50
2024-06-21 14:46:49.014,48.15,275
2024-06-21 14:46:49.631,48.2,25
2024-06-21 14:46:49.631,48.2,25
2024-06-21 14:46:50.753,48.25,175
2024-06-21 14:46:50.753,48.25,175
2024-06-21 14:46:51.838,48.55,25
2024-06-21 14:46:52.683,48.45,25
2024-06-21 14:46:52.683,48.45,25
2024-06-21 14:46:53.830,48.45,25
2024-06-21 14:46:54.767,48.55,275
2024-06-21 14:46:54.767,48.55,275
2024-06-21 14:46:55.540,48.45,25
2024-06-21 14:46:56.155,48.4,25
2024-06-21 14:46:56.549,49.25,25
2024-06-21 14:46:56.827,49.1,75
2024-06-21 14:46:57.702,49.3,25
2024-06-21 14:46:57.702,49.3,25
2024-06-21 14:46:58.736,49.25,75
2024-06-21 14:46:58.963,49.15,25
2024-06-21 14:46:59.767,49.05,25
2024-06-21 14:47:00.569,49.4,25
2024-06-21 14:47:00.801,49.5,225
2024-06-21 14:47:01.811,49.95,25
2024-06-21 14:47:01.811,49.95,25
2024-06-21 14:47:02.462,49.65,25
2024-06-21 14:47:02.814,49.6,325
2024-06-21 14:47:03.589,49.6,50
2024-06-21 14:47:04.004,49.5,25
2024-06-21 14:47:04.857,49.6,25
2024-06-21 14:47:04.899,49.6,25
2024-06-21 14:47:05.710,49.5,25
2024-06-21 14:47:06.175,49.35,25
2024-06-21 14:47:06.899,48.9,50
2024-06-21 14:47:07.444,49.15,100
2024-06-21 14:47:07.730,49.25,25
2024-06-21 14:47:08.390,49.1,25
2024-06-21 14:47:08.818,49.2,75
2024-06-21 14:47:09.528,49.1,25
2024-06-21 14:47:09.733,49.2,25
2024-06-21 14:47:10.558,49.45,50
2024-06-21 14:47:10.837,49.45,25
2024-06-21 14:47:11.606,49.45,25
2024-06-21 14:47:11.845,49.55,25
2024-06-21 14:47:12.764,49.3,325
2024-06-21 14:47:12.955,49.15,25
2024-06-21 14:47:13.792,49.8,75
2024-06-21 14:47:14.191,49.7,25
2024-06-21 14:47:14.843,49.55,25
2024-06-21 14:47:15.861,49.7,50
2024-06-21 14:47:16.559,49.5,50
2024-06-21 14:47:16.909,49.55,25
2024-06-21 14:47:17.534,49.4,125
2024-06-21 14:47:17.534,49.4,125
2024-06-21 14:47:18.821,49.5,75
2024-06-21 14:47:19.996,48.7,25
2024-06-21 14:47:20.728,48.9,25
2024-06-21 14:47:21.160,48.5,25
2024-06-21 14:47:21.525,48.55,50
2024-06-21 14:47:22.123,48.85,50
2024-06-21 14:47:22.485,48.9,25
2024-06-21 14:47:23.204,48.95,100
2024-06-21 14:47:23.309,48.8,75
2024-06-21 14:47:24.199,48.9,125
2024-06-21 14:47:24.394,48.95,75
2024-06-21 14:47:24.645,48.9,25
2024-06-21 14:47:25.505,49.15,50
2024-06-21 14:47:25.797,49.2,375
2024-06-21 14:47:26.812,49.55,25
2024-06-21 14:47:26.812,49.55,25
2024-06-21 14:47:27.495,49.45,250
2024-06-21 14:47:28.815,49.3,100
2024-06-21 14:47:29.732,49.2,25
2024-06-21 14:47:29.732,49.2,25
2024-06-21 14:47:30.844,49.0,200
2024-06-21 14:47:30.935,48.95,25
2024-06-21 14:47:31.877,49.0,125
2024-06-21 14:47:31.877,49.0,125
2024-06-21 14:47:32.741,49.2,150
2024-06-21 14:47:33.183,49.2,50
2024-06-21 14:47:33.868,49.0,25
2024-06-21 14:47:34.209,49.0,200
2024-06-21 14:47:34.322,49.0,25
2024-06-21 14:47:34.759,49.0,25
2024-06-21 14:47:35.341,49.05,25
2024-06-21 14:47:35.769,49.1,25
2024-06-21 14:47:36.334,49.05,25
2024-06-21 14:47:36.863,48.9,25
2024-06-21 14:47:37.693,48.9,25
2024-06-21 14:47:37.875,48.75,25
2024-06-21 14:47:38.724,48.7,25
2024-06-21 14:47:38.724,48.7,25
2024-06-21 14:47:39.852,49.05,25
2024-06-21 14:47:40.078,48.8,250
2024-06-21 14:47:40.724,49.0,25
2024-06-21 14:47:41.026,49.2,25
2024-06-21 14:47:41.709,48.95,50
2024-06-21 14:47:42.178,49.2,125
2024-06-21 14:47:42.760,49.0,25
2024-06-21 14:47:42.949,48.95,25
2024-06-21 14:47:43.832,48.95,125
2024-06-21 14:47:44.734,48.95,200
2024-06-21 14:47:44.886,48.8,25
2024-06-21 14:47:45.603,48.7,25
2024-06-21 14:47:45.991,48.6,25
2024-06-21 14:47:46.855,48.05,125
2024-06-21 14:47:46.961,48.05,25
2024-06-21 14:47:47.712,48.2,25
2024-06-21 14:47:47.940,48.15,100
2024-06-21 14:47:48.721,48.25,25
2024-06-21 14:47:49.236,48.3,75
2024-06-21 14:47:49.886,48.4,400
2024-06-21 14:47:50.159,48.45,125
2024-06-21 14:47:50.842,48.3,25
2024-06-21 14:47:51.093,48.25,250
2024-06-21 14:47:51.670,47.9,25
2024-06-21 14:47:51.670,47.9,25
2024-06-21 14:47:52.468,48.15,150
2024-06-21 14:47:53.249,48.4,75
2024-06-21 14:47:53.863,48.4,75
2024-06-21 14:47:54.537,49.15,50
2024-06-21 14:47:54.984,49.1,350
2024-06-21 14:47:55.638,48.85,100
2024-06-21 14:47:55.638,48.85,100
2024-06-21 14:47:56.754,49.2,75
2024-06-21 14:47:56.754,49.2,75
2024-06-21 14:47:57.698,49.5,50
2024-06-21 14:47:58.319,49.45,25
2024-06-21 14:47:58.829,49.2,50
2024-06-21 14:47:59.862,49.1,25
2024-06-21 14:48:00.002,49.1,250
2024-06-21 14:48:00.861,49.2,200
2024-06-21 14:48:00.861,49.2,200
2024-06-21 14:48:01.833,49.0,25
2024-06-21 14:48:02.246,48.95,50
2024-06-21 14:48:02.870,48.95,75
2024-06-21 14:48:03.111,49.0,25
2024-06-21 14:48:03.685,48.7,25
2024-06-21 14:48:04.349,48.75,25
2024-06-21 14:48:04.645,48.7,25
2024-06-21 14:48:05.443,48.45,50
2024-06-21 14:48:05.788,48.5,200
2024-06-21 14:48:06.636,48.5,50
2024-06-21 14:48:06.867,48.55,50
2024-06-21 14:48:07.304,48.55,25
2024-06-21 14:48:07.737,48.55,25
2024-06-21 14:48:08.876,48.65,25
2024-06-21 14:48:09.645,48.45,50
2024-06-21 14:48:09.882,48.5,100
2024-06-21 14:48:10.832,49.0,25
2024-06-21 14:48:10.941,49.0,50
2024-06-21 14:48:11.701,49.15,25
2024-06-21 14:48:11.989,49.05,50
2024-06-21 14:48:12.726,49.3,50
2024-06-21 14:48:13.074,49.25,500
2024-06-21 14:48:13.825,49.5,25
2024-06-21 14:48:14.470,49.3,25
2024-06-21 14:48:14.828,49.2,75
2024-06-21 14:48:15.616,49.15,50
2024-06-21 14:48:15.616,49.15,50
2024-06-21 14:48:16.147,49.25,75
2024-06-21 14:48:17.850,49.0,25
2024-06-21 14:48:18.742,48.9,25
2024-06-21 14:48:19.857,48.9,525
2024-06-21 14:48:20.069,48.85,25
2024-06-21 14:48:20.499,48.9,25
2024-06-21 14:48:21.005,48.55,25
2024-06-21 14:48:21.676,48.45,25
2024-06-21 14:48:22.118,48.65,75
2024-06-21 14:48:22.389,48.8,25
2024-06-21 14:48:22.389,48.8,25
2024-06-21 14:48:24.275,49.0,25
2024-06-21 14:48:24.832,49.55,75
2024-06-21 14:48:25.069,49.4,25
2024-06-21 14:48:25.814,49.4,125
2024-06-21 14:48:25.814,49.4,125
2024-06-21 14:48:26.870,49.25,75
2024-06-21 14:48:27.216,49.5,50
2024-06-21 14:48:27.596,49.65,50
2024-06-21 14:48:28.303,49.45,75
2024-06-21 14:48:28.857,49.4,475
2024-06-21 14:48:29.431,49.2,250
2024-06-21 14:48:29.812,49.1,25
2024-06-21 14:48:30.919,48.95,25
2024-06-21 14:48:31.608,48.75,25
2024-06-21 14:48:32.009,48.9,50
2024-06-21 14:48:32.687,48.9,150
2024-06-21 14:48:33.812,49.0,125
2024-06-21 14:48:34.059,49.05,100
2024-06-21 14:48:34.761,49.1,100
2024-06-21 14:48:34.761,49.1,100
2024-06-21 14:48:35.652,48.95,100
2024-06-21 14:48:36.196,49.0,50
2024-06-21 14:48:36.851,48.75,25
2024-06-21 14:48:37.223,48.8,50
2024-06-21 14:48:37.776,48.5,25
2024-06-21 14:48:37.903,48.65,25
2024-06-21 14:48:38.884,48.45,125
2024-06-21 14:48:39.447,48.6,25
2024-06-21 14:48:39.790,48.45,25
2024-06-21 14:48:40.522,48.7,50
2024-06-21 14:48:40.913,48.55,50
2024-06-21 14:48:41.520,48.5,50
2024-06-21 14:48:41.893,48.65,275
2024-06-21 14:48:42.896,48.6,25
2024-06-21 14:48:43.919,48.85,50
2024-06-21 14:48:43.919,48.85,50
2024-06-21 14:48:44.910,49.0,50
2024-06-21 14:48:44.910,49.0,50
2024-06-21 14:48:45.784,48.8,25
2024-06-21 14:48:46.279,48.7,25
2024-06-21 14:48:46.279,48.7,25
2024-06-21 14:48:46.799,48.6,125
2024-06-21 14:48:47.436,48.7,25
2024-06-21 14:48:47.510,48.7,125
2024-06-21 14:48:48.724,48.3,325
2024-06-21 14:48:49.637,48.05,25
2024-06-21 14:48:50.297,48.25,25
2024-06-21 14:48:50.919,48.4,25
2024-06-21 14:48:51.322,48.7,25
2024-06-21 14:48:51.842,48.45,250
2024-06-21 14:48:52.374,48.55,25
2024-06-21 14:48:52.374,48.55,25
2024-06-21 14:48:53.461,48.35,25
2024-06-21 14:48:53.884,48.6,25
2024-06-21 14:48:54.601,48.4,200
2024-06-21 14:48:54.601,48.4,200
2024-06-21 14:48:55.361,48.6,25
2024-06-21 14:48:55.878,48.3,50
2024-06-21 14:48:56.960,48.3,25
2024-06-21 14:48:57.818,48.05,25
2024-06-21 14:48:57.818,48.05,25
2024-06-21 14:48:58.930,47.85,25
2024-06-21 14:48:59.330,47.95,50
2024-06-21 14:48:59.902,47.8,25
2024-06-21 14:49:00.240,47.85,25
2024-06-21 14:49:00.901,47.8,50
2024-06-21 14:49:01.632,47.75,75
2024-06-21 14:49:01.924,47.95,875
2024-06-21 14:49:02.676,48.0,25
2024-06-21 14:49:02.871,47.95,25
2024-06-21 14:49:03.863,48.1,25
2024-06-21 14:49:04.144,48.15,25
2024-06-21 14:49:04.716,47.95,300
2024-06-21 14:49:04.851,48.2,25
2024-06-21 14:49:05.626,48.0,25
2024-06-21 14:49:06.802,47.95,25
2024-06-21 14:49:07.759,48.1,50
2024-06-21 14:49:07.955,47.95,25
2024-06-21 14:49:08.642,48.0,25
2024-06-21 14:49:09.239,47.8,25
2024-06-21 14:49:09.916,47.65,25
2024-06-21 14:49:10.057,47.5,25
2024-06-21 14:49:10.550,47.8,25
2024-06-21 14:49:11.469,47.8,50
2024-06-21 14:49:11.909,47.75,50
2024-06-21 14:49:12.727,47.85,25
2024-06-21 14:49:13.071,47.9,150
2024-06-21 14:49:13.805,48.0,100
2024-06-21 14:49:14.497,47.85,25
2024-06-21 14:49:14.976,47.85,50
2024-06-21 14:49:15.793,47.65,75
2024-06-21 14:49:16.009,47.65,200
2024-06-21 14:49:16.895,46.95,125
2024-06-21 14:49:17.139,47.0,25
2024-06-21 14:49:17.703,47.25,50
2024-06-21 14:49:18.104,47.2,50
2024-06-21 14:49:18.919,46.6,25
2024-06-21 14:49:19.393,46.65,50
2024-06-21 14:49:19.898,46.85,75
2024-06-21 14:49:20.735,47.2,75
2024-06-21 14:49:20.897,47.05,75
2024-06-21 14:49:21.701,46.9,25
2024-06-21 14:49:21.934,46.95,25
2024-06-21 14:49:22.976,47.3,100
2024-06-21 14:49:23.909,47.25,100
2024-06-21 14:49:23.909,47.25,100
2024-06-21 14:49:24.747,47.4,25
2024-06-21 14:49:25.833,46.95,25
2024-06-21 14:49:26.088,46.95,25
2024-06-21 14:49:26.827,46.65,25
2024-06-21 14:49:27.204,46.65,25
2024-06-21 14:49:28.125,46.55,25
2024-06-21 14:49:28.125,46.55,25
2024-06-21 14:49:28.925,46.2,25
2024-06-21 14:49:29.219,46.1,100
2024-06-21 14:49:29.789,46.0,25
2024-06-21 14:49:30.429,46.2,25
2024-06-21 14:49:30.864,46.05,25
2024-06-21 14:49:31.374,46.35,25
2024-06-21 14:49:31.836,46.3,750
2024-06-21 14:49:31.836,46.3,750
2024-06-21 14:49:32.899,46.4,25
2024-06-21 14:49:33.898,46.55,25
2024-06-21 14:49:34.143,46.45,25
2024-06-21 14:49:34.859,46.15,25
2024-06-21 14:49:35.416,46.25,25
2024-06-21 14:49:35.923,45.95,50
2024-06-21 14:49:36.310,45.8,25
2024-06-21 14:49:36.877,45.85,25
2024-06-21 14:49:37.044,46.0,175
2024-06-21 14:49:37.740,45.55,25
2024-06-21 14:49:38.407,45.8,100
2024-06-21 14:49:38.939,45.65,50
2024-06-21 14:49:39.844,45.6,150
2024-06-21 14:49:39.844,45.6,150
2024-06-21 14:49:40.563,46.0,25
2024-06-21 14:49:40.563,46.0,25
2024-06-21 14:49:41.772,45.8,25
2024-06-21 14:49:42.236,45.75,100
2024-06-21 14:49:42.836,45.85,75
2024-06-21 14:49:43.074,45.8,25
2024-06-21 14:49:43.921,45.4,75
2024-06-21 14:49:44.632,45.1,25
2024-06-21 14:49:45.094,45.0,25
2024-06-21 14:49:45.860,45.3,150
2024-06-21 14:49:46.246,45.5,75
2024-06-21 14:49:46.945,45.5,400
2024-06-21 14:49:47.202,45.5,175
2024-06-21 14:49:47.612,45.55,25
2024-06-21 14:49:48.480,45.95,25
2024-06-21 14:49:48.937,45.95,75
2024-06-21 14:49:49.861,45.85,25
2024-06-21 14:49:49.861,45.85,25
2024-06-21 14:49:50.856,45.8,75
2024-06-21 14:49:51.208,45.85,25
2024-06-21 14:49:51.881,45.55,25
2024-06-21 14:49:52.197,45.45,25
2024-06-21 14:49:52.655,45.65,25
2024-06-21 14:49:53.251,45.7,25
2024-06-21 14:49:53.680,45.7,25
2024-06-21 14:49:54.396,45.75,25
2024-06-21 14:49:54.513,45.85,25
2024-06-21 14:49:55.137,45.2,75
2024-06-21 14:49:55.940,45.35,25
2024-06-21 14:49:56.220,45.35,25
2024-06-21 14:49:57.119,45.45,200
2024-06-21 14:49:57.477,45.2,25
2024-06-21 14:49:57.745,45.2,25
2024-06-21 14:49:58.627,45.25,25
2024-06-21 14:49:58.627,45.25,25
2024-06-21 14:49:59.872,46.15,25
2024-06-21 14:50:00.009,46.15,25
2024-06-21 14:50:00.912,45.8,25
2024-06-21 14:50:01.116,46.05,50
2024-06-21 14:50:01.812,46.1,25
2024-06-21 14:50:02.081,46.2,50
2024-06-21 14:50:02.382,46.3,250
2024-06-21 14:50:02.530,46.15,25
2024-06-21 14:50:03.432,46.4,25
2024-06-21 14:50:03.633,46.3,25
2024-06-21 14:50:04.806,46.3,25
2024-06-21 14:50:04.932,46.2,300
2024-06-21 14:50:05.907,46.45,75
2024-06-21 14:50:06.193,46.4,25
2024-06-21 14:50:06.703,46.35,25
2024-06-21 14:50:07.277,46.25,25
2024-06-21 14:50:07.730,46.15,100
2024-06-21 14:50:08.203,46.1,25
2024-06-21 14:50:08.715,45.9,200
2024-06-21 14:50:09.418,46.0,50
2024-06-21 14:50:09.922,46.0,50
2024-06-21 14:50:10.400,46.05,25
2024-06-21 14:50:10.707,46.0,25
2024-06-21 14:50:11.463,46.3,50
2024-06-21 14:50:12.018,46.2,25
2024-06-21 14:50:12.329,46.35,175
2024-06-21 14:50:12.903,46.4,50
2024-06-21 14:50:13.351,46.4,475
2024-06-21 14:50:13.963,46.75,25
2024-06-21 14:50:14.498,46.75,25
2024-06-21 14:50:14.966,46.7,100
2024-06-21 14:50:15.643,46.4,25
2024-06-21 14:50:16.509,46.25,50
2024-06-21 14:50:16.509,46.25,50
2024-06-21 14:50:17.459,46.15,25
2024-06-21 14:50:17.459,46.15,25
2024-06-21 14:50:18.953,45.75,75
2024-06-21 14:50:19.258,45.85,75
2024-06-21 14:50:19.865,45.6,75
2024-06-21 14:50:20.137,45.7,25
2024-06-21 14:50:20.880,45.65,25
2024-06-21 14:50:21.264,45.7,25
2024-06-21 14:50:21.957,45.75,25
2024-06-21 14:50:22.201,45.35,75
2024-06-21 14:50:22.783,45.4,125
2024-06-21 14:50:23.486,45.25,150
2024-06-21 14:50:23.783,45.2,25
2024-06-21 14:50:24.503,45.1,50
2024-06-21 14:50:25.116,44.5,125
2024-06-21 14:50:25.970,44.2,100
2024-06-21 14:50:26.079,44.35,25
2024-06-21 14:50:26.940,44.65,25
2024-06-21 14:50:27.299,44.5,25
2024-06-21 14:50:27.299,44.5,25
2024-06-21 14:50:28.351,44.75,25
2024-06-21 14:50:28.956,44.9,175
2024-06-21 14:50:29.714,45.0,100
2024-06-21 14:50:29.895,45.0,50
2024-06-21 14:50:30.966,44.5,25
2024-06-21 14:50:31.790,44.55,25
2024-06-21 14:50:31.992,44.55,100
2024-06-21 14:50:32.165,44.6,25
2024-06-21 14:50:32.793,44.25,50
2024-06-21 14:50:33.019,44.3,50
2024-06-21 14:50:33.996,44.25,25
2024-06-21 14:50:34.367,44.25,25
2024-06-21 14:50:34.875,44.0,25
2024-06-21 14:50:34.947,44.0,25
2024-06-21 14:50:35.854,44.15,25
2024-06-21 14:50:35.929,44.2,150
2024-06-21 14:50:36.838,43.9,25
2024-06-21 14:50:37.522,44.05,25
2024-06-21 14:50:37.799,44.2,300
2024-06-21 14:50:38.353,44.4,100
2024-06-21 14:50:38.831,44.4,50
2024-06-21 14:50:39.917,44.7,75
2024-06-21 14:50:40.167,44.65,75
2024-06-21 14:50:40.914,44.6,25
2024-06-21 14:50:41.123,44.8,25
2024-06-21 14:50:41.738,44.85,675
2024-06-21 14:50:42.192,44.8,225
2024-06-21 14:50:42.691,44.65,25
2024-06-21 14:50:43.411,44.55,600
2024-06-21 14:50:43.698,44.5,25
2024-06-21 14:50:44.472,44.4,25
2024-06-21 14:50:44.910,44.15,150
2024-06-21 14:50:45.515,44.35,400
2024-06-21 14:50:46.046,44.25,25
2024-06-21 14:50:46.815,44.15,150
2024-06-21 14:50:46.815,44.15,150
2024-06-21 14:50:47.947,44.2,25
2024-06-21 14:50:48.308,44.35,275
2024-06-21 14:50:48.724,44.2,25
2024-06-21 14:50:49.336,44.2,25
2024-06-21 14:50:50.152,44.25,50
2024-06-21 14:50:50.291,44.25,150
2024-06-21 14:50:50.291,44.25,150
2024-06-21 14:50:51.510,44.25,50
2024-06-21 14:50:51.926,44.25,25
2024-06-21 14:50:52.402,44.3,50
2024-06-21 14:50:52.624,44.35,25
2024-06-21 14:50:53.697,44.7,50
2024-06-21 14:50:53.975,44.55,75
2024-06-21 14:50:54.830,44.45,100
2024-06-21 14:50:55.164,44.65,75
2024-06-21 14:50:55.984,44.2,75
2024-06-21 14:50:56.359,44.2,75
2024-06-21 14:50:56.991,44.15,25
2024-06-21 14:50:57.451,44.0,25
2024-06-21 14:50:57.888,43.95,250
2024-06-21 14:50:58.214,44.15,50
2024-06-21 14:50:58.986,44.05,50
2024-06-21 14:50:59.681,44.2,50
2024-06-21 14:51:00.002,44.15,50
2024-06-21 14:51:00.715,44.05,25
2024-06-21 14:51:01.817,43.9,100
2024-06-21 14:51:01.909,43.55,1125
2024-06-21 14:51:02.877,44.0,375
2024-06-21 14:51:03.100,44.1,25
2024-06-21 14:51:04.193,44.2,50
2024-06-21 14:51:04.455,43.95,25
2024-06-21 14:51:04.859,43.9,25
2024-06-21 14:51:04.859,43.9,25
2024-06-21 14:51:05.668,43.9,50
2024-06-21 14:51:06.585,43.9,25
2024-06-21 14:51:06.992,44.0,25
2024-06-21 14:51:07.841,44.15,25
2024-06-21 14:51:08.593,44.65,25
2024-06-21 14:51:09.532,44.5,25
2024-06-21 14:51:10.002,44.65,25
2024-06-21 14:51:10.115,44.7,25
2024-06-21 14:51:10.664,44.65,25
2024-06-21 14:51:11.873,45.0,50
2024-06-21 14:51:11.873,45.0,50
2024-06-21 14:51:12.842,44.85,75
2024-06-21 14:51:13.115,44.65,25
2024-06-21 14:51:13.882,44.8,25
2024-06-21 14:51:14.929,45.0,50
2024-06-21 14:51:15.965,44.75,50
2024-06-21 14:51:15.965,44.75,50
2024-06-21 14:51:16.984,44.7,25
2024-06-21 14:51:16.984,44.7,25
2024-06-21 14:51:18.011,44.65,25
2024-06-21 14:51:18.296,44.55,50
2024-06-21 14:51:18.296,44.55,50
2024-06-21 14:51:18.651,44.55,25
2024-06-21 14:51:19.881,44.6,25
2024-06-21 14:51:20.861,44.65,400
2024-06-21 14:51:21.856,44.5,25
2024-06-21 14:51:22.989,44.65,25
2024-06-21 14:51:22.989,44.65,25
2024-06-21 14:51:23.679,44.7,25
2024-06-21 14:51:24.338,44.85,25
2024-06-21 14:51:24.776,44.8,25
2024-06-21 14:51:25.526,44.85,25
2024-06-21 14:51:25.994,44.8,25
2024-06-21 14:51:26.744,45.05,50
2024-06-21 14:51:27.003,45.4,25
2024-06-21 14:51:27.801,45.35,50
2024-06-21 14:51:28.742,45.65,25
2024-06-21 14:51:29.035,45.5,25
2024-06-21 14:51:30.016,45.9,25
2024-06-21 14:51:30.603,46.05,25
2024-06-21 14:51:30.989,46.0,50
2024-06-21 14:51:31.555,46.05,25
2024-06-21 14:51:31.807,46.25,25
2024-06-21 14:51:32.003,46.4,50
2024-06-21 14:51:32.126,46.35,25
2024-06-21 14:51:32.459,46.5,100
2024-06-21 14:51:32.459,46.5,100
2024-06-21 14:51:32.459,46.5,100
2024-06-21 14:51:34.558,47.4,25
2024-06-21 14:51:34.968,47.45,25
2024-06-21 14:51:35.759,47.65,150
2024-06-21 14:51:35.993,47.9,100
2024-06-21 14:51:36.964,47.6,50
2024-06-21 14:51:37.186,47.45,25
2024-06-21 14:51:37.843,47.45,100
2024-06-21 14:51:38.301,47.45,350
2024-06-21 14:51:39.025,47.35,25
2024-06-21 14:51:39.592,47.45,50
2024-06-21 14:51:39.858,47.55,150
2024-06-21 14:51:40.606,47.8,50
2024-06-21 14:51:40.861,47.9,175
2024-06-21 14:51:41.528,48.1,25
2024-06-21 14:51:41.902,47.9,25
2024-06-21 14:51:42.766,48.0,25
2024-06-21 14:51:42.806,48.0,175
2024-06-21 14:51:43.706,47.95,25
2024-06-21 14:51:44.189,47.85,25
2024-06-21 14:51:44.847,47.55,75
2024-06-21 14:51:45.166,47.7,175
2024-06-21 14:51:46.025,47.95,50
2024-06-21 14:51:47.033,47.8,25
2024-06-21 14:51:47.129,48.05,50
2024-06-21 14:51:47.726,48.0,400
2024-06-21 14:51:48.075,48.0,75
2024-06-21 14:51:48.958,48.1,275
2024-06-21 14:51:49.229,48.05,75
2024-06-21 14:51:50.197,47.9,300
2024-06-21 14:51:50.355,47.95,25
2024-06-21 14:51:51.021,47.7,25
2024-06-21 14:51:51.576,47.9,550
2024-06-21 14:51:52.033,47.75,25
2024-06-21 14:51:52.234,47.65,25
2024-06-21 14:51:52.765,47.95,100
2024-06-21 14:51:53.763,48.1,25
2024-06-21 14:51:54.163,47.8,100
2024-06-21 14:51:54.983,47.85,50
2024-06-21 14:51:55.998,47.8,25
2024-06-21 14:51:56.925,47.75,400
2024-06-21 14:51:57.971,48.2,25
2024-06-21 14:51:58.157,48.25,50
2024-06-21 14:51:58.940,48.5,25
2024-06-21 14:51:59.432,48.2,25
2024-06-21 14:52:00.001,48.25,50
2024-06-21 14:52:00.600,48.35,375
2024-06-21 14:52:01.211,48.45,50
2024-06-21 14:52:01.742,48.35,75
2024-06-21 14:52:02.003,48.6,25
2024-06-21 14:52:03.016,48.6,100
2024-06-21 14:52:03.822,48.8,50
2024-06-21 14:52:04.214,48.8,50
2024-06-21 14:52:05.001,49.2,25
2024-06-21 14:52:05.623,49.45,175
2024-06-21 14:52:05.977,49.6,50
2024-06-21 14:52:07.043,50.2,150
2024-06-21 14:52:07.208,50.2,75
2024-06-21 14:52:08.015,50.15,25
2024-06-21 14:52:08.603,50.05,25
2024-06-21 14:52:09.234,50.0,25
2024-06-21 14:52:10.044,50.2,25
2024-06-21 14:52:10.198,50.15,25
2024-06-21 14:52:10.968,49.75,50
2024-06-21 14:52:11.424,49.85,25
2024-06-21 14:52:11.946,50.0,200
2024-06-21 14:52:12.641,50.45,175
2024-06-21 14:52:13.209,50.5,75
2024-06-21 14:52:13.993,50.3,25
2024-06-21 14:52:14.405,50.75,25
2024-06-21 14:52:15.001,51.05,25
2024-06-21 14:52:15.852,51.4,150
2024-06-21 14:52:16.245,51.4,100
2024-06-21 14:52:16.957,50.6,50
2024-06-21 14:52:17.228,50.65,25
2024-06-21 14:52:18.148,50.45,25
2024-06-21 14:52:18.851,50.65,25
2024-06-21 14:52:18.851,50.65,25
2024-06-21 14:52:20.000,50.8,100
2024-06-21 14:52:20.354,50.8,25
2024-06-21 14:52:21.240,50.65,25
2024-06-21 14:52:21.677,50.6,25
2024-06-21 14:52:22.052,50.75,150
2024-06-21 14:52:22.239,51.0,25
2024-06-21 14:52:22.239,51.0,25
2024-06-21 14:52:23.792,50.85,25
2024-06-21 14:52:24.261,51.0,25
2024-06-21 14:52:25.027,50.75,25
2024-06-21 14:52:25.281,50.8,25
2024-06-21 14:52:26.064,50.45,575
2024-06-21 14:52:26.191,50.4,25
2024-06-21 14:52:27.075,50.75,25
2024-06-21 14:52:28.022,51.15,25
2024-06-21 14:52:28.180,51.25,25
2024-06-21 14:52:29.016,51.25,25
2024-06-21 14:52:29.369,51.45,50
2024-06-21 14:52:29.899,51.5,25
2024-06-21 14:52:30.484,51.75,25
2024-06-21 14:52:30.989,51.35,50
2024-06-21 14:52:31.578,51.65,25
2024-06-21 14:52:31.770,51.85,25
2024-06-21 14:52:32.055,51.85,25
2024-06-21 14:52:32.585,51.75,100
2024-06-21 14:52:32.585,51.75,100
2024-06-21 14:52:33.875,51.85,25
2024-06-21 14:52:33.966,52.05,25
2024-06-21 14:52:34.972,51.85,50
2024-06-21 14:52:35.058,51.8,25
2024-06-21 14:52:36.138,51.7,25
2024-06-21 14:52:36.138,51.7,25
2024-06-21 14:52:37.017,51.3,25
2024-06-21 14:52:37.247,51.6,225
2024-06-21 14:52:37.775,51.5,125
2024-06-21 14:52:38.430,51.05,25
2024-06-21 14:52:38.993,50.85,100
2024-06-21 14:52:39.868,51.45,25
2024-06-21 14:52:40.212,51.4,50
2024-06-21 14:52:41.054,51.6,25
2024-06-21 14:52:41.474,52.0,50
2024-06-21 14:52:41.980,52.45,150
2024-06-21 14:52:42.420,52.55,25
2024-06-21 14:52:43.016,52.05,50
2024-06-21 14:52:43.691,52.25,50
2024-06-21 14:52:43.961,52.05,25
2024-06-21 14:52:44.769,52.1,50
2024-06-21 14:52:45.011,52.05,25
2024-06-21 14:52:46.070,52.0,50
2024-06-21 14:52:47.177,52.15,25
2024-06-21 14:52:47.498,52.3,25
2024-06-21 14:52:47.962,52.55,50
2024-06-21 14:52:48.743,52.65,250
2024-06-21 14:52:48.864,52.4,25
2024-06-21 14:52:50.041,52.55,50
2024-06-21 14:52:50.214,52.55,75
2024-06-21 14:52:51.235,52.25,50
2024-06-21 14:52:51.489,52.2,25
2024-06-21 14:52:52.050,52.25,25
2024-06-21 14:52:52.467,52.3,50
2024-06-21 14:52:53.001,52.0,25
2024-06-21 14:52:53.681,52.05,50
2024-06-21 14:52:54.033,52.45,25
2024-06-21 14:52:54.714,52.65,50
2024-06-21 14:52:55.057,52.9,25
2024-06-21 14:52:55.709,52.6,25
2024-06-21 14:52:56.033,52.8,25
2024-06-21 14:52:56.726,52.35,25
2024-06-21 14:52:57.065,52.35,50
2024-06-21 14:52:57.703,52.2,25
2024-06-21 14:52:58.035,53.0,50
2024-06-21 14:52:59.024,52.75,25
2024-06-21 14:52:59.302,53.0,25
2024-06-21 14:53:00.036,52.85,25
2024-06-21 14:53:00.496,52.6,50
2024-06-21 14:53:01.075,52.5,50
2024-06-21 14:53:01.694,52.45,125
2024-06-21 14:53:01.836,52.5,25
2024-06-21 14:53:01.935,52.5,100
2024-06-21 14:53:02.616,52.75,50
2024-06-21 14:53:03.048,53.2,25
2024-06-21 14:53:03.494,52.6,50
2024-06-21 14:53:04.261,52.9,225
2024-06-21 14:53:04.854,52.6,150
2024-06-21 14:53:05.063,52.65,25
2024-06-21 14:53:06.081,52.45,25
2024-06-21 14:53:07.131,52.55,25
2024-06-21 14:53:08.043,52.55,25
2024-06-21 14:53:08.195,52.5,50
2024-06-21 14:53:09.018,52.3,25
2024-06-21 14:53:09.489,52.5,25
2024-06-21 14:53:09.994,52.5,325
2024-06-21 14:53:10.638,52.05,25
2024-06-21 14:53:11.075,52.0,25
2024-06-21 14:53:12.227,51.05,25
2024-06-21 14:53:12.821,51.45,50
2024-06-21 14:53:13.246,51.45,25
2024-06-21 14:53:14.041,51.55,25
2024-06-21 14:53:14.550,51.7,75
2024-06-21 14:53:14.998,51.9,25
2024-06-21 14:53:15.739,51.6,50
2024-06-21 14:53:16.050,51.65,150
2024-06-21 14:53:16.737,51.45,100
2024-06-21 14:53:17.087,51.5,100
2024-06-21 14:53:17.280,51.55,25
2024-06-21 14:53:18.051,51.3,400
2024-06-21 14:53:18.723,51.4,25
2024-06-21 14:53:18.913,51.3,375
2024-06-21 14:53:19.048,51.35,50
2024-06-21 14:53:20.138,51.25,25
2024-06-21 14:53:21.045,50.85,75
2024-06-21 14:53:21.518,50.9,25
2024-06-21 14:53:22.025,50.85,25
2024-06-21 14:53:22.230,50.85,25
2024-06-21 14:53:23.069,51.25,200
2024-06-21 14:53:23.341,51.2,25
2024-06-21 14:53:24.087,51.3,25
2024-06-21 14:53:24.501,51.15,50
2024-06-21 14:53:24.975,51.3,25
2024-06-21 14:53:25.326,51.35,25
2024-06-21 14:53:26.212,51.5,25
2024-06-21 14:53:26.440,51.6,100
2024-06-21 14:53:26.988,51.8,100
2024-06-21 14:53:27.484,52.05,100
2024-06-21 14:53:28.064,52.1,25
2024-06-21 14:53:28.898,52.05,25
2024-06-21 14:53:29.066,51.9,25
2024-06-21 14:53:30.079,51.8,25
2024-06-21 14:53:30.089,51.7,450
2024-06-21 14:53:31.155,52.25,25
2024-06-21 14:53:31.741,52.25,100
2024-06-21 14:53:32.096,52.45,25
2024-06-21 14:53:32.690,52.45,25
2024-06-21 14:53:33.366,52.4,25
2024-06-21 14:53:34.028,52.65,25
2024-06-21 14:53:34.350,52.65,25
2024-06-21 14:53:34.834,52.45,25
2024-06-21 14:53:35.518,52.4,150
2024-06-21 14:53:36.090,51.85,25
2024-06-21 14:53:36.643,51.95,25
2024-06-21 14:53:37.081,52.15,200
2024-06-21 14:53:37.650,51.85,50
2024-06-21 14:53:37.898,51.8,75
2024-06-21 14:53:37.898,51.8,75
2024-06-21 14:53:39.052,51.85,25
2024-06-21 14:53:39.134,51.85,50
2024-06-21 14:53:39.954,52.2,225
2024-06-21 14:53:40.298,52.25,25
2024-06-21 14:53:41.117,52.3,75
2024-06-21 14:53:41.216,52.2,75
2024-06-21 14:53:42.099,52.9,25
2024-06-21 14:53:42.193,52.9,125
2024-06-21 14:53:42.815,52.65,25
2024-06-21 14:53:43.395,53.0,50
2024-06-21 14:53:44.091,52.9,25
2024-06-21 14:53:44.426,53.05,25
2024-06-21 14:53:45.090,53.15,50
2024-06-21 14:53:45.785,53.0,125
2024-06-21 14:53:46.076,53.05,25
2024-06-21 14:53:46.955,52.95,50
2024-06-21 14:53:47.067,53.05,25
2024-06-21 14:53:48.032,52.95,25
2024-06-21 14:53:48.032,52.95,25
2024-06-21 14:53:48.955,52.8,150
2024-06-21 14:53:49.066,52.9,25
2024-06-21 14:53:50.154,53.0,300
2024-06-21 14:53:51.081,52.75,25
2024-06-21 14:53:51.081,52.75,25
2024-06-21 14:53:52.033,52.8,25
2024-06-21 14:53:52.146,52.8,200
2024-06-21 14:53:53.143,52.65,25
2024-06-21 14:53:54.108,52.5,25
2024-06-21 14:53:54.216,52.45,25
2024-06-21 14:53:55.082,52.25,75
2024-06-21 14:53:55.151,52.35,200
2024-06-21 14:53:56.163,52.25,25
2024-06-21 14:53:56.298,52.05,25
2024-06-21 14:53:57.085,52.7,25
2024-06-21 14:53:57.168,52.6,25
2024-06-21 14:53:57.521,52.6,25
2024-06-21 14:53:58.350,52.5,25
2024-06-21 14:53:59.068,52.8,100
2024-06-21 14:53:59.353,52.75,25
2024-06-21 14:54:00.114,52.7,25
2024-06-21 14:54:00.569,52.4,225
2024-06-21 14:54:01.104,52.25,25
2024-06-21 14:54:01.623,51.85,25
2024-06-21 14:54:01.742,52.0,100
2024-06-21 14:54:01.977,51.95,25
2024-06-21 14:54:03.063,52.0,50
2024-06-21 14:54:04.012,51.25,25
2024-06-21 14:54:04.052,51.25,50
2024-06-21 14:54:05.066,51.8,50
2024-06-21 14:54:06.113,51.15,200
2024-06-21 14:54:06.396,51.35,50
2024-06-21 14:54:07.052,51.5,100
2024-06-21 14:54:07.486,51.6,25
2024-06-21 14:54:07.993,51.5,25
2024-06-21 14:54:08.592,51.25,25
2024-06-21 14:54:09.055,51.2,25
2024-06-21 14:54:09.577,50.7,25
2024-06-21 14:54:10.078,50.45,25
2024-06-21 14:54:10.800,50.8,25
2024-06-21 14:54:10.915,50.85,25
2024-06-21 14:54:11.115,50.9,100
2024-06-21 14:54:12.025,51.0,25
2024-06-21 14:54:12.194,50.95,25
2024-06-21 14:54:12.971,50.6,125
2024-06-21 14:54:13.399,50.9,75
2024-06-21 14:54:13.979,50.75,25
2024-06-21 14:54:14.819,51.3,25
2024-06-21 14:54:15.109,51.3,100
2024-06-21 14:54:15.480,51.25,100
2024-06-21 14:54:16.206,51.55,75
2024-06-21 14:54:17.108,51.7,100
2024-06-21 14:54:17.294,51.75,25
2024-06-21 14:54:17.995,51.55,25
2024-06-21 14:54:17.995,51.55,25
2024-06-21 14:54:18.783,51.65,50
2024-06-21 14:54:19.109,51.65,25
2024-06-21 14:54:19.988,51.55,50
2024-06-21 14:54:20.337,51.55,25
2024-06-21 14:54:21.104,51.45,150
2024-06-21 14:54:21.614,51.25,25
2024-06-21 14:54:21.771,51.45,150
2024-06-21 14:54:22.472,51.5,25
2024-06-21 14:54:23.087,51.35,25
2024-06-21 14:54:23.590,51.5,25
2024-06-21 14:54:23.590,51.5,25
2024-06-21 14:54:25.110,51.55,50
2024-06-21 14:54:25.806,51.5,25
2024-06-21 14:54:25.806,51.5,25
2024-06-21 14:54:27.125,51.4,50
2024-06-21 14:54:27.239,51.4,25
2024-06-21 14:54:28.111,51.3,50
2024-06-21 14:54:28.374,51.1,25
2024-06-21 14:54:29.108,51.25,25
2024-06-21 14:54:29.472,51.15,125
2024-06-21 14:54:29.951,51.3,25
2024-06-21 14:54:30.846,51.3,25
2024-06-21 14:54:31.041,51.3,100
2024-06-21 14:54:31.396,51.05,50
2024-06-21 14:54:31.396,51.05,50
2024-06-21 14:54:32.062,51.15,25
2024-06-21 14:54:32.766,51.25,100
2024-06-21 14:54:33.125,51.4,100
2024-06-21 14:54:33.802,51.35,25
2024-06-21 14:54:34.112,51.3,25
2024-06-21 14:54:34.849,51.65,25
2024-06-21 14:54:35.239,51.5,25
2024-06-21 14:54:35.539,51.55,100
2024-06-21 14:54:36.185,51.6,25
2024-06-21 14:54:37.002,51.25,125
2024-06-21 14:54:37.002,51.25,125
2024-06-21 14:54:37.873,51.45,50
2024-06-21 14:54:38.226,51.25,325
2024-06-21 14:54:39.090,51.7,250
2024-06-21 14:54:39.484,51.4,25
2024-06-21 14:54:39.484,51.4,25
2024-06-21 14:54:40.424,51.35,125
2024-06-21 14:54:40.953,51.1,150
2024-06-21 14:54:42.101,51.8,125
2024-06-21 14:54:42.285,51.9,25
2024-06-21 14:54:42.921,51.85,25
2024-06-21 14:54:43.605,51.9,200
2024-06-21 14:54:43.978,52.05,25
2024-06-21 14:54:44.670,52.2,25
2024-06-21 14:54:44.743,52.3,25
2024-06-21 14:54:44.743,52.3,25
2024-06-21 14:54:46.031,52.25,25
2024-06-21 14:54:46.859,52.15,25
2024-06-21 14:54:47.115,52.45,75
2024-06-21 14:54:47.847,52.6,225
2024-06-21 14:54:49.009,52.85,25
2024-06-21 14:54:49.264,52.8,25
2024-06-21 14:54:50.130,53.35,375
2024-06-21 14:54:50.495,53.5,50
2024-06-21 14:54:51.318,53.45,25
2024-06-21 14:54:51.595,53.5,125
2024-06-21 14:54:52.121,53.85,25
2024-06-21 14:54:52.646,54.1,25
2024-06-21 14:54:52.646,54.1,25
2024-06-21 14:54:54.095,54.8,25
2024-06-21 14:54:54.621,54.9,25
2024-06-21 14:54:55.036,55.05,375
2024-06-21 14:54:56.108,54.95,25
2024-06-21 14:54:56.307,54.9,25
2024-06-21 14:54:57.140,55.15,25
2024-06-21 14:54:57.244,55.0,25
2024-06-21 14:54:57.982,54.7,50
2024-06-21 14:54:58.413,55.0,25
2024-06-21 14:54:59.065,55.0,300
2024-06-21 14:54:59.707,55.5,175
2024-06-21 14:55:00.108,55.7,25
2024-06-21 14:55:00.733,55.55,25
2024-06-21 14:55:01.090,55.9,25
2024-06-21 14:55:01.892,55.9,50
2024-06-21 14:55:02.050,55.7,225
2024-06-21 14:55:03.004,55.45,25
2024-06-21 14:55:03.004,55.45,25
2024-06-21 14:55:04.090,55.4,25
2024-06-21 14:55:04.462,55.15,75
2024-06-21 14:55:05.117,54.65,325
2024-06-21 14:55:05.716,54.6,100
2024-06-21 14:55:06.125,54.4,25
2024-06-21 14:55:06.888,54.7,75
2024-06-21 14:55:07.032,54.8,100
2024-06-21 14:55:07.671,54.9,25
2024-06-21 14:55:08.078,54.95,25
2024-06-21 14:55:08.608,54.85,50
2024-06-21 14:55:09.103,54.95,25
2024-06-21 14:55:09.906,55.35,25
2024-06-21 14:55:10.061,55.5,25
2024-06-21 14:55:10.901,55.35,50
2024-06-21 14:55:11.051,55.25,500
2024-06-21 14:55:11.924,55.25,50
2024-06-21 14:55:12.088,55.2,25
2024-06-21 14:55:12.256,55.15,25
2024-06-21 14:55:13.113,55.2,300
2024-06-21 14:55:13.378,55.05,100
2024-06-21 14:55:14.136,55.05,100
2024-06-21 14:55:14.707,55.0,25
2024-06-21 14:55:15.079,54.95,25
2024-06-21 14:55:15.724,55.05,25
2024-06-21 14:55:16.129,55.0,25
2024-06-21 14:55:16.699,55.05,25
2024-06-21 14:55:17.085,54.95,25
2024-06-21 14:55:17.863,54.95,25
2024-06-21 14:55:18.086,54.9,25
2024-06-21 14:55:19.077,55.6,100
2024-06-21 14:55:20.140,55.15,75
2024-06-21 14:55:20.464,55.2,25
2024-06-21 14:55:21.058,55.3,25
2024-06-21 14:55:21.546,55.25,25
2024-06-21 14:55:22.134,55.05,125
2024-06-21 14:55:22.823,54.8,375
2024-06-21 14:55:23.231,54.75,25
2024-06-21 14:55:24.141,55.05,25
2024-06-21 14:55:24.334,54.9,175
2024-06-21 14:55:25.127,55.2,25
2024-06-21 14:55:25.668,55.35,200
2024-06-21 14:55:26.028,55.65,25
2024-06-21 14:55:26.758,55.5,25
2024-06-21 14:55:26.971,55.4,100
2024-06-21 14:55:28.008,56.05,50
2024-06-21 14:55:28.305,56.35,25
2024-06-21 14:55:28.888,56.1,50
2024-06-21 14:55:29.489,56.6,25
2024-06-21 14:55:30.075,57.0,25
2024-06-21 14:55:30.708,58.15,50
2024-06-21 14:55:31.152,57.95,50
2024-06-21 14:55:31.834,58.15,50
2024-06-21 14:55:32.228,58.65,25
2024-06-21 14:55:32.540,58.2,50
2024-06-21 14:55:32.643,58.25,25
2024-06-21 14:55:33.974,58.65,25
2024-06-21 14:55:35.346,58.55,200
2024-06-21 14:55:35.649,58.6,25
2024-06-21 14:55:36.163,58.5,25
2024-06-21 14:55:37.089,57.95,25
2024-06-21 14:55:37.245,58.0,50
2024-06-21 14:55:38.027,58.0,25
2024-06-21 14:55:38.959,58.15,50
2024-06-21 14:55:39.110,58.1,25
2024-06-21 14:55:40.150,58.9,25
2024-06-21 14:55:40.347,59.0,25
2024-06-21 14:55:41.159,58.6,75
2024-06-21 14:55:41.327,58.3,25
2024-06-21 14:55:42.133,58.4,75
2024-06-21 14:55:42.539,58.4,50
2024-06-21 14:55:43.035,58.2,150
2024-06-21 14:55:43.954,58.5,25
2024-06-21 14:55:44.102,58.45,25
2024-06-21 14:55:44.920,58.65,25
2024-06-21 14:55:45.128,58.5,75
2024-06-21 14:55:46.348,58.4,25
2024-06-21 14:55:46.562,58.5,125
2024-06-21 14:55:47.150,58.05,25
2024-06-21 14:55:47.667,57.95,225
2024-06-21 14:55:47.902,57.8,25
2024-06-21 14:55:48.745,58.4,25
2024-06-21 14:55:49.121,58.65,50
2024-06-21 14:55:50.165,57.4,25
2024-06-21 14:55:51.368,57.5,25
2024-06-21 14:55:52.181,57.65,25
2024-06-21 14:55:52.500,57.8,25
2024-06-21 14:55:53.150,57.9,25
2024-06-21 14:55:53.700,58.35,25
2024-06-21 14:55:54.140,58.45,25
2024-06-21 14:55:54.761,58.35,75
2024-06-21 14:55:55.137,58.15,75
2024-06-21 14:55:55.771,58.1,25
2024-06-21 14:55:56.125,57.55,25
2024-06-21 14:55:56.899,57.75,25
2024-06-21 14:55:57.254,57.8,100
2024-06-21 14:55:57.911,57.45,50
2024-06-21 14:55:58.153,57.85,50
2024-06-21 14:55:58.956,58.0,200
2024-06-21 14:55:59.167,57.8,25
2024-06-21 14:56:00.085,57.35,25
2024-06-21 14:56:00.357,57.75,50
2024-06-21 14:56:01.176,56.8,50
2024-06-21 14:56:01.763,56.2,25
2024-06-21 14:56:01.986,56.3,50
2024-06-21 14:56:02.173,56.4,25
2024-06-21 14:56:03.376,56.75,50
2024-06-21 14:56:03.376,56.75,50
2024-06-21 14:56:04.184,56.85,50
2024-06-21 14:56:04.932,56.35,25
2024-06-21 14:56:05.171,56.15,75
2024-06-21 14:56:06.210,55.95,25
2024-06-21 14:56:07.155,56.1,25
2024-06-21 14:56:07.181,55.9,325
2024-06-21 14:56:08.114,55.6,75
2024-06-21 14:56:08.567,55.75,200
2024-06-21 14:56:09.030,55.9,300
2024-06-21 14:56:09.805,55.7,75
2024-06-21 14:56:10.372,55.55,125
2024-06-21 14:56:10.933,55.45,25
2024-06-21 14:56:11.153,55.5,75
2024-06-21 14:56:11.984,55.85,25
2024-06-21 14:56:12.128,55.9,25
2024-06-21 14:56:12.249,55.95,250
2024-06-21 14:56:12.249,55.95,250
2024-06-21 14:56:14.220,56.3,25
2024-06-21 14:56:15.123,56.65,325
2024-06-21 14:56:15.387,56.55,25
2024-06-21 14:56:16.114,56.55,25
2024-06-21 14:56:16.534,56.05,25
2024-06-21 14:56:17.059,56.15,25
2024-06-21 14:56:17.479,56.3,25
2024-06-21 14:56:17.850,56.35,100
2024-06-21 14:56:18.722,56.0,25
2024-06-21 14:56:19.131,55.95,25
2024-06-21 14:56:19.905,56.05,200
2024-06-21 14:56:20.180,55.85,50
2024-06-21 14:56:21.229,55.7,25
2024-06-21 14:56:22.066,55.75,25
2024-06-21 14:56:22.235,55.75,25
2024-06-21 14:56:23.116,55.35,25
2024-06-21 14:56:23.520,55.3,50
2024-06-21 14:56:24.187,55.7,25
2024-06-21 14:56:24.490,55.75,25
2024-06-21 14:56:25.151,55.5,225
2024-06-21 14:56:25.744,56.1,175
2024-06-21 14:56:26.175,55.7,200
2024-06-21 14:56:26.794,55.85,50
2024-06-21 14:56:27.171,55.95,125
2024-06-21 14:56:27.893,56.1,25
2024-06-21 14:56:27.893,56.1,25
2024-06-21 14:56:29.005,55.65,25
2024-06-21 14:56:29.092,55.75,475
2024-06-21 14:56:30.011,55.5,25
2024-06-21 14:56:30.192,55.8,25
2024-06-21 14:56:31.198,55.85,225
2024-06-21 14:56:31.797,55.4,25
2024-06-21 14:56:32.186,55.7,25
2024-06-21 14:56:32.220,55.6,25
