time,price,volume
1719554409716,86.0,25
1719554410529,85.3,25
1719554410777,85.5,25
1719554411714,85.55,25
1719554412428,85.2,100
1719554412777,85.45,25
1719554414019,85.15,25
1719554414784,84.75,100
1719554415633,84.75,50
1719554415825,84.55,50
1719554416767,83.45,25
1719554417234,83.6,150
1719554417954,83.85,25
1719554418785,84.05,25
1719554419007,84.6,25
1719554419968,84.75,25
1719554420597,84.5,25
1719554420971,84.3,25
1719554421721,84.0,25
1719554422203,83.95,100
1719554422782,83.75,25
1719554424037,82.65,25
1719554424991,82.65,25
1719554425648,82.5,475
1719554425702,82.6,25
1719554426969,83.2,50
1719554427253,83.05,50
1719554427799,83.65,25
1719554428615,83.4,225
1719554428991,83.25,25
1719554429962,83.5,500
1719554430623,83.45,25
1719554430751,83.35,50
1719554431806,83.2,25
1719554432101,83.3,25
1719554432803,82.9,25
1719554433978,83.0,100
1719554434059,83.05,25
1719554434796,83.25,50
1719554435556,83.4,25
1719554435689,83.15,25
1719554436948,83.6,25
1719554437200,83.6,25
1719554437751,83.45,25
1719554439077,83.65,25
1719554439755,83.85,25
1719554440646,84.2,25
1719554440695,84.1,25
1719554441962,84.1,25
1719554442286,83.95,25
1719554442636,83.9,50
1719554443796,83.85,25
1719554443796,83.85,25
1719554444777,83.85,25
1719554445639,84.25,25
1719554446003,84.5,100
1719554446773,84.75,25
1719554447281,84.75,25
1719554447766,84.85,100
1719554448791,84.7,100
1719554449089,84.7,75
1719554449801,84.85,25
1719554450499,85.0,25
1719554452009,85.25,25
1719554452266,85.4,50
1719554452792,85.6,25
1719554453582,85.75,50
1719554454106,85.7,25
1719554454795,85.75,25
1719554455654,85.8,50
1719554455703,85.6,25
1719554456721,85.7,200
1719554457266,85.55,25
1719554457801,86.3,500
1719554458805,86.1,25
1719554459017,86.2,75
1719554459927,86.65,225
1719554460515,86.35,375
1719554460779,86.5,50
1719554461813,87.1,50
1719554462250,86.9,25
1719554462774,86.85,200
1719554464020,86.85,25
1719554464114,86.75,25
1719554464655,87.25,50
1719554465813,87.35,125
1719554466762,87.35,25
1719554467233,87.65,25
1719554467938,88.25,25
1719554468762,88.8,25
1719554469110,89.0,50
1719554469996,88.25,100
1719554470726,87.7,25
1719554470789,87.55,25
1719554471820,87.75,50
1719554472285,87.75,50
1719554472807,87.8,50
1719554473997,87.6,25
1719554474139,87.5,50
1719554474833,87.95,50
1719554475719,87.9,25
1719554475777,87.85,275
1719554476813,88.0,25
1719554477208,88.0,100
1719554477485,88.25,75
1719554478813,88.1,25
1719554479043,88.3,25
1719554479797,88.3,25
1719554480747,88.8,100
1719554481032,88.55,200
1719554481734,88.45,50
1719554482321,88.55,100
1719554482321,88.55,100
1719554483742,88.5,100
1719554484135,88.35,75
1719554484813,89.3,100
1719554485743,89.0,100
1719554485792,89.2,25
1719554487030,88.5,25
1719554487345,88.6,75
1719554487818,88.95,25
1719554488815,88.6,25
1719554489054,88.55,50
1719554489420,88.6,50
1719554490448,88.4,50
1719554490829,88.35,25
1719554491813,88.45,25
1719554492194,88.2,350
1719554492734,88.05,25
1719554493642,88.0,25
1719554494020,88.3,25
1719554494942,88.25,25
1719554495641,88.5,25
1719554495641,88.5,25
1719554496819,88.95,200
1719554497292,89.25,50
1719554497738,89.4,25
1719554498792,88.95,25
1719554499156,89.1,25
1719554499837,88.85,50
1719554500769,89.1,25
1719554500769,89.1,25
1719554501735,89.2,50
1719554502314,89.3,50
1719554502852,89.4,25
1719554503727,89.4,50
1719554504151,89.2,75
1719554504822,89.3,25
1719554505846,89.4,25
1719554507029,88.9,100
1719554507256,89.0,100
1719554507725,89.0,150
1719554508710,88.65,100
1719554509179,88.8,50
1719554509800,88.75,25
1719554510507,89.0,100
1719554510507,89.0,100
1719554511725,88.85,25
1719554512269,89.4,25
1719554512607,89.05,75
1719554514045,88.3,25
1719554514143,88.45,75
1719554514734,88.65,25
1719554515667,88.6,25
1719554516829,88.65,50
1719554517149,88.25,25
1719554517839,88.6,25
1719554518801,88.55,25
1719554519187,88.6,25
1719554519747,88.7,25
1719554520614,88.55,25
1719554520687,88.65,50
1719554520932,88.55,25
1719554521757,88.9,50
1719554522299,88.8,25
1719554522683,88.85,25
1719554523697,88.4,25
1719554523962,88.6,450
1719554524409,88.55,50
1719554525826,88.4,1050
1719554526864,88.6,25
1719554527366,88.45,25
1719554527782,88.4,25
1719554528981,88.35,25
1719554529156,88.3,50
1719554529809,88.35,25
1719554530814,88.8,25
1719554531806,89.0,25
1719554532230,89.15,75
1719554532743,88.9,25
1719554533751,89.25,100
1719554534056,89.25,25
1719554534595,89.15,25
1719554535793,89.1,25
1719554536749,89.1,100
1719554537194,89.05,125
1719554537758,89.15,50
1719554538574,89.1,25
1719554539189,89.5,50
1719554539782,90.1,50
1719554540863,90.4,25
1719554541849,90.05,25
1719554542373,90.3,175
1719554542803,90.2,25
1719554543742,89.9,25
1719554544216,89.9,25
1719554544658,89.95,575
1719554545831,88.95,25
1719554545831,88.95,25
1719554546545,89.05,125
1719554547326,88.85,75
1719554547847,88.95,25
1719554548816,88.5,125
1719554549215,88.65,25
1719554549791,88.65,25
1719554550561,88.8,150
1719554550705,88.8,75
1719554551605,89.0,25
1719554552229,88.55,25
1719554552791,88.65,25
1719554553508,88.7,200
1719554554196,87.75,25
1719554555025,88.2,25
1719554555827,88.4,25
1719554556487,88.95,25
1719554557030,88.7,150
1719554557830,88.4,25
1719554558871,88.45,50
1719554559246,88.6,50
1719554559816,88.8,200
1719554560836,88.75,100
1719554561465,89.0,625
1719554562252,88.6,100
1719554562855,88.55,50
1719554563658,88.6,25
1719554564202,88.75,25
1719554564661,88.65,100
1719554565779,88.55,100
1719554565779,88.55,100
1719554566763,88.5,100
1719554567195,88.7,25
1719554567811,88.5,25
1719554568660,88.15,25
1719554569225,88.35,50
1719554569808,88.35,25
1719554570806,88.15,50
1719554571626,88.35,25
1719554572168,88.45,25
1719554572762,88.3,25
1719554573771,88.3,25
1719554574111,88.55,25
1719554574880,88.5,50
1719554575779,88.8,25
1719554576411,88.65,25
1719554577202,88.85,125
1719554577586,88.85,25
1719554578840,89.0,25
1719554579105,88.95,50
1719554579708,88.8,75
1719554580624,89.6,150
1719554580881,89.45,25
1719554581702,89.5,300
1719554582443,89.75,25
1719554583072,89.45,25
1719554583866,89.2,25
1719554583931,89.4,75
1719554584676,89.15,450
1719554585780,89.45,75
1719554586520,89.3,175
1719554587439,89.35,25
1719554587439,89.35,25
1719554588696,89.45,25
1719554589092,89.45,75
1719554589593,89.45,25
1719554590908,89.35,25
1719554591896,89.6,25
1719554592444,89.6,150
1719554592444,89.6,150
1719554593862,89.2,25
1719554594062,89.1,100
1719554594795,89.55,25
1719554595894,89.35,150
1719554596642,89.4,25
1719554597476,89.55,25
1719554597519,89.6,100
1719554598893,90.0,25
1719554599302,89.8,25
1719554599836,90.05,25
1719554600734,90.35,100
1719554601758,89.95,100
1719554602427,90.05,25
1719554602848,90.0,425
1719554603763,89.75,25
1719554604327,89.55,50
1719554604783,89.75,25
1719554605582,89.75,50
1719554606904,89.8,25
1719554607479,90.05,50
1719554607854,90.25,25
1719554608761,90.15,100
1719554609324,89.95,25
1719554609660,90.45,25
1719554610590,90.4,25
1719554610657,90.4,75
1719554611829,90.2,25
1719554612517,90.05,25
1719554612910,89.45,25
1719554613810,89.2,25
1719554614288,89.25,25
1719554615090,89.2,75
1719554615881,88.95,100
1719554616852,88.95,25
1719554617489,88.95,25
1719554617826,88.6,100
1719554618581,88.5,200
1719554619187,88.75,150
1719554619840,88.8,25
1719554620697,88.55,100
1719554620697,88.55,100
1719554621732,88.6,25
1719554622549,88.4,150
1719554622868,88.5,25
1719554623361,88.7,25
1719554624296,88.75,75
1719554624653,88.6,25
1719554625380,88.75,25
1719554626911,88.55,100
1719554627464,88.7,25
1719554627464,88.7,25
1719554628679,88.7,25
1719554629006,88.75,150
1719554629576,88.8,25
1719554630852,88.5,250
1719554630852,88.5,250
1719554631661,88.5,100
1719554632346,88.6,25
1719554632923,88.75,25
1719554633868,88.85,25
1719554634302,88.85,25
1719554634872,88.9,100
1719554635836,88.95,50
1719554635836,88.95,50
1719554637091,89.5,75
1719554637091,89.5,75
1719554637818,89.6,25
1719554638914,89.3,25
1719554639350,89.0,100
1719554639835,89.15,25
1719554640520,88.7,25
1719554640979,88.7,100
1719554641578,88.8,25
1719554642511,88.65,75
1719554642851,88.9,50
1719554643915,89.0,25
1719554644341,88.9,75
1719554644592,89.0,25
1719554645914,89.15,200
1719554646918,88.95,25
1719554647347,89.1,25
1719554647674,89.0,25
1719554648934,88.85,25
1719554649238,88.75,25
1719554649801,88.75,25
1719554650422,88.65,50
1719554650422,88.65,50
1719554651928,88.75,25
1719554652230,88.7,100
1719554652735,88.75,25
1719554654065,88.8,50
1719554654286,88.85,25
1719554654804,88.95,50
1719554655899,89.25,50
1719554656688,89.45,50
1719554657582,88.75,100
1719554657702,88.7,25
1719554658798,88.65,25
1719554659283,88.8,25
1719554659583,88.85,75
1719554660590,88.9,100
1719554660590,88.9,100
1719554661549,88.9,50
1719554662604,88.8,25
1719554662743,88.75,25
1719554663458,88.75,75
1719554664315,88.8,25
1719554664616,88.8,25
1719554665442,89.05,25
1719554666642,89.0,25
1719554667129,88.9,25
1719554667129,88.9,25
1719554668154,89.1,100
1719554668154,89.1,100
1719554669927,89.25,25
1719554670621,89.8,75
1719554671018,89.6,25
1719554671713,89.2,25
1719554672632,89.0,50
1719554672803,89.0,25
1719554673931,89.15,200
1719554674258,89.3,25
1719554674925,88.95,500
1719554675528,89.3,100
1719554675528,89.3,100
1719554676760,89.9,475
1719554677428,89.7,25
1719554677935,89.6,25
1719554678922,89.55,50
1719554679261,89.55,25
1719554679922,89.7,25
1719554680922,89.65,25
1719554681801,89.75,25
1719554682603,89.3,25
1719554682912,89.15,25
1719554683836,89.35,25
1719554684320,89.7,25
1719554684803,89.9,175
1719554685791,90.45,25
1719554685791,90.45,25
1719554686513,90.3,25
1719554687430,90.1,25
1719554687430,90.1,25
1719554688955,90.1,25
1719554688955,90.1,25
1719554689919,90.0,50
1719554690857,90.4,25
1719554690857,90.4,25
1719554691819,90.25,25
1719554692625,90.0,75
1719554692796,90.05,175
1719554693427,90.1,150
1719554694101,90.1,25
1719554694762,89.8,25
1719554695362,90.0,25
1719554696961,90.0,100
1719554697545,90.1,25
1719554697909,89.9,150
1719554698736,90.1,100
1719554699419,90.45,225
1719554699419,90.45,225
1719554700563,90.5,200
1719554700912,90.55,25
1719554700912,90.55,25
1719554701602,90.9,50
1719554702460,90.75,50
1719554702818,90.75,250
1719554704042,90.1,100
1719554704429,90.65,125
1719554704769,90.6,25
1719554705685,90.15,25
1719554706014,90.2,25
1719554706707,90.25,75
1719554707550,90.25,150
1719554707890,90.45,400
1719554708897,90.25,25
1719554709465,90.4,25
1719554709721,90.5,25
1719554710536,90.45,50
1719554711017,90.6,25
1719554711946,90.5,25
1719554712381,90.7,25
1719554712981,90.65,50
1719554713957,90.9,25
1719554714402,91.1,225
1719554714884,90.95,50
1719554715852,91.05,25
1719554715852,91.05,25
1719554716651,91.3,200
1719554717562,91.2,175
1719554717888,91.25,25
1719554719017,91.4,25
1719554719181,91.45,25
1719554719818,91.35,175
1719554720790,91.05,25
1719554721078,91.3,50
1719554722146,91.35,50
1719554722675,91.55,25
1719554722897,91.6,25
1719554723871,91.7,100
1719554724247,91.55,25
1719554724966,91.7,25
1719554726125,91.6,25
1719554726773,91.6,50
1719554727620,91.6,100
1719554727937,91.6,25
1719554728777,91.7,25
1719554729290,91.5,25
1719554729934,91.1,25
1719554730477,91.35,50
1719554731122,91.3,100
1719554731696,91.4,25
1719554732702,91.4,25
1719554732893,91.3,125
1719554733651,91.2,100
1719554734092,91.4,25
1719554735101,91.7,75
1719554735943,91.8,100
1719554736108,91.9,25
1719554736808,92.0,25
1719554737692,91.75,25
1719554737942,91.85,25
1719554738959,91.75,50
1719554739210,91.65,900
1719554740134,92.6,25
1719554740946,92.3,100
1719554741113,92.45,25
1719554741926,92.4,50
1719554742624,92.45,25
1719554742917,92.7,750
1719554743755,92.5,150
1719554744291,92.8,25
1719554744877,93.0,25
1719554745869,92.85,25
1719554746060,92.7,25
1719554747139,92.8,25
1719554747598,92.8,25
1719554747803,92.95,25
1719554748662,92.55,25
1719554749300,92.8,50
1719554749947,92.75,25
1719554750460,92.7,25
1719554751973,92.95,25
1719554752705,92.6,25
1719554753127,92.75,25
1719554753846,92.8,25
1719554754286,92.55,100
1719554754366,92.8,75
1719554755988,92.6,25
1719554756042,92.75,575
1719554756904,92.65,25
1719554757646,92.5,25
1719554757921,92.45,50
1719554758971,92.65,25
1719554759324,92.65,25
1719554760092,93.0,50
1719554760566,93.0,25
1719554760917,93.15,50
1719554761096,93.0,25
1719554761988,92.85,25
1719554762627,93.1,125
1719554762978,93.1,50
1719554764002,93.1,25
1719554764238,93.1,75
1719554764886,93.2,25
1719554766211,93.1,225
1719554766991,93.5,175
1719554767761,93.35,25
1719554768001,93.3,25
1719554768989,93.7,25
1719554769320,93.7,200
1719554769999,93.55,100
1719554771198,93.2,25
1719554771992,93.45,75
1719554772691,93.7,25
1719554772850,93.45,25
1719554773992,93.85,100
1719554774271,93.85,25
1719554774911,93.9,25
1719554776179,93.8,25
1719554776179,93.8,25
1719554777005,93.8,25
1719554777767,93.5,25
1719554777991,93.2,25
1719554778966,93.25,500
1719554779346,93.3,25
1719554780173,93.3,25
1719554780937,93.35,75
1719554781174,93.35,200
1719554781993,93.45,25
1719554782680,93.25,25
1719554782830,93.5,125
1719554783942,93.4,75
1719554784594,93.25,25
1719554785020,93.5,50
1719554785939,93.15,25
1719554786190,93.1,25
1719554786966,93.2,50
1719554787613,93.45,25
1719554787947,93.5,25
1719554788882,93.25,25
1719554789367,93.45,50
1719554789664,93.65,25
1719554790600,93.55,125
1719554791015,93.55,25
1719554791198,93.75,25
1719554791981,94.2,25
1719554792765,93.95,25
1719554792875,93.85,25
1719554793709,93.75,75
1719554794381,94.2,50
1719554795013,94.4,275
1719554795931,94.55,150
1719554796163,94.45,25
1719554797161,94.75,200
1719554797695,94.6,25
1719554797960,95.0,25
1719554799179,94.4,50
1719554799376,94.45,25
1719554799846,94.65,25
1719554800974,94.9,125
1719554801088,94.85,25
1719554802159,94.75,25
1719554802783,94.5,25
1719554802998,94.65,25
1719554804000,94.15,125
1719554804301,94.2,50
1719554805193,94.2,25
1719554805988,94.4,400
1719554806213,94.45,25
1719554806845,94.0,50
1719554807825,94.45,25
1719554808014,94.4,50
1719554808998,94.15,50
1719554809297,94.15,25
1719554809925,94.25,25
1719554811019,94.4,25
1719554811145,94.1,25
1719554811888,94.25,25
1719554812826,93.55,25
1719554812826,93.55,25
1719554814197,93.45,100
1719554814399,93.4,50
1719554814898,93.65,25
1719554815869,93.75,250
1719554816221,93.75,150
1719554816976,93.7,75
1719554817800,93.9,50
1719554817943,93.9,75
1719554818902,93.75,75
1719554819376,94.1,25
1719554819959,94.0,75
1719554820440,93.9,125
1719554820815,94.45,100
1719554821164,94.25,25
1719554821716,94.3,50
1719554822784,94.2,25
1719554823024,94.2,25
1719554823923,93.8,125
1719554824336,93.75,100
1719554824829,93.9,50
1719554826032,93.6,25
1719554826261,93.6,50
1719554826924,93.6,25
1719554827719,93.6,25
1719554827980,93.6,375
1719554829000,93.55,50
1719554829462,93.5,400
1719554829721,93.7,25
1719554830885,93.0,25
1719554831198,92.75,25
1719554831679,92.7,150
1719554832815,92.6,50
1719554832919,92.8,25
1719554833964,92.45,1650
1719554834351,92.25,200
1719554835187,91.75,25
1719554836022,92.5,25
1719554836022,92.5,25
1719554836999,92.3,50
1719554837784,92.65,25
1719554837784,92.65,25
1719554838840,92.65,25
1719554839183,92.75,25
1719554839636,92.8,325
1719554840846,92.8,50
1719554841882,92.25,75
1719554842729,91.9,25
1719554843016,92.15,25
1719554843986,92.3,25
1719554844355,92.25,25
1719554844989,92.0,75
1719554846015,92.15,50
1719554846870,92.1,25
1719554847748,92.4,25
1719554847897,92.45,25
1719554848820,92.45,25
1719554849278,92.2,50
1719554849954,92.15,50
1719554849954,92.15,50
1719554851045,92.25,25
1719554852013,92.1,50
1719554852710,92.05,25
1719554853014,92.25,50
1719554853848,92.7,100
1719554854376,92.75,25
1719554855004,92.2,150
1719554855865,92.35,75
1719554857008,92.4,25
1719554857806,92.6,25
1719554857971,92.65,50
1719554858576,92.65,250
1719554859165,92.8,25
1719554860237,93.0,25
1719554861012,93.0,25
1719554861098,93.0,75
1719554861930,93.05,75
1719554862713,93.05,50
1719554863000,93.2,25
1719554863998,92.95,75
1719554864450,93.15,25
1719554865064,92.8,25
1719554865638,92.5,375
1719554867004,93.05,25
1719554867603,93.0,50
1719554868048,93.0,150
1719554869043,93.2,50
1719554869261,93.05,75
1719554870050,93.4,25
1719554870812,93.3,50
1719554871925,93.25,150
1719554872357,93.6,125
1719554872997,93.4,150
1719554873921,93.25,25
1719554874285,93.3,50
1719554875057,93.15,25
1719554875764,93.25,25
1719554875764,93.25,25
1719554877019,93.65,125
1719554877505,93.75,25
1719554877876,93.85,25
1719554878980,93.75,25
1719554878980,93.75,25
1719554879929,93.5,100
1719554880646,93.3,75
1719554881017,93.3,25
1719554881998,93.2,50
1719554882196,93.4,50
1719554883065,93.4,225
1719554883621,93.45,25
1719554883975,93.45,25
1719554885198,93.3,25
1719554885498,93.2,225
1719554885997,93.45,50
1719554886994,93.3,25
1719554887299,93.4,50
1719554888023,93.8,100
1719554888861,93.7,25
1719554889052,93.55,50
1719554890024,93.35,25
1719554890537,93.2,25
1719554890797,93.4,25
1719554891943,93.25,75
1719554892334,93.4,25
1719554892997,93.0,50
1719554893915,93.2,25
1719554895083,93.0,25
1719554895448,93.0,25
1719554896023,92.45,50
1719554896868,92.55,150
1719554897307,92.4,25
1719554897960,92.25,25
1719554898941,92.2,75
1719554898941,92.2,75
1719554900054,92.25,175
1719554900472,92.15,150
1719554900780,92.4,50
1719554902002,92.95,25
1719554902121,93.0,100
1719554903070,92.6,25
1719554903823,92.4,75
1719554904075,92.4,50
1719554904261,92.7,150
1719554905499,92.9,25
1719554905820,92.85,25
1719554906784,92.4,25
1719554906784,92.4,25
1719554907279,92.2,100
1719554909026,92.15,25
1719554909796,91.95,50
1719554910313,91.7,25
1719554911025,91.85,25
1719554911859,91.95,25
1719554913067,91.75,25
1719554913067,91.75,25
1719554913695,91.6,150
1719554915283,91.35,25
1719554915283,91.35,25
1719554916035,91.65,50
1719554916919,91.35,375
1719554917072,91.35,25
1719554917923,91.55,100
1719554918284,91.45,975
1719554919021,91.65,75
1719554920012,91.65,50
1719554920357,91.65,25
1719554920724,91.65,25
1719554922066,91.65,25
1719554922784,91.5,25
1719554923592,91.5,100
1719554924073,91.35,50
1719554924763,91.25,25
1719554925390,91.25,25
1719554925823,91.0,150
1719554926840,90.75,25
1719554926840,90.75,25
1719554928024,90.9,25
1719554928550,90.55,75
1719554928890,90.5,25
1719554930068,90.6,25
1719554930401,90.8,125
1719554930401,90.8,125
1719554931941,90.8,50
1719554932085,90.6,25
1719554933061,90.15,50
1719554933613,90.1,25
1719554934026,90.1,225
1719554935076,89.75,25
1719554935392,89.55,475
1719554936026,89.65,250
1719554937052,89.5,25
1719554938094,90.05,100
1719554938515,90.2,25
1719554938826,90.1,25
1719554939988,90.5,50
1719554940357,90.75,25
1719554940357,90.75,25
1719554940996,90.5,25
1719554941793,90.9,25
1719554942040,90.95,150
1719554942216,90.85,25
1719554943255,90.6,25
1719554944077,90.45,25
1719554944917,90.35,25
1719554945398,90.25,25
1719554945641,90.3,25
1719554947087,89.95,50
1719554948017,90.3,25
1719554948603,90.1,300
1719554949060,90.2,100
1719554950075,90.4,75
1719554950075,90.4,75
1719554950931,90.2,75
1719554952089,90.2,25
1719554952992,89.9,25
1719554953585,90.35,25
1719554954038,90.45,75
1719554954621,90.45,25
1719554954621,90.45,25
1719554955874,90.05,500
1719554956957,90.2,25
1719554956957,90.2,25
1719554958075,90.15,75
1719554958398,90.45,150
1719554958861,90.5,500
1719554959845,90.5,25
1719554960139,90.4,25
1719554960523,90.2,25
1719554961823,90.5,25
1719554961823,90.5,25
1719554962946,90.4,25
1719554962946,90.4,25
1719554963769,90.6,25
1719554964746,90.55,50
1719554964746,90.55,50
1719554966109,90.5,250
1719554966577,90.75,25
1719554966577,90.75,25
1719554968098,90.7,200
1719554968585,90.7,25
1719554968991,90.7,75
1719554970078,90.2,25
1719554970452,90.15,425
1719554970948,90.05,25
1719554971671,90.2,100
1719554971887,90.2,400
1719554973042,90.45,250
1719554973471,90.4,200
1719554973955,90.25,25
1719554975044,90.1,25
1719554975150,90.2,50
1719554976084,90.25,75
1719554976564,90.15,500
1719554977066,90.2,50
1719554977971,90.25,25
1719554977971,90.25,25
1719554979112,90.4,25
1719554980010,90.5,25
1719554980221,90.6,25
1719554981046,90.3,425
1719554981748,90.6,25
1719554981748,90.6,25
1719554982980,90.55,200
1719554983381,90.2,25
1719554984050,90.15,25
1719554985111,90.2,50
1719554985111,90.2,50
1719554985916,90.25,1000
1719554986892,90.25,50
1719554986892,90.25,50
1719554988087,90.2,50
1719554988229,90.4,25
1719554988776,90.35,25
1719554989240,90.4,200
1719554990236,90.25,150
1719554990888,90.0,50
1719554991917,90.25,500
1719554991917,90.25,500
1719554993274,90.05,25
1719554993274,90.05,25
1719554994016,90.15,25
1719554994953,89.95,25
1719554995254,89.8,25
1719554996044,89.55,25
1719554996600,89.6,25
1719554997096,89.6,75
1719554998134,89.5,75
1719554998300,89.55,25
1719554999322,89.35,50
1719555000048,89.75,150
1719555000230,90.2,125
1719555000465,90.1,750
1719555001107,89.85,25
1719555001904,89.65,25
1719555001904,89.65,25
1719555003075,90.0,25
1719555003075,90.0,25
1719555003997,89.9,200
1719555005108,89.8,25
1719555005303,89.75,25
1719555006028,89.95,50
1719555006828,89.75,175
1719555007130,89.8,50
1719555008088,89.7,100
1719555008495,90.0,100
1719555009111,89.9,50
1719555009902,90.2,75
1719555010221,90.35,75
1719555011048,90.85,50
1719555011938,90.75,75
1719555012031,90.4,25
1719555013017,90.95,25
1719555013327,90.9,25
1719555014025,90.75,25
1719555015133,90.9,100
1719555015293,90.7,275
1719555015878,90.5,25
1719555016937,90.35,25
1719555016937,90.35,25
1719555018015,89.95,25
1719555018179,89.95,50
1719555018758,90.2,25
1719555019377,90.25,50
1719555021000,90.8,25
1719555021609,90.55,25
1719555022083,90.65,25
1719555022960,90.65,200
1719555023458,90.7,50
1719555024147,90.8,150
1719555025159,90.75,25
1719555026009,90.8,75
1719555026562,90.8,25
1719555026848,90.75,50
1719555028101,90.85,25
1719555028241,90.85,25
1719555028795,91.35,25
1719555030100,91.0,25
1719555030593,91.4,25
1719555030994,91.0,75
1719555031769,90.95,25
1719555032136,91.1,25
1719555033100,91.25,25
1719555033221,91.2,450
1719555033813,91.3,25
1719555035006,91.3,25
1719555035952,91.4,25
1719555036557,90.95,25
1719555037101,91.15,250
1719555038101,91.2,250
1719555038483,91.1,175
1719555039165,91.3,25
1719555040109,91.5,75
1719555041045,91.3,50
1719555041720,91.35,75
1719555042329,91.25,25
1719555043108,91.4,25
1719555043108,91.4,25
1719555044069,91.25,25
1719555045115,91.55,50
1719555045956,91.9,600
1719555046257,92.0,75
1719555046967,91.9,50
1719555048058,92.2,25
1719555048521,92.15,375
1719555048744,92.2,50
1719555050112,91.65,250
1719555051086,91.75,25
1719555051534,91.65,50
1719555052113,91.65,25
1719555053105,91.75,100
1719555053105,91.75,100
1719555053903,91.75,25
1719555055018,91.85,325
1719555055018,91.85,325
1719555056214,91.65,25
1719555056782,91.9,25
1719555057023,91.9,25
1719555058006,91.85,25
1719555058319,92.05,200
1719555058860,92.35,25
1719555059803,92.2,50
1719555059803,92.2,50
1719555061134,92.0,200
1719555061801,92.0,25
1719555062168,92.15,25
1719555063194,91.8,25
1719555063198,91.7,75
1719555063845,91.85,25
1719555065129,91.4,50
1719555066072,91.35,25
1719555066607,91.45,25
1719555066607,91.45,25
1719555067594,91.45,325
1719555068314,91.35,400
1719555069107,91.3,25
1719555070058,91.35,50
1719555070058,91.35,50
1719555070703,91.45,200
1719555071563,91.85,25
1719555071563,91.85,25
1719555073087,92.05,25
1719555073284,91.7,25
1719555074061,91.9,50
1719555075229,91.9,25
1719555075846,92.05,25
1719555076828,92.1,25
1719555077060,92.1,50
1719555078139,92.2,25
1719555078333,92.1,100
1719555079018,92.05,50
1719555079897,92.25,25
1719555079897,92.25,25
1719555081100,92.2,25
1719555081569,91.9,75
1719555082162,91.95,25
1719555083101,92.0,150
1719555083437,91.75,25
1719555083437,91.75,25
1719555084579,91.75,50
1719555084579,91.75,50
1719555086138,91.7,25
1719555086578,91.8,25
1719555087157,92.2,150
1719555088116,92.2,50
1719555088116,92.2,50
1719555089141,92.15,25
1719555089890,92.0,75
1719555090122,92.25,25
1719555090545,92.1,50
1719555091093,92.2,25
1719555091664,91.75,225
1719555092121,92.0,25
1719555093091,91.65,50
1719555093091,91.65,50
1719555094154,91.9,25
1719555095063,91.5,175
1719555095186,91.15,250
1719555096107,91.25,325
1719555096470,91.2,200
1719555097161,90.95,25
1719555098083,91.0,125
1719555098083,91.0,125
1719555098979,90.8,25
1719555099558,91.0,75
1719555099558,91.0,75
1719555101210,90.25,25
1719555101879,90.85,25
1719555102177,90.7,175
1719555103120,90.75,25
1719555103383,90.5,200
1719555103646,90.55,25
1719555104943,90.6,25
1719555104943,90.6,25
1719555105910,90.6,250
1719555106754,90.6,50
1719555107177,90.95,25
1719555107905,91.0,50
1719555108437,91.05,25
1719555108740,91.75,25
1719555109701,91.4,25
1719555111013,91.45,50
1719555111795,91.45,75
1719555111795,91.45,75
1719555113185,91.5,125
1719555113364,91.3,50
1719555113993,91.5,25
1719555114750,91.35,25
1719555114750,91.35,25
1719555116195,91.15,25
1719555116767,91.1,25
1719555116767,91.1,25
1719555117866,91.5,50
1719555118367,91.3,25
1719555119132,91.35,25
1719555119916,91.4,75
1719555120145,91.5,25
1719555120145,91.5,25
1719555120963,91.55,25
1719555121550,91.5,100
1719555121550,91.5,100
1719555123361,91.3,50
1719555123361,91.3,50
1719555123963,91.5,25
1719555125183,91.4,25
1719555126067,91.45,25
1719555126067,91.45,25
1719555127204,91.35,225
1719555128141,91.65,100
1719555128319,91.55,50
1719555129128,91.55,25
1719555129128,91.55,25
1719555130967,91.65,250
1719555131517,91.85,25
1719555131517,91.85,25
1719555132151,91.6,25
1719555133137,91.85,25
1719555133137,91.85,25
1719555134088,91.55,175
1719555134730,91.45,25
1719555135850,91.55,25
1719555136711,91.7,25
1719555137129,91.7,25
1719555137129,91.7,25
1719555138801,91.75,75
1719555139397,91.55,25
1719555140174,91.2,175
1719555140559,91.35,25
1719555141593,91.5,50
1719555141741,91.4,25
1719555142720,91.1,25
1719555143495,90.95,25
1719555144194,90.8,25
1719555145023,90.5,125
1719555145177,90.65,25
1719555146048,90.5,250
1719555146674,90.55,25
1719555147160,90.8,25
1719555148043,90.7,25
1719555148043,90.7,25
1719555148366,90.7,1775
1719555148366,90.7,1775
1719555150425,90.35,225
1719555151224,90.6,150
1719555151224,90.6,150
1719555152207,90.35,50
1719555152910,90.4,25
1719555153952,90.25,1775
1719555154735,90.5,25
1719555154735,90.5,25
1719555155926,90.75,25
1719555155926,90.75,25
1719555156854,90.9,75
1719555157780,90.3,25
1719555158035,90.4,100
1719555159167,90.2,225
1719555159167,90.2,225
1719555160120,90.45,25
1719555161348,90.0,300
1719555162183,90.15,25
1719555162944,90.25,50
1719555162944,90.25,50
1719555164084,90.45,25
1719555164084,90.45,25
1719555164984,90.7,25
1719555165777,90.7,100
1719555165777,90.7,100
1719555167123,90.55,25
1719555167123,90.55,25
1719555168195,90.7,25
1719555168965,91.0,125
1719555168965,91.0,125
1719555170213,91.1,75
1719555171066,91.35,50
1719555171066,91.35,50
1719555172244,91.65,25
1719555172896,91.45,25
1719555173191,91.55,25
1719555173653,91.6,50
1719555174283,91.55,25
1719555174775,91.5,25
1719555176146,91.1,25
1719555176280,91.2,100
1719555177223,90.65,125
1719555177826,90.6,25
1719555177826,90.6,25
1719555179137,90.55,100
1719555179374,90.55,50
1719555180155,90.65,25
1719555180155,90.65,25
1719555181032,90.4,25
1719555181348,90.4,25
1719555182193,90.25,25
1719555182966,90.6,50
1719555183242,90.7,25
1719555183943,90.5,50
1719555184422,90.7,50
1719555185145,90.6,25
1719555186008,90.75,125
1719555186008,90.75,125
1719555187209,91.0,25
1719555187960,91.0,25
1719555187960,91.0,25
1719555188357,91.2,25
1719555189553,91.3,75
1719555190208,91.15,25
1719555190794,90.65,50
1719555191253,90.75,25
1719555192218,90.5,25
1719555192728,90.65,25
1719555193199,90.55,25
1719555194031,90.8,100
1719555194031,90.8,100
1719555195036,90.55,25
1719555195656,90.4,100
1719555196163,90.5,25
1719555197070,90.55,25
1719555197775,90.85,25
1719555198218,90.85,100
1719555198986,90.95,25
1719555198986,90.95,25
1719555199942,90.85,25
1719555200871,90.6,25
1719555201243,90.5,25
1719555202151,90.5,200
1719555202151,90.5,200
1719555203221,90.55,25
1719555203865,90.7,175
1719555205241,90.5,25
1719555205343,90.65,250
1719555206184,90.75,25
1719555207189,90.7,25
1719555207395,90.85,25
1719555207942,90.75,25
1719555208681,91.0,100
1719555209244,91.1,25
1719555210200,90.95,25
1719555210574,90.85,25
1719555211139,90.75,25
1719555212047,90.5,25
1719555212047,90.5,25
1719555213250,90.75,25
1719555213827,90.65,25
1719555214190,90.8,25
1719555214675,90.65,25
1719555214675,90.65,25
1719555216001,90.8,25
1719555216965,90.65,25
1719555217341,90.65,25
1719555218661,90.75,25
1719555218661,90.75,25
1719555220250,90.6,25
1719555220250,90.6,25
1719555221248,90.6,25
1719555222001,90.6,25
1719555222829,90.7,25
1719555223620,90.65,25
1719555224220,90.7,150
1719555224591,90.5,25
1719555224591,90.5,25
1719555226267,90.75,25
1719555226363,90.85,25
1719555227262,90.7,25
1719555227561,90.5,25
1719555227561,90.5,25
1719555229211,90.8,25
1719555229989,90.95,25
1719555230091,90.9,75
1719555230571,91.05,50
1719555231519,90.9,25
1719555232034,90.8,25
1719555233280,90.45,25
1719555234191,90.25,75
1719555234485,90.25,25
1719555235245,90.45,25
1719555236235,90.35,25
1719555236235,90.35,25
1719555236908,90.5,75
1719555237847,90.6,100
1719555239202,90.45,25
1719555240052,90.45,25
1719555240270,90.6,25
1719555240644,90.55,50
1719555240644,90.55,50
1719555241356,90.7,25
1719555242167,90.7,50
1719555243277,90.95,25
1719555244128,90.95,200
1719555245031,90.9,25
1719555245031,90.9,25
1719555246099,90.95,25
1719555246370,91.3,50
1719555247231,91.05,25
1719555248217,91.15,25
1719555249047,91.15,25
1719555250065,91.2,25
1719555250065,91.2,25
1719555251380,90.55,25
1719555251553,90.65,50
1719555252232,90.5,25
1719555253037,90.9,200
1719555254066,90.9,25
1719555254525,90.95,25
1719555255278,90.9,25
1719555255498,91.1,50
1719555256848,90.55,350
1719555257490,90.75,25
1719555258290,90.75,75
1719555258876,90.75,50
1719555258876,90.75,50
1719555260205,90.6,50
1719555260712,90.7,50
1719555261145,90.8,25
1719555262220,90.55,25
1719555262220,90.55,25
1719555263109,90.7,50
1719555264206,90.9,25
1719555265268,91.65,100
1719555266033,92.0,75
1719555266266,92.0,50
1719555266472,92.1,50
1719555267593,91.85,25
1719555267593,91.85,25
1719555269274,91.95,100
1719555269939,92.05,25
1719555269939,92.05,25
1719555270996,91.65,25
1719555271273,91.15,25
1719555272157,90.85,25
1719555272686,91.0,75
1719555272800,90.95,25
1719555274033,91.25,25
1719555275080,91.1,25
1719555276116,91.3,25
1719555276268,91.55,25
1719555277035,91.6,25
1719555277035,91.6,25
1719555277938,91.8,25
1719555279071,91.9,100
1719555280289,92.3,25
1719555280745,92.0,25
1719555281178,92.15,25
1719555281894,91.95,25
1719555282777,91.65,25
1719555283308,91.3,450
1719555284160,91.15,50
1719555285141,91.45,25
1719555285408,91.55,25
1719555286275,91.5,25
1719555286822,91.6,25
1719555286822,91.6,25
1719555288045,91.7,25
1719555289076,91.7,50
1719555289076,91.7,50
1719555290235,91.9,25
1719555291033,92.05,25
1719555291293,91.85,25
1719555292089,91.9,25
1719555292537,91.95,50
1719555293317,91.9,75
1719555294267,91.8,75
1719555295302,91.8,175
1719555295622,91.7,100
1719555296216,91.75,25
1719555297090,91.6,25
1719555297528,91.6,50
1719555297981,91.75,25
1719555299120,91.7,50
1719555299950,91.75,25
1719555299950,91.75,25
1719555300805,91.85,25
1719555301325,91.6,100
1719555302279,91.5,125
1719555302579,91.6,75
1719555302775,91.8,25
1719555303799,91.65,50
1719555303799,91.65,50
1719555305211,91.8,25
1719555305791,91.9,25
1719555306256,92.15,25
1719555307119,92.3,125
1719555307356,92.15,25
1719555307523,92.15,125
1719555309040,92.05,50
1719555309223,92.1,25
1719555310152,92.15,25
1719555310566,92.25,25
1719555311056,92.05,25
1719555312276,91.7,100
1719555313026,91.75,50
1719555313026,91.75,50
1719555314187,92.1,25
1719555314852,91.95,25
1719555315494,92.1,25
1719555316328,92.3,25
1719555316864,92.1,50
1719555317308,92.2,75
1719555318242,92.1,50
1719555318840,92.0,150
1719555319102,92.0,25
1719555320022,92.05,600
1719555320022,92.05,600
1719555321265,92.05,25
1719555321972,91.8,75
1719555322146,91.9,150
1719555323106,91.9,50
1719555323767,91.9,25
1719555324306,91.7,25
1719555325156,91.8,150
1719555325156,91.8,150
1719555326323,92.05,25
1719555326753,92.15,25
1719555326934,92.15,25
1719555328413,92.15,75
1719555328940,92.05,25
1719555330001,92.1,100
1719555330001,92.1,100
1719555330615,92.05,25
1719555330813,92.0,75
1719555331788,92.05,25
1719555331909,91.85,25
1719555332813,91.95,25
1719555332813,91.95,25
1719555334533,91.85,25
1719555334533,91.85,25
1719555335642,92.0,50
1719555335765,92.0,50
1719555336708,92.15,25
1719555337345,92.0,25
1719555338198,92.2,25
1719555338396,92.15,25
1719555339288,92.65,25
1719555339916,92.7,75
1719555340338,92.3,25
1719555341303,92.5,50
1719555341490,92.5,25
1719555342333,92.15,25
1719555343344,91.4,25
1719555343344,91.4,25
1719555344350,90.8,25
1719555344960,91.25,200
1719555345129,90.95,25
1719555346296,91.1,25
1719555346296,91.1,25
1719555347290,91.35,25
1719555348191,91.5,25
1719555348282,91.4,25
1719555349345,91.0,100
1719555349517,91.3,25
1719555350159,91.15,25
1719555351299,90.95,25
1719555351635,90.95,25
1719555352218,91.0,25
1719555352828,90.9,25
1719555352828,90.9,25
1719555354113,90.75,25
1719555354473,90.75,50
1719555354710,90.8,75
1719555356198,90.85,25
1719555357303,90.75,25
1719555358082,90.85,25
1719555358116,91.0,425
1719555359263,90.75,25
1719555359456,90.75,25
1719555359758,90.45,25
1719555359758,90.45,25
1719555361009,90.95,25
1719555361288,91.0,25
1719555362137,90.7,25
1719555362736,90.6,25
1719555363356,90.3,25
1719555364014,90.3,25
1719555364467,90.35,25
1719555365272,90.45,50
1719555366014,90.35,25
1719555366187,90.35,25
1719555367255,90.3,125
1719555367732,90.15,250
1719555367981,90.1,25
1719555369218,90.0,25
1719555369505,90.15,25
1719555369859,90.2,25
1719555370478,90.05,100
1719555371128,90.1,25
1719555372115,90.0,25
1719555372648,90.65,100
1719555373307,90.3,300
1719555374292,89.35,300
1719555374448,89.7,25
1719555375528,90.0,25
1719555376048,91.0,25
1719555376365,90.75,25
1719555377322,90.6,50
1719555377322,90.6,50
1719555378316,90.4,25
1719555378584,90.15,25
1719555378584,90.15,25
1719555380396,90.45,50
1719555381088,90.45,25
1719555381088,90.45,25
1719555382110,90.7,25
1719555382483,90.7,25
1719555382483,90.7,25
1719555384376,90.6,25
1719555384501,90.85,100
1719555385367,90.7,25
1719555386062,90.6,25
1719555386062,90.6,25
1719555387332,90.5,25
1719555387552,90.55,25
1719555388074,90.6,175
1719555389243,90.7,25
1719555389383,90.9,50
1719555389383,90.9,50
1719555389383,90.9,50
1719555391068,90.6,75
1719555391068,90.6,75
1719555391836,90.6,25
1719555391836,90.6,25
1719555393021,90.65,25
1719555394230,90.9,25
1719555394230,90.9,25
1719555395193,91.0,25
1719555395865,90.95,25
1719555395865,90.95,25
1719555397335,91.95,550
1719555397722,91.75,50
1719555398319,91.65,250
1719555399331,91.6,25
1719555399431,91.85,75
1719555399952,91.95,50
1719555400961,91.95,75
1719555400961,91.95,75
1719555402306,91.85,25
1719555402740,91.9,25
1719555403229,91.85,25
1719555403940,92.3,425
1719555405043,92.75,25
1719555406014,92.95,25
1719555406394,92.8,25
1719555407243,92.85,350
1719555407731,92.85,25
1719555408330,93.05,25
1719555409311,92.85,25
1719555410206,92.7,25
1719555411060,92.6,125
1719555411060,92.6,125
1719555412391,92.6,50
1719555412739,92.55,25
1719555412921,92.35,200
1719555414133,92.6,350
1719555415067,92.9,25
1719555415698,92.6,175
1719555416252,92.55,25
1719555417362,92.6,150
1719555417514,92.65,25
1719555418346,92.75,50
1719555419090,92.8,25
1719555419090,92.8,25
1719555420175,92.95,25
1719555420532,92.65,125
1719555420733,92.6,25
1719555421366,92.65,25
1719555422016,92.4,50
1719555423059,92.8,100
1719555423831,92.65,25
1719555423831,92.65,25
1719555424961,92.75,25
1719555425540,92.6,75
1719555426086,92.6,25
1719555427329,92.7,25
1719555427832,92.65,125
1719555428982,93.0,100
1719555429323,93.0,25
1719555430244,92.5,50
1719555430244,92.5,50
1719555430772,92.5,25
1719555432113,92.45,75
1719555432249,92.7,300
1719555433241,92.7,25
1719555433694,92.55,50
1719555434224,92.6,75
1719555435051,92.7,25
1719555436201,92.25,25
1719555436846,92.55,25
1719555436846,92.55,25
1719555438116,92.55,25
1719555438116,92.55,25
1719555438754,92.5,100
1719555440135,92.35,75
1719555440135,92.35,75
1719555441396,92.65,25
1719555441846,92.45,150
1719555442258,92.6,25
1719555443389,92.6,25
1719555443389,92.6,25
1719555444307,92.75,100
1719555444307,92.75,100
1719555445396,92.45,25
1719555446360,92.6,100
1719555446767,92.65,25
1719555446767,92.65,25
1719555448179,92.45,25
1719555449073,92.2,25
1719555450152,92.0,125
1719555450518,92.0,25
1719555450518,92.0,25
1719555451081,92.1,25
1719555452234,91.95,25
1719555452537,92.15,25
1719555453111,91.95,25
1719555454063,91.95,25
1719555454063,91.95,25
1719555454945,92.3,200
1719555454945,92.3,200
1719555455914,92.35,25
1719555456643,92.75,50
1719555458338,92.45,75
1719555458594,92.7,50
1719555458594,92.7,50
1719555459942,92.5,25
1719555460794,92.65,25
1719555461213,92.45,25
1719555462288,92.55,25
1719555462288,92.55,25
1719555464690,92.4,25
1719555465291,92.4,250
1719555465676,92.35,50
1719555466082,92.25,25
1719555467048,92.25,125
1719555467403,92.35,25
1719555468597,92.45,25
1719555468918,92.3,25
1719555469137,92.35,25
1719555470209,92.05,25
1719555470209,92.05,25
1719555471405,92.0,50
1719555472201,92.15,25
1719555472407,92.2,25
1719555472407,92.2,25
1719555472407,92.2,25
1719555474596,92.3,25
1719555475259,92.0,250
1719555475435,92.2,75
1719555476334,92.15,25
1719555476334,92.15,25
1719555477527,92.1,200
1719555478380,92.3,125
1719555478572,92.15,125
1719555479310,92.3,50
1719555480275,92.0,50
1719555480275,92.0,50
1719555481350,91.65,25
1719555482200,92.1,25
1719555482276,91.9,25
1719555482523,92.0,50
1719555482523,92.0,50
1719555484247,92.25,25
1719555485350,92.2,850
1719555485621,91.9,50
1719555486258,91.6,100
1719555487189,91.55,50
1719555487189,91.55,50
1719555488316,91.25,25
1719555488853,91.3,125
1719555489333,91.35,25
1719555490208,91.5,100
1719555491356,91.1,25
1719555491921,91.35,50
1719555491921,91.35,50
1719555493193,90.9,25
1719555493193,90.9,25
1719555493971,90.95,50
1719555495330,91.2,25
1719555496211,91.3,25
1719555497036,91.3,25
1719555497233,91.45,100
1719555498086,91.55,25
1719555498820,91.45,25
1719555499199,91.65,175
1719555499758,91.85,25
1719555500997,91.6,75
1719555501477,91.5,25
1719555501477,91.5,25
1719555503228,91.3,25
1719555503635,91.45,175
1719555504259,91.0,25
1719555504259,91.0,25
1719555506761,91.15,125
1719555506761,91.15,125
1719555508480,91.55,25
1719555508480,91.55,25
1719555509641,91.4,25
1719555510340,91.2,75
1719555510340,91.2,75
1719555511000,91.1,425
1719555511000,91.1,425
1719555512727,91.5,25
1719555512727,91.5,25
1719555514378,91.25,25
1719555514526,91.45,200
1719555516447,91.4,25
1719555516836,91.2,100
1719555517268,91.4,25
1719555518016,91.3,50
1719555518861,91.3,25
1719555519155,91.5,25
1719555520102,91.05,475
1719555520102,91.05,475
1719555521229,90.6,50
1719555521875,90.9,50
1719555521875,90.9,50
1719555523370,90.75,25
1719555523370,90.75,25
1719555525083,91.3,25
1719555525281,91.45,400
1719555526365,91.1,25
1719555526551,91.2,25
1719555526551,91.2,25
1719555527685,91.1,25
1719555528805,90.9,25
1719555529055,91.1,25
1719555530390,91.2,50
1719555530730,90.9,25
1719555532008,90.85,25
1719555532008,90.85,25
1719555532635,91.1,400
1719555532635,91.1,400
1719555534297,90.9,25
1719555535139,90.7,25
1719555535139,90.7,25
1719555535575,90.85,75
1719555536790,90.65,25
1719555536790,90.65,25
1719555538373,90.5,25
1719555538373,90.5,25
1719555538891,90.35,25
1719555539731,90.4,375
1719555540210,90.55,25
1719555540651,90.7,100
1719555540823,90.85,25
1719555540823,90.85,25
1719555542307,90.2,100
1719555542676,90.0,100
1719555543040,90.2,75
1719555544253,90.1,25
1719555544253,90.1,25
1719555545144,90.05,125
1719555545967,90.1,25
1719555546318,90.1,25
1719555547430,90.0,25
1719555547705,90.1,25
1719555548259,90.15,25
1719555549341,90.05,325
1719555549357,90.0,475
1719555549862,90.15,25
1719555549862,90.15,25
1719555551441,90.15,25
1719555552437,90.25,50
1719555552673,90.4,75
1719555553303,90.0,25
1719555554135,90.0,50
1719555554429,90.0,25
1719555555599,90.05,50
1719555555599,90.05,50
1719555556384,90.15,50
1719555556384,90.15,50
1719555558852,90.25,250
1719555559393,90.15,50
1719555560352,90.4,25
1719555560807,90.3,75
1719555561245,90.15,25
1719555562350,90.25,25
1719555562350,90.25,25
1719555563224,90.0,150
1719555563959,90.0,425
1719555563959,90.0,425
1719555565119,89.8,25
1719555565697,89.95,25
1719555566217,89.85,50
1719555567125,89.85,100
1719555567125,89.85,100
1719555568311,89.9,25
1719555568311,89.9,25
1719555569469,90.25,25
1719555570120,89.95,125
1719555570265,90.0,25
1719555570265,90.0,25
1719555570933,90.4,75
1719555571517,90.15,25
1719555572445,90.0,25
1719555573226,90.05,25
1719555573539,90.0,75
1719555573722,90.15,25
1719555574879,89.85,275
1719555575137,90.3,25
1719555576169,90.0,25
1719555576169,90.0,25
1719555576733,90.1,25
1719555578237,90.0,25
1719555578237,90.0,25
1719555579392,90.0,100
1719555579959,89.95,25
1719555580476,89.15,25
1719555581092,89.1,25
1719555581523,89.35,50
1719555582434,88.9,100
1719555583153,88.85,75
1719555583153,88.85,75
1719555584454,88.8,25
1719555584625,88.9,25
1719555585483,88.75,75
1719555586357,88.6,25
1719555586357,88.6,25
1719555587478,88.8,25
1719555588176,88.65,25
1719555588436,88.65,25
1719555589289,88.85,50
1719555589910,88.8,50
1719555590330,89.2,25
1719555591401,89.25,50
1719555591401,89.25,50
1719555592213,89.2,25
1719555593208,89.3,25
1719555593208,89.3,25
1719555594224,89.5,50
1719555594743,89.5,50
1719555595468,89.3,25
1719555596327,89.3,25
1719555597406,89.35,50
1719555597963,89.4,150
1719555598182,89.25,25
1719555599094,89.4,25
1719555599780,89.2,50
1719555600374,89.1,50
1719555600374,89.1,50
1719555601412,89.05,200
1719555602184,89.4,50
1719555602527,89.25,25
1719555603434,89.45,50
1719555604349,89.4,25
1719555604836,89.55,25
1719555605009,89.5,25
1719555606491,89.4,25
1719555607435,89.55,25
1719555607940,89.7,50
1719555608106,89.5,50
1719555609280,89.45,25
1719555609559,89.6,25
1719555610300,89.45,50
1719555611161,88.9,100
1719555612463,88.75,250
1719555612980,88.7,25
1719555613484,89.0,50
1719555614250,88.5,25
1719555614600,88.4,50
1719555615281,88.2,25
1719555616208,88.6,25
1719555616277,88.45,25
1719555617133,88.5,25
1719555617745,88.6,50
1719555618487,88.75,350
1719555619256,88.9,25
1719555620455,89.05,25
1719555620822,89.25,25
1719555621477,89.05,75
1719555621998,88.8,25
1719555621998,88.8,25
1719555623329,89.0,50
1719555624351,88.75,375
1719555625138,89.2,150
1719555625848,88.8,100
1719555626421,88.8,25
1719555627497,88.9,25
1719555628226,88.8,25
1719555629082,89.1,25
1719555629492,89.1,25
1719555629929,89.25,25
1719555630593,89.1,25
1719555631496,89.0,450
1719555631568,88.9,175
1719555631568,88.9,175
1719555633240,88.8,125
1719555633873,89.0,50
1719555633873,89.0,50
1719555635094,88.9,25
1719555636379,89.15,25
1719555636379,89.15,25
1719555637437,89.15,25
1719555638246,89.0,200
1719555638933,89.05,25
1719555639875,89.1,25
1719555640397,88.85,75
1719555641411,89.15,1100
1719555641411,89.15,1100
1719555642217,88.85,175
1719555643490,88.6,25
1719555643823,88.9,25
1719555645230,88.95,100
1719555645447,88.7,300
1719555646203,88.6,375
1719555646635,88.65,50
1719555647307,88.8,25
1719555648493,88.55,25
1719555648959,88.6,25
1719555649880,88.8,250
1719555650306,88.75,25
1719555651208,89.0,50
1719555651208,89.0,50
1719555652086,88.75,25
1719555652086,88.75,25
1719555654288,88.8,25
1719555654461,89.0,25
1719555654568,89.0,125
1719555655375,89.0,25
1719555656299,89.15,75
1719555657502,88.9,150
1719555657502,88.9,150
1719555658454,88.85,250
1719555659223,88.75,50
1719555659919,88.5,25
1719555660074,88.35,50
1719555660074,88.35,50
1719555661511,88.55,25
1719555662198,88.3,25
1719555663134,88.15,50
1719555663134,88.15,50
1719555664453,88.0,50
1719555664700,88.0,325
1719555665664,88.05,50
1719555666532,88.1,25
1719555667454,87.6,25
1719555668098,87.75,25
1719555668703,87.9,75
1719555669512,87.95,75
1719555669574,87.8,25
1719555670448,87.75,25
1719555671437,87.4,100
1719555671536,87.1,175
1719555672514,87.15,25
1719555672889,87.3,25
1719555673199,87.1,50
1719555674432,87.2,75
1719555674906,86.95,25
1719555675465,87.0,50
1719555676320,86.95,200
1719555676320,86.95,200
1719555677397,87.25,450
1719555677754,87.45,25
1719555678387,87.15,25
1719555679439,87.5,25
1719555679637,87.7,25
1719555680302,87.75,25
1719555681208,87.75,50
1719555681514,87.75,25
1719555682241,88.1,25
1719555682241,88.1,25
1719555683402,88.7,25
1719555684498,89.25,25
1719555685398,89.1,100
1719555685761,89.3,25
1719555686471,89.3,25
1719555687407,89.45,50
1719555687854,89.15,25
1719555688471,89.05,25
1719555688732,89.05,125
1719555688732,89.05,125
1719555690496,88.6,50
1719555690554,88.4,25
1719555691149,88.65,100
1719555691197,88.65,25
1719555692028,88.4,75
1719555692767,88.5,25
1719555693311,88.55,50
1719555694549,89.1,350
1719555695483,89.15,75
1719555696032,89.05,25
1719555696316,89.15,25
1719555697178,89.1,25
1719555697971,89.0,25
1719555698335,88.95,50
1719555699028,89.25,150
1719555699600,89.15,25
1719555700310,89.25,25
1719555700310,89.25,25
1719555701409,88.85,25
1719555702524,89.35,175
1719555702763,89.45,325
1719555703413,89.5,125
1719555704453,89.5,375
1719555705342,89.65,25
1719555705342,89.65,25
1719555706498,89.6,25
1719555707424,89.6,25
1719555708373,89.65,25
1719555709147,89.75,250
1719555709358,89.6,25
1719555710096,89.35,75
1719555710096,89.35,75
1719555711365,89.4,100
1719555712319,89.4,25
1719555713355,89.0,25
1719555713764,89.0,100
1719555714511,89.2,25
1719555715536,88.85,25
1719555715788,88.7,250
1719555716453,89.0,25
1719555716453,89.0,25
1719555717891,89.1,25
1719555718612,89.15,25
1719555718612,89.15,25
1719555719799,89.2,50
1719555720330,89.3,25
1719555720330,89.3,25
1719555720330,89.3,25
1719555721094,89.15,25
1719555722029,89.35,25
1719555722029,89.35,25
1719555723400,89.3,50
1719555723964,89.05,25
1719555723964,89.05,25
1719555725273,89.1,25
1719555725823,88.9,50
1719555726437,88.95,50
1719555726918,88.8,25
1719555727535,88.95,25
1719555727995,88.95,25
1719555727995,88.95,25
1719555729409,88.95,350
1719555730524,88.7,25
1719555730524,88.7,25
1719555731037,88.8,500
1719555732346,89.1,50
1719555733452,89.0,25
1719555734022,89.25,50
1719555734316,89.0,25
1719555735588,89.0,75
1719555735588,89.0,75
1719555736870,89.0,200
1719555737412,89.2,25
1719555737412,89.2,25
1719555738035,89.25,25
1719555738639,88.95,50
1719555739342,89.0,150
1719555740371,89.5,25
1719555740969,89.3,25
1719555742275,89.3,25
1719555742275,89.3,25
1719555743547,89.4,150
1719555743547,89.4,150
1719555744200,89.3,25
1719555744200,89.3,25
1719555745765,89.05,25
1719555746449,88.7,50
1719555746449,88.7,50
1719555748129,89.1,125
1719555748350,89.1,175
1719555748616,89.05,25
1719555749218,89.1,100
1719555750397,89.15,300
1719555750574,89.05,25
1719555751054,89.05,25
1719555751702,89.0,25
1719555752371,88.9,25
1719555753520,89.2,100
1719555753609,89.15,75
1719555753609,89.15,75
1719555755429,89.2,75
1719555755429,89.2,75
1719555755955,89.1,100
1719555755955,89.1,100
1719555757254,89.1,25
1719555757913,89.15,25
1719555758888,89.2,25
1719555759023,89.3,25
1719555760552,89.05,25
1719555761195,89.0,250
1719555761779,88.85,50
1719555761779,88.85,50
1719555762849,89.0,100
1719555763917,88.75,150
1719555764033,88.6,25
1719555765256,88.5,350
1719555766464,88.7,175
1719555766964,88.8,25
1719555767538,88.5,75
1719555768449,88.7,75
1719555768449,88.7,75
1719555769383,88.95,50
1719555770418,88.8,25
1719555770418,88.8,25
1719555770418,88.8,25
1719555772428,89.0,25
1719555773483,88.8,25
1719555773483,88.8,25
1719555774413,88.85,25
1719555775452,88.2,75
1719555776465,88.45,25
1719555776665,88.65,25
1719555776665,88.65,25
1719555778501,88.5,25
1719555778501,88.5,25
1719555779139,88.75,25
1719555779830,88.5,25
1719555779830,88.5,25
1719555780956,88.35,25
1719555782097,88.05,50
1719555782224,88.15,25
1719555782788,88.3,75
1719555783736,88.25,50
1719555784285,88.2,25
1719555785100,88.05,125
1719555785100,88.05,125
1719555786391,88.2,25
1719555786976,88.3,25
1719555787549,88.15,25
1719555788539,88.25,100
1719555788539,88.25,100
1719555789276,88.45,100
1719555790091,88.3,25
1719555790091,88.3,25
1719555791554,88.3,25
1719555791849,88.2,25
1719555792570,87.75,25
1719555792841,87.55,50
1719555792841,87.55,50
1719555794414,87.9,25
1719555795149,87.9,25
1719555795443,87.6,25
1719555796562,86.9,50
1719555796836,87.2,100
1719555797565,87.15,100
1719555798532,86.2,25
1719555798739,86.25,50
1719555799391,86.3,25
1719555799604,86.3,75
1719555800574,86.2,50
1719555801584,86.75,150
1719555801889,86.65,75
1719555802586,86.75,25
1719555803566,86.95,425
1719555804599,87.1,200
1719555805167,87.0,50
1719555805442,87.15,25
1719555806533,87.15,50
1719555806642,87.15,200
1719555807495,87.35,25
1719555808598,86.9,25
1719555809536,86.9,25
1719555809999,86.85,75
1719555810660,86.85,25
1719555811518,86.55,150
1719555811891,86.65,25
1719555812442,87.0,225
1719555813529,87.0,250
1719555814244,87.0,25
1719555815077,86.9,25
1719555815506,87.0,25
1719555816504,86.85,175
1719555816980,86.9,50
1719555817456,87.0,25
1719555818551,86.9,175
1719555819583,86.95,25
1719555819770,87.0,125
1719555820423,87.0,325
1719555821423,87.1,25
1719555821907,87.1,25
1719555822372,87.4,25
1719555823591,87.45,25
1719555824554,87.4,25
1719555825159,87.3,25
1719555825385,87.25,25
1719555826124,87.1,25
1719555826990,87.2,25
1719555827679,87.2,150
1719555828445,87.05,25
1719555829381,87.15,25
1719555830089,87.2,100
1719555830380,87.5,25
1719555831311,87.35,25
1719555831936,87.5,25
1719555832516,87.4,25
1719555833082,87.35,225
1719555834494,87.5,25
1719555834494,87.5,25
1719555835412,87.45,25
1719555836594,87.5,25
1719555836813,87.45,25
1719555837408,87.55,25
1719555838528,87.2,25
1719555839326,87.35,50
1719555840087,87.25,50
1719555840413,87.4,225
1719555841572,87.5,50
1719555841652,87.45,25
1719555842518,87.4,175
1719555843591,87.4,25
1719555844564,87.65,75
1719555844564,87.65,75
1719555845538,87.65,25
1719555846596,87.75,175
1719555846907,87.9,75
1719555847342,87.85,25
1719555848229,87.8,75
1719555849563,87.9,100
1719555850237,87.7,25
1719555850577,87.7,25
1719555851418,87.7,50
1719555851870,87.75,100
1719555852478,87.65,25
1719555853545,87.8,25
1719555853545,87.8,25
1719555854061,87.8,50
1719555855218,87.7,25
1719555855218,87.7,25
1719555856145,87.7,25
1719555856145,87.7,25
1719555857902,87.85,25
1719555858648,88.0,75
1719555859617,87.7,225
1719555859617,87.7,225
1719555860359,87.8,200
1719555861849,87.9,25
1719555862703,88.45,25
1719555863607,88.35,25
1719555864753,88.7,75
1719555865195,88.6,350
1719555865374,88.6,25
1719555866561,88.7,175
1719555866829,88.75,100
1719555867110,88.9,25
1719555868335,88.95,25
1719555868335,88.95,25
1719555869535,89.1,25
1719555870129,89.05,175
1719555870504,88.8,25
1719555871627,88.4,150
1719555871818,88.4,25
1719555872601,88.25,50
1719555873661,88.25,50
1719555874502,88.45,50
1719555874813,88.5,100
1719555874813,88.5,100
1719555876795,88.6,25
1719555876795,88.6,25
1719555878762,88.6,25
1719555879519,88.2,25
1719555880206,88.25,25
1719555880591,88.25,25
1719555881191,88.3,25
1719555881191,88.3,25
1719555882646,88.15,25
1719555883634,88.4,25
1719555884611,88.4,25
1719555885139,88.6,25
1719555885448,88.6,25
1719555886132,88.7,25
1719555886132,88.7,25
1719555887527,88.8,25
1719555888655,88.75,25
1719555888990,88.7,25
1719555890185,88.75,100
1719555890477,88.8,25
1719555891620,89.05,25
1719555891801,88.75,25
1719555892333,88.85,100
1719555893518,88.75,25
1719555893518,88.75,25
1719555893888,88.45,50
1719555895269,88.6,25
1719555895600,88.5,25
1719555896536,88.3,200
1719555896536,88.3,200
1719555897199,88.25,25
1719555897822,88.5,25
1719555899113,88.7,50
1719555899847,88.45,25
1719555899847,88.45,25
1719555901385,88.65,50
1719555901385,88.65,50
1719555902513,88.55,25
1719555903408,88.5,75
1719555903408,88.5,75
1719555904276,88.75,25
1719555904811,88.7,50
1719555905630,88.75,25
1719555906443,89.0,25
1719555906700,88.9,25
1719555906700,88.9,25
1719555908351,88.95,175
1719555909572,88.95,200
1719555909572,88.95,200
1719555910380,88.85,50
1719555911630,88.95,25
1719555911630,88.95,25
1719555912248,89.0,100
1719555913296,89.0,25
1719555913296,89.0,25
1719555914652,89.05,25
1719555914795,88.95,25
1719555915630,89.15,75
1719555916483,88.95,25
1719555916585,88.95,25
1719555917652,89.05,25
1719555917869,89.2,75
1719555917869,89.2,75
1719555919488,89.0,50
1719555920405,89.15,25
1719555921514,88.85,50
1719555921607,88.7,25
1719555922360,88.85,25
1719555922994,88.9,25
1719555923268,88.95,75
1719555924535,88.8,25
1719555924535,88.8,25
1719555925581,88.75,50
1719555926579,88.05,25
1719555927617,88.0,125
1719555927924,87.95,50
1719555928624,87.45,50
1719555929595,87.4,25
1719555929595,87.4,25
1719555930503,87.1,25
1719555931545,87.5,25
1719555931608,87.35,25
1719555932661,87.3,25
1719555933119,87.35,25
1719555933474,87.35,150
1719555934241,87.25,50
1719555935200,87.2,25
1719555936355,87.75,25
1719555936592,87.65,50
1719555937382,87.95,25
1719555938115,87.95,75
1719555938280,87.9,25
1719555939380,87.95,150
1719555939757,87.8,25
1719555940202,87.85,75
1719555941626,87.95,125
1719555942546,88.0,25
1719555943018,88.15,50
1719555943532,88.15,25
1719555944695,87.95,325
1719555944695,87.95,325
1719555945974,87.7,25
1719555945974,87.7,25
1719555947233,87.75,25
1719555947941,87.8,200
1719555948526,87.8,25
1719555949650,87.9,25
1719555949650,87.9,25
1719555950584,87.95,25
1719555951607,87.95,50
1719555952086,87.75,25
1719555953111,87.9,25
1719555953567,87.75,25
1719555954596,87.9,25
1719555954596,87.9,25
1719555955429,88.1,225
1719555956578,88.05,25
1719555957605,88.0,25
1719555958135,87.95,25
1719555958135,87.95,25
1719555958751,88.0,550
1719555960630,88.2,25
1719555961235,88.15,25
1719555961235,88.15,25
1719555961235,88.15,25
1719555964226,88.15,25
1719555964851,88.1,50
1719555965185,88.25,25
1719555965899,88.0,25
1719555966647,87.9,25
1719555966647,87.9,25
1719555968506,88.0,25
1719555969317,88.15,25
1719555969317,88.15,25
1719555970159,88.1,25
1719555971148,88.2,125
1719555971148,88.2,125
1719555972606,88.15,25
1719555972867,87.9,275
1719555973359,87.95,50
1719555974766,88.0,650
1719555975537,88.45,125
1719555976189,88.5,50
1719555976594,88.95,125
1719555977519,88.9,50
1719555978021,88.75,100
1719555978623,88.8,25
1719555978623,88.8,25
1719555979953,88.85,300
1719555980470,88.95,75
1719555981192,89.0,25
1719555981628,88.75,25
1719555982342,88.9,50
1719555982342,88.9,50
1719555983653,88.95,50
1719555984575,88.85,1300
1719555985592,88.7,100
1719555986228,88.35,75
1719555986228,88.35,75
1719555987382,88.4,25
1719555987382,88.4,25
1719555988439,88.6,25
1719555989634,88.6,50
1719555990316,88.6,175
1719555990767,88.75,50
1719555991598,88.95,25
1719555992645,88.9,25
1719555992876,89.0,250
1719555993714,89.15,50
1719555993714,89.15,50
1719555995312,89.3,100
1719555995983,89.2,50
1719555996488,89.3,25
1719555997215,89.15,25
1719555997800,88.95,225
1719555998682,89.2,25
1719555999626,89.1,25
1719556000584,89.2,25
1719556000998,89.1,25
1719556001417,89.15,25
1719556002445,89.2,25
1719556002445,89.2,25
1719556003468,89.3,50
1719556003949,89.3,50
1719556003949,89.3,50
1719556005662,89.25,50
1719556006258,89.1,25
1719556006313,89.1,25
1719556007684,88.85,50
1719556007778,88.85,25
1719556007778,88.85,25
1719556009687,88.3,25
1719556009955,87.9,25
1719556011259,87.9,25
1719556011259,87.9,25
1719556012623,88.0,25
1719556012623,88.0,25
1719556014361,87.7,50
1719556014361,87.7,50
1719556014759,87.75,50
1719556015874,87.8,100
1719556015933,87.65,25
1719556016696,87.8,75
1719556017156,87.9,25
1719556018058,87.5,25
1719556018576,87.55,25
1719556019646,87.3,75
1719556019646,87.3,75
1719556020665,87.25,50
1719556020665,87.25,50
1719556022258,87.25,25
1719556022504,87.4,125
1719556022504,87.4,125
1719556023643,87.05,625
1719556024049,87.05,50
1719556025503,87.5,75
1719556026230,87.65,25
1719556026422,87.8,25
1719556027648,87.05,50
1719556027988,86.75,50
1719556028669,86.8,250
1719556029668,87.1,25
1719556030619,87.7,25
1719556031109,87.65,25
1719556031511,87.8,50
1719556032591,87.6,25
1719556032591,87.6,25
1719556033228,87.45,25
1719556034595,87.2,400
1719556035720,86.95,25
1719556036168,87.15,25
1719556036168,87.15,25
1719556037724,87.1,25
1719556037724,87.1,25
1719556038462,87.15,25
1719556039522,87.35,25
1719556039522,87.35,25
1719556040511,87.1,25
1719556041111,87.2,25
1719556041111,87.2,25
1719556042689,87.25,50
1719556042689,87.25,50
1719556043731,87.5,25
1719556043731,87.5,25
1719556043731,87.5,25
1719556045530,87.6,300
1719556046065,87.45,25
1719556046708,87.05,25
1719556047599,87.1,25
1719556047599,87.1,25
1719556048783,87.05,50
1719556049407,87.15,100
1719556049653,87.25,25
1719556050415,87.35,100
1719556050713,87.4,25
1719556051146,87.25,25
1719556051462,87.15,75
1719556052595,87.15,50
1719556052595,87.15,50
1719556053713,87.1,25
1719556054535,87.0,50
1719556054535,87.0,50
1719556055189,87.0,25
1719556055189,87.0,25
1719556056264,87.35,25
1719556057379,87.05,75
1719556058723,87.15,75
1719556059456,87.2,75
1719556059589,87.15,50
1719556060231,87.2,25
1719556060231,87.2,25
1719556061557,87.15,25
1719556062276,87.1,150
1719556063686,86.15,25
1719556064323,85.6,100
1719556064685,86.05,25
1719556065630,85.6,25
1719556065630,85.6,25
1719556066670,85.7,200
1719556067411,85.75,375
1719556067730,85.95,150
1719556068708,85.6,25
1719556069272,86.1,25
1719556069725,85.95,25
1719556070423,85.8,25
1719556070970,85.75,50
1719556071714,85.65,25
1719556072567,85.95,25
1719556072567,85.95,25
1719556073560,85.7,50
1719556074349,85.7,25
1719556074546,85.95,25
1719556075687,85.35,25
1719556075889,85.35,25
1719556076707,85.55,25
1719556077421,85.45,75
1719556077421,85.45,75
1719556078574,85.55,25
1719556079024,85.35,50
1719556079277,85.5,25
1719556080091,85.7,25
1719556080091,85.7,25
1719556080761,85.6,225
1719556081717,85.3,75
1719556082417,85.35,50
1719556082617,85.4,100
1719556083681,85.6,25
1719556084043,85.75,25
1719556084742,85.8,25
1719556085647,85.9,25
1719556085955,85.8,25
1719556086722,85.7,25
1719556087034,85.65,25
1719556087034,85.65,25
1719556088717,85.7,50
1719556089204,85.65,125
1719556089704,85.35,25
1719556090726,85.15,50
1719556090952,85.0,25
1719556091448,85.3,50
1719556092307,86.15,25
1719556092307,86.15,25
1719556093709,85.5,25
1719556094081,85.8,25
1719556094684,85.9,25
1719556095751,86.0,100
1719556096737,85.85,25
1719556097183,86.0,75
1719556097739,85.7,200
1719556098429,85.95,25
1719556099087,85.75,25
1719556099416,85.6,25
1719556100636,85.75,25
1719556101743,86.0,25
1719556102343,85.8,25
1719556102441,85.75,75
1719556103605,85.85,25
1719556103830,85.7,25
1719556104472,85.85,25
1719556105627,85.55,75
1719556105627,85.55,75
1719556106469,85.7,175
1719556107406,85.6,25
1719556107637,85.4,25
1719556108680,85.4,25
1719556109196,85.7,25
1719556109767,85.25,25
1719556110560,84.75,25
1719556110776,84.5,25
1719556111769,83.35,25
1719556112397,83.25,75
1719556112745,83.5,75
1719556113753,83.95,25
1719556114151,83.7,25
1719556114636,83.5,25
1719556115768,83.45,25
1719556116719,83.45,50
1719556117311,83.65,25
1719556117739,83.7,25
1719556118682,83.85,75
1719556118682,83.85,75
1719556119628,83.75,200
1719556120759,83.9,25
1719556120759,83.9,25
1719556121726,84.55,425
1719556122403,85.8,25
1719556122780,86.1,25
1719556123777,86.75,25
1719556124231,86.9,25
1719556124774,86.7,125
1719556125652,86.85,50
1719556126743,86.6,25
1719556126827,86.65,25
1719556127718,86.45,25
1719556128737,86.35,50
1719556129036,86.35,50
1719556129633,86.5,25
1719556130713,86.2,100
1719556130713,86.2,100
1719556131563,86.3,275
1719556132353,86.55,25
1719556132353,86.55,25
1719556133323,86.6,75
1719556134200,86.5,125
1719556134605,86.55,50
1719556135641,86.7,250
1719556135818,86.75,25
1719556136597,86.75,25
1719556137421,86.45,25
1719556137655,86.6,75
1719556138717,86.45,25
1719556139089,86.55,25
1719556139511,86.6,375
1719556140621,86.4,25
1719556140735,86.5,100
1719556141711,86.5,25
1719556142056,86.45,25
1719556142727,86.35,50
1719556143483,86.4,25
1719556144049,86.4,25
1719556144638,86.35,50
1719556145445,86.45,50
1719556145780,86.25,75
1719556146582,86.05,50
1719556147471,86.05,50
1719556147644,86.2,50
1719556149051,84.75,25
1719556149671,84.85,25
1719556150032,84.85,25
1719556150798,84.5,25
1719556151790,84.1,25
1719556152465,84.45,25
1719556152575,84.6,25
1719556153666,84.3,25
1719556154059,84.6,25
1719556154792,84.5,50
1719556155556,84.65,25
1719556155556,84.65,25
1719556156739,84.5,75
1719556157106,84.3,25
1719556157743,84.35,50
1719556158595,84.35,175
1719556159072,84.4,25
1719556159700,84.25,25
1719556160684,84.0,75
1719556160710,84.05,75
1719556161790,84.1,25
1719556162252,84.3,25
1719556162737,84.45,75
1719556163804,84.65,25
1719556164052,84.9,50
1719556164814,85.0,25
1719556165593,85.15,25
1719556165593,85.15,25
1719556166704,85.3,125
1719556167018,85.3,25
1719556167780,85.25,175
1719556168801,85.35,25
1719556169093,85.4,25
1719556169668,85.35,25
1719556170662,86.1,250
1719556170662,86.1,250
1719556171448,85.85,25
1719556172175,86.05,25
1719556172576,86.3,150
1719556173790,86.6,50
1719556173958,86.6,25
1719556174468,86.6,25
1719556175577,86.5,100
1719556176804,86.45,25
1719556177149,86.6,50
1719556177472,86.65,75
1719556178768,86.1,25
1719556179093,85.95,100
1719556179733,86.1,75
1719556180495,84.95,25
1719556180814,85.25,25
1719556181741,85.15,25
1719556182294,85.0,25
1719556182755,85.2,25
1719556183197,85.05,25
1719556184051,85.1,25
1719556184350,85.25,25
1719556185714,85.3,50
1719556185714,85.3,50
1719556186650,85.3,25
1719556187309,85.15,25
1719556187763,85.25,50
1719556188813,85.55,50
1719556188813,85.55,50
1719556189342,85.5,25
1719556190665,85.45,75
1719556191413,85.4,25
1719556191965,85.4,50
1719556192684,85.45,25
1719556193503,85.35,50
1719556194773,85.1,25
1719556195142,84.9,225
1719556195773,84.9,25
1719556196734,85.15,25
1719556197269,85.1,50
1719556197532,85.25,25
1719556198537,85.35,100
1719556198537,85.35,100
1719556199675,85.2,25
1719556200726,85.55,25
1719556200803,85.6,25
1719556201394,85.4,25
1719556202259,85.5,25
1719556202787,85.15,25
1719556203815,85.25,25
1719556203932,85.15,25
1719556204729,85.15,100
1719556205714,85.05,50
1719556206805,84.8,25
1719556207184,85.05,25
1719556207822,84.8,150
1719556208747,84.7,50
1719556209821,84.95,25
1719556210706,85.25,25
1719556210833,85.25,25
1719556211608,85.25,25
1719556212355,85.2,25
1719556212822,85.6,100
1719556213493,85.35,25
1719556213493,85.35,25
1719556214817,85.5,25
1719556215535,86.15,25
1719556215774,86.05,75
1719556216683,85.85,25
1719556217106,85.9,425
1719556217832,86.3,25
1719556218379,85.8,25
1719556218652,85.9,25
1719556219695,86.0,25
1719556220101,85.9,25
1719556220723,85.75,25
1719556221519,85.55,25
1719556222599,85.6,25
1719556223299,85.45,75
1719556223798,85.85,25
1719556224735,86.0,25
1719556224965,86.0,25
1719556225774,85.55,25
1719556226649,85.55,25
1719556226784,85.6,25
1719556227629,85.45,50
1719556228364,85.25,25
1719556228647,85.35,25
1719556229725,85.3,25
1719556230102,85.3,25
1719556230632,84.9,25
1719556230757,84.8,900
1719556231630,84.6,50
1719556231630,84.6,50
1719556232038,84.65,200
1719556233291,84.6,100
1719556233757,84.25,25
1719556234751,84.15,75
1719556234953,84.4,100
1719556235807,84.55,75
1719556236660,84.2,25
1719556237706,84.8,125
1719556238390,84.95,25
1719556238787,84.95,75
1719556239513,85.15,25
1719556239958,85.2,25
1719556240838,85.5,25
1719556241727,86.1,25
1719556241816,86.2,25
1719556242813,86.1,25
1719556243317,85.95,175
1719556243620,86.0,400
1719556244829,86.0,75
1719556244829,86.0,75
1719556245847,85.8,125
1719556246804,85.75,150
1719556247850,86.05,25
1719556248391,86.05,25
1719556248824,86.05,25
1719556249773,86.0,100
1719556250009,86.0,375
1719556250607,85.95,50
1719556251810,86.3,50
1719556252682,86.15,125
1719556253214,86.3,225
1719556253694,86.2,25
1719556254509,86.1,50
1719556254908,86.0,150
1719556255862,86.05,25
1719556256552,86.15,25
1719556256789,86.15,25
1719556257719,85.9,325
1719556258126,86.1,25
1719556258837,86.5,25
1719556259795,86.4,25
1719556259968,86.4,25
1719556260658,86.55,75
1719556260738,86.3,25
1719556261615,86.0,25
1719556261789,86.15,25
1719556262780,86.1,150
1719556263186,86.1,25
1719556263691,86.2,25
1719556264786,86.45,125
1719556264895,86.55,50
1719556265807,86.55,25
1719556266588,87.2,50
1719556266588,87.2,50
1719556267868,87.3,25
1719556268090,87.3,125
1719556268801,87.4,25
1719556269606,87.35,175
1719556269958,87.35,25
1719556270853,87.7,50
1719556271588,87.75,50
1719556271816,87.85,25
1719556272683,87.95,50
1719556273056,87.85,25
1719556273785,87.6,50
1719556274821,87.9,25
1719556275816,87.9,50
1719556276378,87.65,50
1719556276763,87.6,25
1719556277860,87.85,100
1719556278207,87.9,50
1719556278713,87.85,25
1719556279566,87.6,25
1719556279712,87.7,25
1719556280854,86.9,50
1719556281142,87.0,25
1719556281765,86.8,25
1719556282689,86.7,25
1719556283312,86.8,25
1719556284667,86.8,125
1719556284667,86.8,125
1719556285585,87.3,50
1719556286131,87.35,400
1719556286812,87.5,25
1719556287682,87.7,175
1719556288786,87.9,25
1719556289557,87.65,50
1719556289844,87.9,50
1719556290597,87.9,25
1719556290733,87.8,25
1719556290981,87.85,75
1719556291819,87.85,25
1719556292706,87.8,25
1719556293618,87.7,100
1719556294567,87.65,100
1719556294567,87.65,100
1719556295850,87.8,25
1719556296208,87.6,50
1719556296880,88.0,25
1719556297846,87.85,25
1719556298855,88.15,50
1719556299288,87.8,25
1719556299595,87.95,50
1719556300723,88.0,75
1719556301002,87.8,25
1719556301838,87.7,50
1719556302526,87.9,25
1719556303361,87.8,25
1719556304424,87.85,75
1719556304653,87.6,25
1719556305689,87.9,25
1719556306017,87.85,50
1719556306853,88.0,75
1719556307900,87.9,25
1719556308730,87.8,25
1719556309351,87.9,375
1719556310081,87.8,25
1719556310832,87.75,25
1719556311278,88.0,700
1719556311666,88.0,100
1719556312836,88.0,425
1719556313495,88.3,50
1719556314466,88.25,25
1719556314866,88.3,25
1719556315848,88.35,25
1719556316062,88.45,25
1719556316823,88.35,25
1719556317843,88.45,225
1719556318859,88.45,50
1719556319494,88.5,25
1719556319494,88.5,25
1719556320571,88.1,100
1719556320865,88.25,25
1719556321256,88.05,25
1719556321859,88.2,50
1719556322679,88.25,200
1719556323891,88.25,25
1719556324261,88.25,175
1719556324872,88.4,25
1719556325572,88.45,25
1719556326168,88.5,100
1719556326839,88.5,200
1719556327272,88.55,25
1719556328780,88.5,25
1719556329504,88.6,25
1719556329683,88.45,25
1719556330634,88.4,25
1719556331274,88.4,100
1719556331885,88.45,25
1719556332889,88.4,25
1719556333795,88.55,25
1719556334119,88.55,25
1719556334833,88.35,25
1719556335662,88.35,50
1719556336294,88.35,50
1719556336833,88.25,100
1719556337760,88.25,50
1719556338416,88.35,25
1719556339478,88.45,50
1719556339478,88.45,50
1719556340610,87.9,50
1719556341313,87.95,50
1719556341790,87.75,200
1719556342869,87.55,25
1719556342869,87.55,25
1719556343757,87.7,25
1719556344499,87.65,25
1719556344693,87.6,100
1719556345868,87.65,25
1719556346152,87.6,25
1719556346934,87.75,75
1719556347423,87.7,25
1719556348694,87.7,25
1719556349517,87.8,25
1719556349844,87.55,25
1719556350530,87.4,25
1719556350768,87.4,25
1719556351296,87.3,50
1719556351910,87.65,25
1719556352787,87.65,25
1719556353702,87.7,25
1719556354234,87.45,25
1719556354810,87.1,25
1719556355888,86.95,25
1719556356162,87.2,50
1719556356767,87.15,25
1719556357713,87.5,25
1719556357713,87.5,25
1719556358924,87.95,25
1719556359424,88.3,25
1719556359832,88.2,350
1719556360916,88.3,50
1719556360945,88.1,25
1719556361749,88.2,25
1719556362641,87.9,25
1719556363901,88.0,50
1719556364209,88.1,25
1719556364209,88.1,25
1719556365354,88.15,25
1719556366166,88.15,175
1719556366748,88.2,100
1719556367701,87.8,25
1719556368916,88.0,25
1719556369366,88.0,75
1719556369624,87.85,25
1719556370509,88.15,25
1719556371027,88.1,75
1719556371898,87.9,25
1719556372598,87.85,50
1719556372598,87.85,50
1719556373771,87.4,275
1719556374549,87.45,50
1719556374743,87.4,50
1719556375561,87.3,25
1719556376145,87.3,25
1719556376934,87.2,50
1719556377695,87.45,100
1719556378525,87.75,50
1719556379138,87.85,25
1719556379895,88.0,350
1719556380521,87.8,75
1719556380521,87.8,75
1719556380521,87.8,75
1719556381805,87.45,25
1719556382973,86.4,25
1719556382973,86.4,25
1719556383705,86.75,50
1719556384454,87.0,25
1719556384857,86.4,50
1719556385942,86.45,100
1719556386305,86.4,25
1719556386852,85.95,25
1719556387920,86.2,50
1719556387973,86.1,100
1719556388868,85.85,25
1719556389540,85.7,450
1719556389891,85.85,25
1719556390932,85.9,25
1719556391166,85.9,25
1719556391839,86.1,25
1719556392699,85.85,25
1719556393800,86.0,25
1719556394604,85.4,50
1719556394845,85.5,75
1719556395797,85.35,250
1719556396117,85.3,25
1719556455933,84.8,25
1719556455933,84.8,25
1719556456781,84.95,50
1719556457857,84.95,25
1719556457857,84.95,25
1719556458345,84.9,25
1719556459336,84.8,25
1719556459733,85.0,50
1719556461125,85.15,25
1719556461125,85.15,25
1719556462010,85.1,125
1719556462901,85.45,50
1719556462901,85.45,50
1719556463923,85.8,25
1719556464484,85.5,225
1719556464940,85.6,175
1719556466024,85.55,125
1719556466312,85.75,25
1719556466881,85.6,25
1719556467853,85.85,25
1719556468709,85.65,25
1719556469379,86.05,50
1719556469955,86.05,50
1719556470567,85.6,25
1719556471165,85.65,25
1719556471322,85.55,25
1719556471901,85.65,50
1719556472804,85.45,100
1719556472804,85.45,100
1719556473156,85.75,25
1719556474495,85.6,25
1719556474856,85.85,25
1719556475789,85.95,25
1719556475789,85.95,25
1719556476664,86.0,25
1719556477839,86.6,25
1719556478938,86.7,25
1719556479496,86.8,75
1719556479568,86.85,25
1719556480884,86.65,25
1719556481151,86.5,75
1719556481847,86.6,50
1719556482941,86.5,50
1719556483179,86.45,900
1719556483833,86.65,25
1719556484350,86.65,25
1719556484803,86.55,25
1719556485957,86.5,75
1719556486168,86.7,75
1719556486995,86.75,25
1719556487618,86.75,75
1719556487618,86.75,75
1719556488868,86.6,25
1719556489487,86.6,25
1719556489584,86.7,25
1719556490880,86.75,25
1719556490880,86.75,25
1719556491675,86.85,50
1719556492865,86.9,25
1719556493893,87.05,25
1719556494375,87.05,25
1719556494779,87.1,25
1719556495764,87.15,25
1719556496271,87.25,25
1719556496851,87.4,25
1719556497908,87.5,250
1719556498147,87.55,50
1719556498857,87.4,25
1719556499054,87.25,150
1719556499851,87.4,25
1719556500644,86.95,225
1719556500765,87.1,25
1719556501306,86.15,100
1719556501951,86.5,100
1719556502960,86.55,25
1719556503928,86.9,25
1719556503928,86.9,25
1719556504929,87.1,25
1719556505987,87.5,25
1719556506333,87.4,25
1719556506980,87.5,25
1719556507594,87.7,225
1719556508598,87.4,25
1719556509578,87.3,25
1719556510010,87.3,25
1719556510745,87.2,25
1719556511351,87.1,25
1719556511965,87.05,25
1719556512904,87.15,50
1719556513984,87.25,25
1719556514585,87.4,850
1719556514746,87.55,50
1719556515893,87.5,100
1719556516400,87.4,75
1719556516957,87.65,25
1719556516957,87.65,25
1719556518805,87.65,25
1719556518860,87.65,25
1719556519808,87.65,300
1719556520010,87.7,25
1719556520969,87.6,25
1719556521150,87.75,25
1719556521842,87.85,25
1719556522594,87.8,25
1719556523959,87.5,25
1719556524739,87.85,25
1719556524985,87.9,25
1719556525998,87.9,200
1719556526402,87.7,25
1719556526963,87.8,200
1719556527911,87.75,75
1719556528937,87.65,75
1719556529583,87.85,50
1719556529969,87.7,150
1719556530082,87.85,75
1719556530746,87.9,50
1719556531334,87.9,125
1719556532009,87.85,125
1719556532982,87.8,25
1719556534194,87.9,25
1719556534649,88.1,50
1719556534649,88.1,50
1719556535984,87.95,50
1719556536319,87.9,25
1719556536979,87.95,25
1719556537959,87.6,75
1719556538715,87.9,25
1719556539527,87.8,25
1719556539527,87.8,25
1719556540994,87.65,350
1719556541435,87.8,25
1719556541821,87.6,100
1719556543038,87.85,50
1719556543954,87.9,50
1719556544558,87.85,25
1719556544558,87.85,25
1719556545974,88.0,25
1719556546449,87.95,25
1719556546876,87.9,175
1719556547698,87.95,50
1719556548645,88.05,50
1719556549605,87.9,75
1719556549605,87.9,75
1719556550770,87.6,100
1719556551157,87.6,25
1719556551868,87.4,75
1719556552991,87.75,25
1719556552991,87.75,25
1719556553734,87.35,25
1719556554732,87.55,25
1719556554991,87.5,25
1719556555721,87.55,25
1719556556383,87.75,50
1719556556847,87.5,25
1719556557369,87.3,250
1719556558719,87.35,25
1719556559480,87.55,25
1719556559480,87.55,25
1719556560423,88.2,25
1719556560994,87.85,25
1719556561441,88.05,25
1719556561968,88.15,50
1719556563012,88.1,50
1719556563909,88.2,125
1719556564807,87.7,25
1719556564807,87.7,25
1719556565821,87.6,25
1719556566191,87.65,25
1719556566191,87.65,25
1719556567895,87.65,25
1719556567895,87.65,25
1719556568702,87.65,25
1719556569590,87.45,25
1719556570033,87.45,25
1719556570979,87.3,100
1719556571321,87.5,175
1719556572229,87.2,25
1719556573065,87.05,175
1719556573927,87.3,25
1719556574524,87.25,25
1719556575003,87.05,25
1719556576042,86.5,25
1719556576155,86.2,100
1719556576750,86.45,25
1719556577939,86.35,50
1719556577939,86.35,50
1719556578967,86.35,25
1719556579586,86.9,25
1719556580066,86.85,75
1719556580759,86.85,50
1719556581260,87.05,25
1719556581702,87.45,75
1719556583042,87.9,25
1719556583042,87.9,25
1719556583513,87.5,50
1719556584629,87.85,25
1719556584629,87.85,25
1719556586057,87.45,100
1719556586057,87.45,100
1719556586057,87.45,100
1719556587967,87.55,25
1719556588920,87.5,25
1719556589289,87.5,25
1719556589289,87.5,25
1719556589289,87.5,25
1719556590872,87.55,25
1719556590872,87.55,25
1719556591781,87.5,25
1719556593020,87.65,25
1719556593020,87.65,25
1719556593982,87.85,50
1719556594514,87.8,25
1719556594514,87.8,25
1719556596015,87.6,25
1719556596320,87.6,75
1719556597010,87.75,25
1719556597789,87.85,25
1719556598292,87.75,25
1719556599716,87.95,50
1719556599997,87.9,50
1719556601042,87.85,25
1719556601346,87.9,25
1719556601439,87.8,75
1719556602844,88.0,50
1719556603565,88.0,50
1719556604158,87.8,75
1719556604991,87.5,25
1719556606079,87.6,25
1719556606079,87.6,25
1719556607046,87.8,450
1719556607954,87.95,25
1719556607954,87.95,25
1719556609062,88.0,25
1719556609585,87.8,25
1719556609585,87.8,25
1719556610959,87.7,150
1719556611164,87.7,25
1719556611939,87.45,75
1719556613044,87.75,25
1719556613872,88.0,700
1719556614538,87.8,25
1719556615058,87.95,25
1719556615997,87.8,25
1719556616183,87.8,25
1719556617056,87.75,75
1719556618149,87.65,25
1719556618866,87.85,25
1719556619633,87.95,25
1719556619787,87.8,25
1719556620405,87.9,50
1719556621046,87.9,25
1719556621214,88.0,25
1719556621770,87.95,25
1719556622929,88.1,75
1719556623142,88.2,25
1719556623456,88.0,50
1719556624567,87.3,25
1719556625040,87.5,25
1719556625963,87.7,25
1719556626349,87.65,50
1719556627042,87.65,25
1719556628187,87.85,25
1719556628918,87.8,25
1719556629773,88.5,100
1719556630025,88.3,25
1719556631007,88.15,25
1719556631183,88.15,25
1719556631546,88.1,200
1719556633019,88.2,25
1719556633019,88.2,25
1719556633907,88.1,50
1719556634663,88.0,25
1719556635065,88.2,25
1719556635835,88.15,25
1719556636101,88.05,25
1719556636863,88.4,25
1719556637786,88.45,25
1719556638895,88.0,25
1719556639337,88.25,25
1719556639620,88.15,50
1719556641013,88.2,125
1719556641013,88.2,125
1719556641961,88.15,25
1719556642832,88.4,225
1719556642832,88.4,225
1719556643921,88.4,25
1719556644214,88.4,50
1719556645022,88.2,50
1719556645611,88.3,25
1719556646106,88.4,25
1719556647020,88.3,25
1719556647696,88.45,75
1719556649030,88.0,25
1719556649506,88.05,25
1719556649836,87.85,25
1719556650593,87.75,25
1719556651023,87.6,175
1719556651113,87.5,650
1719556651713,87.45,175
1719556653010,87.1,50
1719556654072,87.05,25
1719556654564,87.05,25
1719556655042,86.9,25
1719556655988,86.75,25
1719556656390,86.6,100
1719556656812,86.95,25
1719556657602,86.8,50
1719556657602,86.8,50
1719556658942,86.7,25
1719556659499,86.6,25
1719556659950,86.55,25
1719556660970,86.55,100
1719556661372,86.65,25
1719556662007,86.55,150
1719556662941,86.5,25
1719556664246,86.0,25
1719556664543,86.2,100
1719556665062,86.05,25
1719556666042,85.85,50
1719556666400,85.75,25
1719556666882,85.9,75
1719556668084,86.2,25
1719556669056,86.45,100
1719556669640,86.4,25
1719556670083,86.65,25
1719556670436,86.7,25
1719556670436,86.7,25
1719556671928,86.55,25
1719556672825,87.0,650
1719556672825,87.0,650
1719556674071,87.45,25
1719556674521,87.25,25
1719556674521,87.25,25
1719556675990,87.4,25
1719556675990,87.4,25
1719556677075,87.85,350
1719556677770,87.8,25
1719556678036,87.7,25
1719556679043,87.45,25
1719556679043,87.45,25
1719556680033,87.15,25
1719556680656,87.0,25
1719556681074,86.85,25
1719556681216,87.05,50
1719556681992,86.9,25
1719556682701,87.0,25
1719556683041,87.15,25
1719556683897,87.35,25
1719556684248,87.15,75
1719556684704,87.35,25
1719556686199,87.55,25
1719556687104,87.6,25
1719556687418,87.85,50
1719556687418,87.85,50
1719556688525,87.7,75
1719556689315,87.7,25
1719556689315,87.7,25
1719556691025,88.0,25
1719556691025,88.0,25
1719556692037,87.95,25
1719556692821,88.1,25
1719556692821,88.1,25
1719556694103,88.2,50
1719556694650,88.45,25
1719556694898,88.35,25
1719556696085,88.4,25
1719556696206,88.4,25
1719556696785,88.15,25
1719556697584,87.75,25
1719556697584,87.75,25
1719556698147,87.35,75
1719556699271,87.3,25
1719556699271,87.3,25
1719556700861,86.7,25
1719556701229,86.65,125
1719556701405,86.5,75
1719556702827,87.15,75
1719556702827,87.15,75
1719556704115,87.35,50
1719556704429,87.35,50
1719556704971,87.6,50
1719556705403,87.9,25
1719556705403,87.9,25
1719556707115,87.75,25
1719556707592,87.7,50
1719556707994,87.65,25
1719556708811,87.85,200
1719556708811,87.85,200
1719556710038,87.6,25
1719556710303,87.55,25
1719556711030,87.4,100
1719556711293,87.4,25
1719556712022,87.75,175
1719556712711,87.95,25
1719556712711,87.95,25
1719556713812,88.0,50
1719556714460,87.65,25
1719556715016,87.5,25
1719556715935,87.45,25
1719556716197,87.3,225
1719556716966,87.25,125
1719556717582,87.0,25
1719556717967,87.0,25
1719556718606,87.15,25
1719556719232,87.0,50
1719556719232,87.0,50
1719556721100,87.15,100
1719556721313,87.25,25
1719556722102,87.3,50
1719556722912,87.65,200
1719556723048,87.6,375
1719556724194,87.45,100
1719556724494,87.55,25
1719556725095,87.6,25
1719556726109,87.7,25
1719556726298,87.5,25
1719556726446,87.6,25
1719556727429,87.7,25
1719556728047,87.7,25
1719556728603,87.6,50
1719556728603,87.6,50
1719556730085,87.25,100
1719556731089,87.35,25
1719556731263,87.1,25
1719556731966,87.2,25
1719556732910,87.4,25
1719556732972,87.3,100
1719556734064,87.6,25
1719556734526,87.65,75
1719556734687,87.55,25
1719556736131,87.3,25
1719556736131,87.3,25
1719556737005,87.3,175
1719556737604,87.55,25
1719556738013,87.5,25
1719556739134,87.45,25
1719556739342,87.4,25
1719556740025,87.4,50
1719556740584,87.6,25
1719556741124,87.7,25
1719556741205,87.45,25
1719556742131,87.55,25
1719556742131,87.55,25
1719556743695,87.4,25
1719556743981,87.3,25
1719556744505,87.3,50
1719556744787,87.35,75
1719556746051,87.0,25
1719556746934,87.15,75
1719556747259,87.0,25
1719556748045,87.3,75
1719556748781,87.35,25
1719556749550,87.25,75
1719556750143,87.25,25
1719556750962,87.2,350
1719556752295,87.35,200
1719556752810,87.3,25
1719556753074,87.25,50
1719556753859,87.05,25
1719556754531,87.15,50
1719556754531,87.15,50
1719556755859,87.0,50
1719556756207,86.95,75
1719556756965,87.05,50
1719556757858,87.0,175
1719556758115,87.0,200
1719556759115,86.9,100
1719556759115,86.9,100
1719556759912,87.0,25
1719556760639,87.3,25
1719556761208,87.1,25
1719556762079,87.25,25
1719556762788,87.7,50
1719556763151,87.7,25
1719556763919,87.2,25
1719556764408,87.15,25
1719556764637,87.1,25
1719556766264,87.1,25
1719556766362,87.2,275
1719556766362,87.2,275
1719556767961,86.7,300
1719556767961,86.7,300
1719556768459,86.75,25
1719556768459,86.75,25
1719556769889,86.75,25
1719556770407,86.7,25
1719556770913,86.5,25
1719556771245,86.65,100
1719556772070,86.75,75
1719556772996,86.9,50
1719556772996,86.9,50
1719556773764,86.85,50
1719556773764,86.85,50
1719556774701,86.85,50
1719556776156,86.75,25
1719556776361,86.4,100
1719556777039,85.65,100
1719556777831,85.95,75
1719556778123,85.6,75
1719556779145,85.5,100
1719556779407,85.6,100
1719556780101,85.6,50
1719556780836,85.25,100
1719556781335,85.55,250
1719556782025,85.65,75
1719556782829,85.75,25
1719556783107,85.85,125
1719556784013,86.1,100
1719556784520,86.1,25
1719556785059,86.0,50
1719556786143,85.85,25
1719556786143,85.85,25
1719556787956,85.7,25
1719556788102,85.95,25
1719556788672,85.75,50
1719556789472,85.8,25
1719556790041,85.85,175
1719556791048,85.6,75
1719556791175,85.65,75
1719556792016,85.55,25
1719556792918,85.35,325
1719556792918,85.35,325
1719556794016,85.5,175
1719556794283,85.3,25
1719556794981,85.3,25
1719556796127,85.65,25
1719556796127,85.65,25
1719556797150,85.5,25
1719556797749,85.7,25
1719556797749,85.7,25
1719556798763,85.5,275
1719556798763,85.5,275
1719556800061,85.95,25
1719556800599,85.6,75
1719556800749,85.9,75
1719556800819,85.7,25
1719556802114,85.75,50
1719556802261,85.95,100
1719556803033,86.15,200
1719556804075,86.3,25
1719556804983,86.4,75
1719556805733,86.25,25
1719556806163,86.35,50
1719556807034,86.35,400
1719556807217,86.4,25
1719556808168,86.35,25
1719556808541,86.2,25
1719556809636,86.5,100
1719556810602,86.5,25
1719556811062,86.4,25
1719556812145,86.2,50
1719556812145,86.2,50
1719556813167,86.4,400
1719556814050,86.25,50
1719556814050,86.25,50
1719556815090,86.0,25
1719556815649,85.9,50
1719556815649,85.9,50
1719556816622,85.95,50
1719556817419,86.4,25
1719556818079,86.2,225
1719556818969,86.15,25
1719556818969,86.15,25
1719556819781,86.2,25
1719556819781,86.2,25
1719556822045,86.1,50
1719556822439,85.8,25
1719556822962,85.9,25
1719556823940,85.6,25
1719556824165,85.65,200
1719556824809,85.6,200
1719556825786,85.75,50
1719556825786,85.75,50
1719556827169,85.5,25
1719556827169,85.5,25
1719556828022,85.6,25
1719556829117,85.75,200
1719556829619,85.75,25
1719556830429,85.55,25
1719556830429,85.55,25
1719556831123,85.65,50
1719556831949,85.35,25
1719556832221,85.35,25
1719556832785,85.25,75
1719556833678,85.45,100
1719556834143,85.35,25
1719556835148,85.2,275
1719556835840,85.0,75
1719556835840,85.0,75
1719556837197,85.05,100
1719556837380,85.1,375
1719556837816,85.05,50
1719556838777,84.95,25
1719556839200,85.1,50
1719556840157,85.05,25
1719556840851,84.8,50
1719556840851,84.8,50
1719556841582,84.95,50
1719556841582,84.95,50
1719556843126,84.85,25
1719556844133,84.95,25
1719556845195,85.05,25
1719556845817,85.15,25
1719556846197,85.2,25
1719556846990,85.05,25
1719556846990,85.05,25
1719556848113,85.0,25
1719556848945,84.75,25
1719556848945,84.75,25
1719556849941,84.6,50
1719556850829,84.75,25
1719556851339,84.15,25
1719556852201,83.5,75
1719556852481,83.3,175
1719556853134,83.0,100
1719556854086,83.05,25
1719556854181,83.35,275
1719556855202,83.75,50
1719556855820,84.5,25
1719556856151,84.35,50
1719556856994,84.4,100
1719556857386,84.2,250
1719556858147,84.6,25
1719556859035,84.45,50
1719556859120,84.35,25
1719556860181,84.35,100
1719556860379,84.65,25
1719556860885,84.95,25
1719556861159,84.85,50
1719556862189,84.7,25
1719556862503,84.6,50
1719556863192,84.65,150
1719556863986,84.7,25
1719556863986,84.7,25
1719556865176,85.0,100
1719556865800,84.5,75
1719556866134,84.5,125
1719556867180,84.6,25
1719556867273,84.65,25
1719556868195,84.55,25
1719556869083,84.35,25
1719556869125,84.3,50
1719556869790,84.4,375
1719556870535,84.15,125
1719556871222,84.15,25
1719556872072,84.0,750
1719556872317,84.0,250
1719556872973,84.1,25
1719556874113,83.95,125
1719556874113,83.95,125
1719556875213,83.9,25
1719556875901,83.95,25
1719556876176,84.05,25
1719556877133,84.0,25
1719556877227,83.8,150
1719556878157,84.2,50
1719556878994,84.4,25
1719556879149,84.1,75
1719556879910,84.3,50
1719556880703,84.7,25
1719556881190,84.65,50
1719556882164,84.4,50
1719556882233,84.2,25
1719556883209,83.7,125
1719556884017,83.6,25
1719556885088,83.9,25
1719556885723,83.8,25
1719556886145,83.95,200
1719556887103,83.6,325
1719556887473,83.55,25
1719556888233,83.6,450
1719556889146,83.5,225
1719556889209,83.55,25
1719556890095,83.3,50
1719556890441,83.35,250
1719556890701,83.55,150
1719556891173,83.65,25
1719556892081,83.5,50
1719556892454,83.5,225
1719556892454,83.5,225
1719556894024,83.45,25
1719556894024,83.45,25
1719556894956,83.0,175
1719556895750,82.7,150
1719556895889,83.15,450
1719556897170,83.25,75
1719556897488,83.1,50
1719556898219,82.85,225
1719556899228,82.95,25
1719556900236,83.0,50
1719556900694,83.5,50
1719556901037,83.55,25
1719556902239,84.25,100
1719556902385,83.95,25
1719556903187,83.95,25
1719556903948,83.9,100
1719556904237,83.95,150
1719556905226,83.7,150
1719556905725,83.55,25
1719556906214,83.55,100
1719556906964,83.0,25
1719556907571,82.3,225
1719556908327,82.4,75
1719556909101,82.7,25
1719556909199,82.65,225
1719556910230,82.2,25
1719556910731,82.5,25
1719556911180,82.5,50
1719556912133,82.75,25
1719556912568,82.65,25
1719556913048,82.7,25
1719556914181,82.6,225
1719556914181,82.6,225
1719556915217,82.45,50
1719556915543,82.7,25
1719556916135,82.45,175
1719556917174,82.55,200
1719556917466,82.55,75
1719556918201,82.5,25
1719556918990,82.25,25
1719556918990,82.25,25
1719556920328,81.75,25
1719556920565,81.55,25
1719556920682,81.45,25
1719556921247,82.15,225
1719556922171,82.85,50
1719556922568,83.05,50
1719556923182,82.75,75
1719556924171,82.8,25
1719556925141,82.75,100
1719556925570,82.9,25
1719556925969,82.9,50
1719556927239,83.3,50
1719556927360,83.35,25
1719556928244,83.3,25
1719556929112,83.7,100
1719556929112,83.7,100
1719556930100,83.2,75
1719556930804,82.95,75
1719556931060,82.8,150
1719556932139,83.05,25
1719556932139,83.05,25
1719556933204,82.85,50
1719556934253,83.3,50
1719556934861,83.2,1000
1719556935765,83.2,25
1719556936144,83.15,25
1719556936813,82.95,25
1719556937406,82.9,100
1719556938255,82.95,25
1719556939268,83.1,25
1719556940044,83.0,25
1719556940044,83.0,25
1719556940851,83.05,25
1719556942135,83.2,100
1719556942135,83.2,100
1719556942824,83.1,25
1719556944172,83.5,25
1719556944172,83.5,25
1719556945241,83.35,50
1719556945779,83.5,300
1719556946190,83.65,25
1719556947158,83.4,25
1719556947158,83.4,25
1719556948102,83.4,25
1719556949269,83.45,25
1719556950252,83.35,25
1719556950636,83.25,50
1719556950636,83.25,50
1719556950908,83.45,50
1719556952250,83.35,50
1719556952250,83.35,50
1719556953146,83.25,50
1719556953938,83.6,150
1719556955111,83.75,125
1719556955279,83.85,25
1719556956078,83.55,25
1719556956794,83.6,75
1719556957302,83.6,50
1719556957985,83.8,275
1719556958880,83.75,25
1719556959956,83.35,50
1719556960762,83.1,50
1719556961066,83.35,100
1719556961840,83.4,25
1719556961840,83.4,25
1719556963272,83.45,50
1719556963272,83.45,50
1719556964162,83.55,50
1719556965216,83.55,100
1719556965573,83.5,25
1719556965919,83.55,25
1719556967134,83.65,25
1719556967134,83.65,25
1719556968024,83.65,25
1719556969014,83.45,50
1719556969280,83.45,50
1719556970125,83.0,25
1719556970660,83.05,50
1719556970951,83.0,50
1719556971946,83.05,50
1719556971946,83.05,50
1719556973249,82.9,25
1719556973884,83.05,25
1719556973884,83.05,25
1719556975259,82.7,350
1719556975645,83.0,175
1719556976154,83.05,25
1719556976890,83.2,25
1719556976890,83.2,25
1719556978256,82.85,75
1719556979038,82.8,75
1719556979234,82.9,25
1719556979931,82.95,25
1719556980670,83.1,25
1719556981156,83.45,25
1719556982449,82.9,25
1719556983171,83.0,50
1719556983671,83.05,50
1719556983671,83.05,50
1719556984789,83.0,25
1719556985634,82.7,25
1719556986229,82.65,25
1719556986836,82.7,25
1719556987307,82.6,50
1719556987981,82.55,100
1719556989095,82.3,25
1719556989140,82.2,25
1719556990276,82.0,225
1719556990626,82.1,25
1719556991381,81.7,25
1719556992271,81.4,100
1719556993151,81.0,25
1719556994047,81.35,25
1719556994047,81.35,25
1719556995227,81.05,25
1719556995687,80.35,250
1719556996499,80.0,75
1719556997293,80.15,150
1719556997468,80.45,25
1719556998217,80.8,25
1719556999112,80.85,150
1719556999269,80.85,25
1719557000217,80.9,50
1719557000666,80.8,25
1719557001276,80.85,25
1719557002083,80.65,25
1719557002514,80.75,25
1719557003123,80.4,100
1719557004031,80.75,150
1719557004236,80.9,50
1719557005213,81.5,25
1719557005431,81.3,25
1719557006224,81.1,25
1719557007245,81.4,25
1719557007245,81.4,25
1719557008285,81.15,125
1719557008939,81.15,25
1719557009248,81.25,25
1719557010280,81.05,200
1719557010625,81.0,125
1719557010625,81.0,125
1719557011223,81.3,25
1719557012152,81.05,25
1719557012408,81.25,100
1719557013152,80.9,25
1719557014029,81.0,25
1719557014293,81.0,25
1719557015232,80.9,75
1719557015735,81.25,25
1719557016223,81.25,25
1719557017249,81.05,25
1719557017432,81.4,100
1719557018497,81.15,25
1719557018958,81.1,100
1719557019258,81.3,25
1719557020299,81.15,100
1719557020680,81.2,25
1719557020680,81.2,25
1719557022321,82.25,50
1719557022321,82.25,50
1719557023148,82.2,25
1719557024144,82.95,75
1719557024185,82.8,50
1719557025168,82.6,75
1719557025572,82.8,50
1719557026210,82.8,25
1719557027160,82.3,25
1719557027160,82.3,25
1719557028065,82.3,25
1719557028918,81.7,25
1719557029230,81.8,25
1719557030115,81.8,50
1719557030115,81.8,50
1719557031164,81.4,150
1719557032310,81.55,25
1719557032498,81.4,175
1719557033196,81.4,50
1719557034146,81.5,225
1719557034318,81.75,25
1719557035028,81.5,50
1719557035507,81.45,225
1719557036239,81.35,175
1719557037271,81.25,25
1719557037372,81.4,50
1719557037848,81.5,125
1719557039084,81.35,150
1719557039084,81.35,150
1719557040114,81.15,25
1719557040681,81.45,50
1719557040780,81.6,25
1719557041329,81.4,25
1719557042298,81.3,25
1719557042489,81.4,50
1719557042489,81.4,50
1719557043880,81.45,25
1719557044233,81.55,50
1719557045305,81.6,25
1719557045510,81.5,25
1719557045902,81.3,125
1719557047250,81.05,25
1719557047400,81.1,50
1719557048093,81.3,25
1719557049002,81.3,100
1719557049256,81.35,25
1719557050174,81.4,25
1719557050709,81.25,50
1719557051222,81.3,50
1719557052096,81.25,75
1719557052530,81.25,125
1719557053353,81.1,50
1719557054079,81.15,100
1719557054347,81.05,25
1719557055273,81.3,25
1719557055651,81.2,50
1719557056183,81.3,225
1719557057331,81.3,100
1719557057331,81.3,100
1719557058109,81.25,25
1719557059135,81.0,25
1719557059341,81.0,25
1719557060113,81.05,25
1719557060796,81.05,25
1719557061324,81.2,25
1719557062341,81.4,25
1719557063251,81.3,25
1719557064070,81.4,275
1719557064070,81.4,275
1719557065436,81.2,25
1719557065707,81.4,25
1719557066276,81.3,75
1719557067334,81.5,25
1719557067363,81.4,50
1719557068145,81.5,25
1719557069205,82.05,25
1719557070183,81.75,50
1719557070586,81.95,50
1719557070682,81.85,25
1719557071106,81.9,25
1719557072268,81.85,25
1719557072268,81.85,25
1719557073124,81.8,25
1719557073981,81.7,25
1719557074321,81.25,75
1719557075164,81.35,25
1719557075810,81.85,100
1719557076109,81.65,25
1719557077105,81.7,50
1719557078109,81.8,25
1719557078615,81.95,100
1719557079222,82.0,50
1719557080109,81.95,100
1719557080512,81.9,50
1719557081155,81.85,125
1719557082054,81.85,25
1719557082054,81.85,25
1719557083194,81.9,50
1719557083874,81.5,150
1719557084317,81.7,25
1719557085146,81.75,200
1719557085402,81.6,100
1719557086229,81.5,25
1719557087180,81.8,75
1719557087286,81.7,25
1719557088273,81.55,175
1719557088848,81.7,25
1719557089322,81.7,50
1719557090335,81.75,50
1719557090576,81.75,75
1719557091106,81.65,25
1719557092115,81.55,25
1719557092304,81.75,50
1719557093653,81.75,50
1719557094288,82.0,50
1719557095187,81.9,25
1719557095187,81.9,25
1719557096110,81.75,25
1719557096889,81.75,25
1719557097358,81.9,25
1719557098328,81.8,75
1719557098328,81.8,75
1719557098886,81.85,25
1719557100323,81.5,25
1719557100369,81.25,100
1719557100459,81.4,25
1719557101163,81.25,25
1719557101163,81.25,25
1719557102322,81.15,125
1719557103369,81.65,75
1719557103867,82.0,175
1719557104306,82.45,25
1719557105387,82.0,25
1719557106356,82.1,150
1719557106658,82.2,25
1719557106658,82.2,25
1719557108251,82.1,25
1719557108251,82.1,25
1719557109318,82.4,25
1719557110321,82.1,25
1719557110321,82.1,25
1719557111293,82.2,25
1719557111859,82.0,100
1719557112296,81.9,25
1719557112884,82.0,75
1719557113740,82.3,25
1719557114148,82.3,25
1719557115318,82.35,75
1719557115318,82.35,75
1719557116267,82.15,25
1719557116885,82.5,75
1719557117377,82.65,25
1719557117596,82.6,225
1719557118748,82.8,125
1719557119107,83.15,25
1719557120500,82.85,25
1719557121273,83.1,50
1719557122199,83.0,50
1719557122199,83.0,50
1719557123313,82.5,25
1719557123681,82.45,25
1719557124228,82.5,25
1719557125162,82.35,25
1719557125440,82.35,25
1719557126349,82.35,50
1719557127373,82.55,25
1719557128144,82.65,100
1719557128914,82.7,25
1719557128914,82.7,25
1719557130224,82.75,25
1719557130454,82.75,25
1719557130658,82.9,25
1719557131370,83.05,25
1719557132215,82.9,50
1719557132215,82.9,50
1719557133235,82.85,50
1719557133801,82.95,25
1719557134242,82.85,25
1719557135263,83.0,25
1719557135263,83.0,25
1719557136321,82.9,75
1719557137209,82.8,250
1719557138344,83.15,25
1719557138682,83.1,100
1719557139322,83.2,25
1719557140091,83.2,50
1719557140408,83.2,25
1719557141075,83.1,75
1719557141905,83.05,50
1719557143326,83.1,75
1719557143326,83.1,75
1719557144118,83.1,50
1719557145359,83.0,25
1719557145359,83.0,25
1719557146304,83.1,50
1719557147022,82.9,25
1719557147022,82.9,25
1719557148333,82.85,25
1719557148412,82.85,25
1719557148964,83.05,200
1719557150390,82.9,275
1719557150390,82.9,275
1719557151344,83.15,100
1719557152123,83.15,25
1719557153214,83.05,25
1719557153823,83.25,25
1719557154341,83.0,25
1719557155350,83.35,25
1719557155522,83.25,25
1719557155796,83.35,25
1719557157357,83.1,50
1719557158401,83.3,25
1719557158775,83.05,50
1719557159267,83.25,25
1719557159907,83.2,25
1719557160655,82.3,50
1719557161295,82.7,25
1719557161949,82.85,50
1719557163383,82.75,100
1719557163629,83.0,225
1719557164379,83.0,25
1719557164969,82.95,25
1719557165469,83.15,100
1719557165891,83.4,50
1719557167016,83.4,25
1719557168403,83.4,50
1719557168868,83.3,25
1719557169074,83.35,200
1719557170246,83.2,50
1719557170246,83.2,50
1719557170688,83.2,25
1719557171736,83.2,25
1719557172197,83.2,50
1719557173294,82.8,25
1719557173857,82.75,25
1719557173857,82.75,25
1719557174994,83.0,25
1719557176350,83.0,25
1719557176902,83.25,75
1719557177389,83.15,25
1719557178121,83.2,75
1719557178741,83.3,25
1719557178949,83.35,25
1719557180430,83.2,75
1719557181410,83.2,125
1719557181894,83.1,25
1719557182288,83.2,25
1719557183283,83.1,150
1719557183660,83.1,50
1719557184335,83.3,250
1719557185094,83.5,50
1719557186588,83.05,125
1719557187127,83.45,25
1719557187264,83.5,50
1719557188390,83.2,100
1719557188732,83.3,100
1719557188732,83.3,100
1719557190394,83.75,25
1719557190599,83.65,25
1719557190965,83.6,25
1719557190965,83.6,25
1719557192636,83.45,25
1719557193380,83.6,25
1719557193539,83.4,25
1719557194420,83.45,100
1719557195368,83.35,75
1719557196140,83.3,200
1719557197128,83.5,50
1719557197280,83.5,100
1719557198245,83.35,25
1719557198485,83.25,25
1719557199425,83.1,25
1719557199981,83.4,250
1719557201109,83.25,25
1719557201838,82.65,100
1719557202478,82.85,125
1719557203793,82.5,25
1719557204689,82.85,25
1719557205319,82.5,25
1719557205319,82.5,25
1719557206387,82.4,25
1719557206954,82.0,100
1719557206954,82.0,100
1719557208309,82.2,25
1719557208495,82.15,25
1719557209344,82.25,25
1719557210258,82.1,75
1719557211406,82.15,125
1719557212218,82.6,25
1719557212242,82.55,50
1719557213076,82.6,25
1719557213739,82.4,25
1719557214306,82.35,25
1719557215418,82.5,25
1719557216440,82.3,50
1719557217217,82.25,25
1719557217328,82.3,150
1719557217598,82.15,50
1719557218558,82.2,25
1719557219390,81.75,25
1719557220309,81.1,25
1719557220651,80.6,100
1719557221404,80.0,50
1719557222081,79.45,25
1719557222544,78.45,225
1719557223624,77.6,100
1719557223838,76.8,25
1719557224405,76.7,25
1719557225432,77.35,25
1719557226445,77.15,150
1719557227225,76.55,25
1719557227631,76.85,75
1719557228623,75.7,50
1719557228836,74.6,50
1719557229641,75.45,50
1719557230410,75.85,75
1719557230635,75.9,25
1719557231782,75.35,150
1719557232242,75.2,25
1719557232450,75.55,25
1719557233455,74.9,125
1719557233825,73.5,200
1719557234646,72.9,25
1719557235449,74.4,25
1719557235842,73.6,25
1719557236837,73.1,25
1719557237051,73.3,75
1719557237418,73.35,25
1719557238438,74.05,75
1719557238867,73.95,25
1719557239432,73.95,200
1719557240454,74.2,25
1719557240635,74.35,25
1719557241436,74.0,25
1719557241978,73.9,50
1719557242443,74.05,225
1719557243442,74.15,100
1719557243862,74.3,25
1719557244639,74.2,75
1719557245470,73.85,150
1719557246527,74.15,50
1719557247005,73.8,25
1719557247467,73.55,150
1719557248448,72.3,25
1719557248879,72.7,75
1719557249650,73.8,25
1719557250460,72.55,25
1719557250661,72.3,25
1719557251428,73.1,200
1719557252055,72.75,25
1719557252405,72.4,275
1719557253642,72.9,100
1719557253855,73.0,25
1719557254405,73.2,225
1719557255495,72.7,25
1719557256453,73.1,575
1719557257072,73.8,25
1719557257411,73.5,25
1719557258617,74.5,25
1719557258890,74.4,25
1719557259668,74.75,25
1719557260461,75.3,25
1719557260650,75.3,25
1719557261385,75.05,25
1719557262040,74.7,25
1719557262546,75.5,25
1719557263458,75.5,100
1719557263904,75.9,50
1719557264443,75.9,25
1719557265504,76.45,75
1719557266417,76.1,50
1719557267047,76.2,25
1719557267446,75.8,25
1719557268639,75.9,25
1719557268873,75.7,25
1719557269410,75.45,25
1719557270452,75.35,25
1719557271451,74.5,25
1719557272051,74.3,25
1719557272623,74.3,25
1719557273234,75.0,25
1719557273859,75.5,150
1719557274364,74.5,100
1719557275441,74.2,150
1719557276421,74.4,25
1719557277120,74.75,25
1719557277437,74.8,25
1719557278611,74.8,50
1719557278875,74.65,25
1719557279460,74.7,25
1719557280455,74.1,25
1719557280647,74.1,25
1719557281637,73.9,25
1719557282097,74.2,125
1719557282453,74.3,25
1719557283347,74.4,25
1719557283805,74.2,25
1719557284467,74.25,50
1719557285357,74.7,100
1719557285530,74.95,25
1719557286634,74.35,25
1719557287151,74.35,25
1719557287377,74.6,25
1719557288436,73.85,25
1719557288929,74.25,25
1719557289576,74.3,25
1719557290496,74.4,50
1719557291413,74.45,25
1719557292157,74.35,50
1719557292460,74.3,25
1719557293156,74.6,25
1719557293959,74.05,50
1719557294315,73.9,25
1719557295642,74.0,25
1719557296421,73.5,25
1719557297043,73.35,100
1719557297461,74.1,225
1719557298488,73.5,25
1719557298754,73.7,25
1719557299577,73.65,25
1719557300483,74.2,25
1719557300483,74.2,25
1719557301412,74.1,50
1719557302075,73.8,25
1719557302364,73.9,125
1719557303751,73.0,25
1719557304345,73.85,25
1719557305533,74.0,25
1719557306478,74.4,100
1719557307091,74.05,50
1719557307240,74.05,250
1719557308350,74.1,150
1719557308630,74.1,50
1719557309449,74.55,75
1719557310416,74.9,125
1719557310614,74.7,200
1719557311376,74.9,25
1719557312157,75.4,50
1719557312617,75.15,25
1719557313452,75.65,25
1719557313780,75.75,25
1719557314404,75.95,25
1719557315535,75.35,50
1719557315698,75.6,225
1719557316467,75.45,225
1719557317179,75.55,25
1719557317483,75.4,25
1719557318400,75.6,25
1719557318672,75.45,50
1719557319438,74.8,125
1719557320576,74.9,50
1719557321627,75.25,75
1719557322162,75.55,50
1719557322492,75.4,25
1719557323499,75.95,75
1719557323663,75.8,25
1719557324603,75.55,250
1719557325526,75.1,200
1719557325600,75.0,25
1719557326485,75.75,50
1719557327157,75.7,25
1719557327458,75.8,50
1719557328795,76.15,75
1719557329501,76.0,50
1719557330468,75.95,225
1719557330618,75.7,200
1719557331437,76.0,25
1719557332091,76.0,25
1719557332455,76.05,75
1719557333636,76.25,25
1719557333750,76.25,25
1719557334497,75.75,25
1719557335480,75.45,150
1719557335480,75.45,150
1719557336430,75.55,175
1719557337194,75.3,25
1719557337504,75.6,50
1719557338471,75.5,25
1719557338568,75.3,25
1719557339311,75.5,425
1719557340510,76.0,250
1719557340626,75.95,25
1719557341494,76.25,100
1719557342187,76.15,25
1719557342684,76.15,25
1719557343524,76.25,25
1719557343788,76.15,25
1719557344307,76.3,25
1719557345330,76.85,100
1719557345611,76.8,175
1719557346368,76.65,200
1719557347086,77.0,25
1719557347871,77.05,25
1719557348497,76.7,50
1719557348861,77.0,200
1719557349429,76.75,100
1719557350515,76.15,25
1719557350541,76.15,25
1719557351506,75.85,25
1719557352244,75.9,25
1719557352509,75.65,25
1719557353400,75.8,50
1719557353716,75.9,50
1719557354457,76.3,75
1719557355512,76.5,25
1719557355636,76.6,25
1719557356577,76.5,50
1719557357220,76.1,25
1719557357379,76.05,25
1719557358479,76.3,25
1719557358764,76.4,150
1719557359269,76.2,25
