time,price,volume
1718345625389.0,95.5,250.0
1718345625882.0,95.6,25.0
1718345626581.0,95.3,25.0
1718345626628.0,95.45,25.0
1718345627570.0,95.3,250.0
1718345627913.0,95.25,50.0
1718345628802.0,95.3,25.0
1718345628890.0,95.2,50.0
1718345629960.0,95.25,50.0
1718345629960.0,95.25,50.0
1718345630548.0,95.25,50.0
1718345630910.0,95.25,75.0
1718345631525.0,94.55,25.0
1718345631814.0,94.7,25.0
1718345632031.0,94.85,25.0
1718345632031.0,94.85,25.0
1718345633764.0,94.8,25.0
1718345633910.0,94.7,25.0
1718345635021.0,95.0,25.0
1718345635584.0,95.15,25.0
1718345635929.0,95.1,100.0
1718345636572.0,95.15,100.0
1718345636910.0,94.95,150.0
1718345637394.0,95.1,350.0
1718345637788.0,95.3,25.0
1718345638965.0,95.3,25.0
1718345638992.0,95.35,25.0
1718345639978.0,95.3,75.0
1718345639978.0,95.3,75.0
1718345640576.0,95.15,25.0
1718345640888.0,95.5,25.0
1718345641962.0,95.3,50.0
1718345641962.0,95.3,50.0
1718345642442.0,95.15,25.0
1718345642937.0,95.15,25.0
1718345643541.0,94.85,75.0
1718345643963.0,95.0,50.0
1718345644487.0,95.45,75.0
1718345645783.0,95.35,25.0
1718345645783.0,95.35,25.0
1718345646718.0,95.4,25.0
1718345646905.0,95.45,25.0
1718345647690.0,95.35,50.0
1718345647978.0,95.45,25.0
1718345648586.0,95.3,25.0
1718345648980.0,95.4,75.0
1718345649604.0,95.0,25.0
1718345649867.0,95.15,250.0
1718345650499.0,95.2,200.0
1718345650779.0,95.25,25.0
1718345651816.0,95.0,25.0
1718345651816.0,95.0,25.0
1718345652635.0,95.1,50.0
1718345652635.0,95.1,50.0
1718345653473.0,94.95,100.0
1718345653851.0,95.25,25.0
1718345654628.0,95.4,50.0
1718345654628.0,95.4,50.0
1718345655662.0,95.3,25.0
1718345655662.0,95.3,25.0
1718345656383.0,94.9,150.0
1718345657767.0,94.8,25.0
1718345657767.0,94.8,25.0
1718345658534.0,95.35,25.0
1718345658884.0,95.0,25.0
1718345659525.0,95.2,25.0
1718345659980.0,95.25,25.0
1718345660634.0,95.3,25.0
1718345660911.0,95.2,75.0
1718345661952.0,95.15,50.0
1718345662440.0,95.35,25.0
1718345662774.0,95.2,25.0
1718345663216.0,95.15,75.0
1718345663911.0,95.5,50.0
1718345664327.0,95.5,25.0
1718345664327.0,95.5,25.0
1718345665509.0,95.55,25.0
1718345665807.0,95.6,50.0
1718345666884.0,96.1,175.0
1718345666884.0,96.1,175.0
1718345668084.0,95.6,250.0
1718345669080.0,94.9,200.0
1718345669925.0,95.25,25.0
1718345670119.0,95.15,25.0
1718345670982.0,95.1,25.0
1718345671541.0,94.95,125.0
1718345671973.0,95.05,50.0
1718345672245.0,95.2,25.0
1718345672245.0,95.2,25.0
1718345673506.0,95.05,50.0
1718345673925.0,95.05,25.0
1718345674435.0,95.3,200.0
1718345674947.0,95.3,125.0
1718345675610.0,95.45,75.0
1718345675948.0,95.25,25.0
1718345676704.0,95.2,125.0
1718345676704.0,95.2,125.0
1718345678075.0,95.05,25.0
1718345678452.0,95.1,25.0
1718345678452.0,95.1,25.0
1718345679217.0,95.05,25.0
1718345679217.0,95.05,25.0
1718345680628.0,95.5,25.0
1718345680750.0,95.3,50.0
1718345681816.0,95.25,25.0
1718345682707.0,95.25,100.0
1718345682989.0,95.05,50.0
1718345683985.0,95.1,25.0
1718345684698.0,95.3,25.0
1718345684895.0,95.4,100.0
1718345685468.0,95.5,25.0
1718345685986.0,95.35,150.0
1718345686942.0,95.25,25.0
1718345687288.0,95.1,200.0
1718345688291.0,95.1,200.0
1718345688291.0,95.1,200.0
1718345689665.0,94.85,75.0
1718345689968.0,95.0,50.0
1718345690609.0,95.0,200.0
1718345690859.0,94.95,25.0
1718345691777.0,95.0,150.0
1718345691777.0,95.0,150.0
1718345692724.0,95.1,25.0
1718345692978.0,95.1,25.0
1718345693985.0,94.85,75.0
1718345694852.0,95.15,25.0
1718345695036.0,95.2,25.0
1718345695649.0,95.25,25.0
1718345695961.0,95.4,75.0
1718345696639.0,95.4,25.0
1718345696639.0,95.4,25.0
1718345697626.0,95.25,25.0
1718345697626.0,95.25,25.0
1718345698503.0,95.45,75.0
1718345698950.0,95.3,125.0
1718345699680.0,95.35,200.0
1718345700103.0,95.4,50.0
1718345700856.0,95.45,25.0
1718345701072.0,95.3,25.0
1718345701644.0,95.55,25.0
1718345701969.0,95.45,25.0
1718345702926.0,95.25,50.0
1718345703849.0,95.0,200.0
1718345703990.0,95.2,50.0
1718345704747.0,95.4,25.0
1718345705998.0,95.5,25.0
1718345706020.0,95.5,25.0
1718345706604.0,95.45,25.0
1718345706765.0,95.4,25.0
1718345707866.0,95.4,25.0
1718345707866.0,95.4,25.0
1718345708943.0,95.4,25.0
1718345709899.0,95.6,25.0
1718345709899.0,95.6,25.0
1718345710486.0,95.35,75.0
1718345711009.0,95.45,25.0
1718345711681.0,95.35,400.0
1718345711865.0,95.5,75.0
1718345712489.0,95.5,25.0
1718345712609.0,95.35,50.0
1718345713737.0,95.4,125.0
1718345713737.0,95.4,125.0
1718345714998.0,95.55,25.0
1718345715906.0,95.35,25.0
1718345716701.0,95.35,75.0
1718345716926.0,95.3,25.0
1718345717973.0,95.05,25.0
1718345718634.0,95.15,225.0
1718345719008.0,95.3,25.0
1718345719916.0,95.5,25.0
1718345719980.0,95.6,100.0
1718345720707.0,95.4,25.0
1718345721104.0,95.7,25.0
1718345721600.0,95.6,75.0
1718345722012.0,95.95,25.0
1718345722504.0,95.95,25.0
1718345722911.0,95.85,75.0
1718345723744.0,95.65,100.0
1718345723784.0,95.65,25.0
1718345724601.0,95.8,25.0
1718345726010.0,95.5,25.0
1718345726093.0,95.75,250.0
1718345726332.0,95.7,25.0
1718345726970.0,95.6,25.0
1718345727723.0,95.7,25.0
1718345727723.0,95.7,25.0
1718345728978.0,95.7,25.0
1718345729021.0,95.75,100.0
1718345729917.0,95.65,25.0
1718345730180.0,95.2,25.0
1718345730556.0,95.25,25.0
1718345731145.0,95.35,50.0
1718345731710.0,95.2,25.0
1718345731710.0,95.2,25.0
1718345732742.0,95.3,25.0
1718345732955.0,95.25,75.0
1718345734017.0,95.2,200.0
1718345735025.0,94.85,25.0
1718345735167.0,94.9,25.0
1718345735563.0,95.35,100.0
1718345736035.0,95.4,400.0
1718345736587.0,95.4,50.0
1718345736836.0,95.2,25.0
1718345737613.0,95.45,100.0
1718345738020.0,95.25,100.0
1718345738753.0,95.45,25.0
1718345738753.0,95.45,25.0
1718345739616.0,95.4,50.0
1718345740970.0,95.0,250.0
1718345741155.0,95.0,25.0
1718345741690.0,95.1,25.0
1718345741898.0,95.2,50.0
1718345742391.0,95.0,25.0
1718345742992.0,95.0,25.0
1718345743765.0,95.05,25.0
1718345744005.0,95.0,25.0
1718345744848.0,95.1,75.0
1718345745920.0,94.5,150.0
1718345746066.0,94.55,25.0
1718345746642.0,94.4,125.0
1718345747374.0,94.35,100.0
1718345747743.0,94.75,25.0
1718345747929.0,94.8,100.0
1718345748696.0,94.8,50.0
1718345748862.0,94.75,25.0
1718345749679.0,94.4,25.0
1718345749909.0,94.5,100.0
1718345750930.0,94.15,25.0
1718345751806.0,94.45,375.0
1718345752803.0,94.3,125.0
1718345753087.0,94.4,75.0
1718345753741.0,94.4,25.0
1718345754029.0,94.7,50.0
1718345754534.0,94.6,25.0
1718345754989.0,94.55,25.0
1718345755241.0,94.6,100.0
1718345756020.0,94.6,125.0
1718345756708.0,94.35,25.0
1718345756708.0,94.35,25.0
1718345757649.0,94.4,50.0
1718345758873.0,94.2,25.0
1718345759200.0,94.0,25.0
1718345759870.0,94.0,25.0
1718345759870.0,94.0,25.0
1718345760172.0,94.0,75.0
1718345760846.0,93.85,25.0
1718345761209.0,93.85,25.0
1718345761569.0,93.8,25.0
1718345761932.0,94.0,100.0
1718345762537.0,94.0,25.0
1718345762537.0,94.0,25.0
1718345763949.0,94.05,25.0
1718345764948.0,94.0,400.0
1718345765892.0,94.0,150.0
1718345766223.0,93.9,125.0
1718345766532.0,94.15,100.0
1718345767000.0,94.2,25.0
1718345767409.0,93.65,75.0
1718345767409.0,93.65,75.0
1718345768837.0,93.6,25.0
1718345769894.0,93.85,25.0
1718345770922.0,94.05,25.0
1718345771668.0,93.85,75.0
1718345772081.0,93.95,25.0
1718345772489.0,94.0,25.0
1718345773020.0,94.05,25.0
1718345773667.0,94.2,25.0
1718345773900.0,94.2,150.0
1718345774711.0,93.95,25.0
1718345775047.0,93.7,25.0
1718345776023.0,94.0,150.0
1718345776647.0,94.0,25.0
1718345777068.0,93.85,75.0
1718345777823.0,93.9,50.0
1718345777878.0,93.9,100.0
1718345778416.0,94.0,25.0
1718345779862.0,93.75,200.0
1718345780660.0,93.65,50.0
1718345781164.0,93.45,25.0
1718345781632.0,93.4,25.0
1718345781930.0,93.55,25.0
1718345782944.0,93.7,275.0
1718345783823.0,93.45,50.0
1718345784772.0,93.6,25.0
1718345785752.0,93.45,150.0
1718345785752.0,93.45,150.0
1718345786478.0,93.8,25.0
1718345786478.0,93.8,25.0
1718345787804.0,93.4,25.0
1718345788053.0,93.6,50.0
1718345788474.0,93.65,25.0
1718345789990.0,93.85,100.0
1718345789990.0,93.85,100.0
1718345790790.0,93.55,25.0
1718345790790.0,93.55,25.0
1718345791420.0,93.55,50.0
1718345791420.0,93.55,50.0
1718345792772.0,93.5,25.0
1718345792772.0,93.5,25.0
1718345793671.0,93.3,25.0
1718345793990.0,93.45,25.0
1718345794856.0,93.65,275.0
1718345794856.0,93.65,275.0
1718345796005.0,93.5,25.0
1718345796763.0,93.55,25.0
1718345796763.0,93.55,25.0
1718345797733.0,93.5,50.0
1718345797971.0,93.35,25.0
1718345798884.0,93.35,25.0
1718345798884.0,93.35,25.0
1718345799660.0,93.35,50.0
1718345801054.0,93.65,1275.0
1718345801262.0,93.65,25.0
1718345801588.0,93.5,75.0
1718345802762.0,93.55,75.0
1718345803108.0,93.55,25.0
1718345803864.0,93.65,100.0
1718345803864.0,93.65,100.0
1718345804113.0,93.65,25.0
1718345805006.0,93.4,75.0
1718345806042.0,93.5,25.0
1718345806042.0,93.5,25.0
1718345806663.0,93.55,25.0
1718345807971.0,93.65,25.0
1718345808220.0,93.55,75.0
1718345808543.0,93.4,50.0
1718345808960.0,93.35,25.0
1718345809827.0,93.35,25.0
1718345809827.0,93.35,25.0
1718345811066.0,93.2,25.0
1718345811552.0,93.25,25.0
1718345811552.0,93.25,25.0
1718345812717.0,93.3,75.0
1718345812717.0,93.3,75.0
1718345813801.0,93.35,25.0
1718345814038.0,93.3,75.0
1718345814532.0,93.3,25.0
1718345814960.0,93.3,75.0
1718345816047.0,93.4,25.0
1718345816884.0,93.2,50.0
1718345816884.0,93.2,50.0
1718345817855.0,93.2,50.0
1718345817855.0,93.2,50.0
1718345818719.0,93.3,25.0
1718345818719.0,93.3,25.0
1718345819530.0,93.1,25.0
1718345819924.0,93.2,25.0
1718345820557.0,93.2,25.0
1718345821037.0,93.1,25.0
1718345821871.0,93.0,25.0
1718345823040.0,93.25,275.0
1718345823181.0,93.3,25.0
1718345823640.0,93.85,25.0
1718345824044.0,93.85,25.0
1718345824814.0,93.5,50.0
1718345824814.0,93.5,50.0
1718345826053.0,93.95,25.0
1718345826816.0,94.05,150.0
1718345827184.0,94.05,25.0
1718345827923.0,94.05,75.0
1718345828076.0,93.75,75.0
1718345829092.0,93.6,300.0
1718345829993.0,93.5,25.0
1718345830132.0,93.6,25.0
1718345830835.0,93.35,25.0
1718345831192.0,93.35,25.0
1718345831362.0,93.4,25.0
1718345831362.0,93.4,25.0
1718345832826.0,93.55,25.0
1718345833930.0,92.8,100.0
1718345833930.0,92.8,100.0
1718345835011.0,92.85,25.0
1718345836077.0,92.8,200.0
1718345836077.0,92.8,200.0
1718345836231.0,92.75,850.0
1718345837010.0,93.05,400.0
1718345838000.0,93.05,50.0
1718345838000.0,93.05,50.0
1718345838866.0,92.9,25.0
1718345838866.0,92.9,25.0
1718345839901.0,93.05,75.0
1718345839901.0,93.05,75.0
1718345840894.0,93.05,25.0
1718345841082.0,92.95,150.0
1718345842112.0,92.5,275.0
1718345843051.0,92.65,125.0
1718345843051.0,92.65,125.0
1718345843997.0,92.5,25.0
1718345844178.0,92.5,350.0
1718345844864.0,92.35,50.0
1718345845094.0,92.4,25.0
1718345846084.0,92.55,100.0
1718345846084.0,92.55,100.0
1718345847042.0,92.8,25.0
1718345847993.0,92.9,100.0
1718345848722.0,93.15,150.0
1718345849345.0,93.2,25.0
1718345849762.0,92.95,50.0
1718345849762.0,92.95,50.0
1718345850951.0,93.15,25.0
1718345851002.0,93.15,500.0
1718345852044.0,92.85,25.0
1718345852138.0,92.85,25.0
1718345853025.0,92.8,25.0
1718345854058.0,92.6,450.0
1718345854303.0,92.75,25.0
1718345854889.0,92.45,200.0
1718345854889.0,92.45,200.0
1718345856153.0,91.85,75.0
1718345856664.0,91.55,25.0
1718345857971.0,91.95,900.0
1718345858358.0,91.95,100.0
1718345858901.0,91.45,25.0
1718345859043.0,91.4,75.0
1718345859889.0,91.8,25.0
1718345860040.0,91.6,200.0
1718345860975.0,91.2,25.0
1718345861108.0,91.05,75.0
1718345861961.0,91.3,25.0
1718345861961.0,91.3,25.0
1718345862965.0,91.45,25.0
1718345862965.0,91.45,25.0
1718345863889.0,91.45,25.0
1718345864164.0,91.65,550.0
1718345865107.0,91.7,400.0
1718345866084.0,91.95,25.0
1718345866254.0,92.1,25.0
1718345866903.0,92.2,25.0
1718345866903.0,92.2,25.0
1718345867806.0,92.0,25.0
1718345867806.0,92.0,25.0
1718345868961.0,92.1,150.0
1718345869084.0,91.9,150.0
1718345869973.0,91.9,25.0
1718345869973.0,91.9,25.0
1718345870938.0,92.05,25.0
1718345870938.0,92.05,25.0
1718345871444.0,92.0,50.0
1718345871444.0,92.0,50.0
1718345872916.0,92.0,25.0
1718345872916.0,92.0,25.0
1718345874117.0,91.8,75.0
1718345874117.0,91.8,75.0
1718345874852.0,91.6,25.0
1718345876037.0,91.5,50.0
1718345876379.0,91.6,150.0
1718345876848.0,91.6,25.0
1718345876848.0,91.6,25.0
1718345877753.0,91.65,25.0
1718345878048.0,91.8,25.0
1718345879015.0,91.3,25.0
1718345879823.0,91.5,25.0
1718345880084.0,91.55,300.0
1718345881134.0,91.75,25.0
1718345881815.0,91.7,100.0
1718345882178.0,91.6,25.0
1718345882892.0,91.95,50.0
1718345883089.0,91.8,25.0
1718345884207.0,91.5,25.0
1718345885074.0,91.0,50.0
1718345885195.0,91.05,100.0
1718345886080.0,90.8,25.0
1718345886116.0,90.8,25.0
1718345887183.0,91.05,100.0
1718345887978.0,90.85,250.0
1718345888394.0,90.65,125.0
1718345888949.0,90.55,25.0
1718345889074.0,90.75,200.0
1718345889951.0,90.45,25.0
1718345889951.0,90.45,25.0
1718345891058.0,90.4,50.0
1718345891946.0,90.45,100.0
1718345892036.0,90.35,150.0
1718345893213.0,90.1,125.0
1718345894012.0,90.45,25.0
1718345894196.0,90.65,125.0
1718345894994.0,90.25,125.0
1718345895328.0,90.35,75.0
1718345895992.0,90.1,1525.0
1718345896104.0,90.1,125.0
1718345896840.0,90.15,75.0
1718345898121.0,90.25,25.0
1718345899098.0,90.35,25.0
1718345899764.0,90.2,25.0
1718345900232.0,90.15,25.0
1718345900912.0,90.1,50.0
1718345901213.0,90.15,25.0
1718345902018.0,90.45,450.0
1718345902018.0,90.45,450.0
1718345903119.0,90.4,50.0
1718345904084.0,90.5,25.0
1718345904868.0,90.5,25.0
1718345905129.0,90.8,25.0
1718345906092.0,90.85,25.0
1718345906191.0,90.85,25.0
1718345906960.0,90.95,75.0
1718345906960.0,90.95,75.0
1718345908120.0,90.95,50.0
1718345908427.0,91.0,75.0
1718345908997.0,90.75,50.0
1718345910046.0,90.9,25.0
1718345911090.0,90.9,250.0
1718345911231.0,91.05,75.0
1718345911894.0,91.1,25.0
1718345912416.0,91.0,25.0
1718345913064.0,90.8,25.0
1718345914061.0,90.85,25.0
1718345914108.0,90.7,25.0
1718345915120.0,90.25,100.0
1718345915278.0,90.2,25.0
1718345916110.0,90.3,25.0
1718345916301.0,90.35,25.0
1718345916932.0,89.65,25.0
1718345916932.0,89.65,25.0
1718345918091.0,89.5,125.0
1718345919062.0,89.5,100.0
1718345920011.0,89.4,100.0
1718345920100.0,89.6,25.0
1718345921103.0,89.55,25.0
1718345921245.0,89.75,25.0
1718345921916.0,89.95,100.0
1718345922220.0,89.9,25.0
1718345923056.0,89.9,75.0
1718345923228.0,90.0,25.0
1718345923975.0,90.2,25.0
1718345924082.0,90.35,50.0
1718345925013.0,90.3,125.0
1718345926059.0,90.5,50.0
1718345926059.0,90.5,50.0
1718345927103.0,90.45,50.0
1718345927910.0,90.45,150.0
1718345928433.0,90.45,25.0
1718345929065.0,90.4,50.0
1718345929139.0,90.35,200.0
1718345930050.0,90.4,75.0
1718345930050.0,90.4,75.0
1718345931026.0,90.45,25.0
1718345931026.0,90.45,25.0
1718345931975.0,90.5,25.0
1718345931975.0,90.5,25.0
1718345933108.0,90.1,100.0
1718345933108.0,90.1,100.0
1718345934030.0,90.5,375.0
1718345934499.0,90.25,25.0
1718345934945.0,90.25,25.0
1718345934945.0,90.25,25.0
1718345935838.0,90.5,25.0
1718345935838.0,90.5,25.0
1718345936962.0,90.55,25.0
1718345937106.0,90.3,25.0
1718345938113.0,90.4,25.0
1718345938259.0,90.4,25.0
1718345939127.0,90.1,150.0
1718345939453.0,90.25,225.0
1718345940110.0,90.15,100.0
1718345941145.0,90.2,25.0
1718345942001.0,90.3,25.0
1718345942198.0,90.2,25.0
1718345943141.0,90.2,125.0
1718345944120.0,91.3,100.0
1718345945004.0,90.9,50.0
1718345945274.0,90.95,75.0
1718345946001.0,91.15,25.0
1718345946217.0,91.15,125.0
1718345946874.0,91.45,50.0
1718345947182.0,91.35,100.0
1718345948095.0,91.5,1625.0
1718345948095.0,91.5,1625.0
1718345949117.0,91.35,75.0
1718345950003.0,91.4,25.0
1718345951030.0,91.3,200.0
1718345951276.0,91.1,175.0
1718345951824.0,90.95,200.0
1718345952725.0,91.0,25.0
1718345953001.0,90.65,25.0
1718345954020.0,90.45,25.0
1718345954020.0,90.45,25.0
1718345955015.0,90.65,25.0
1718345956106.0,90.45,25.0
1718345956748.0,90.35,25.0
1718345957269.0,90.3,25.0
1718345958157.0,90.4,200.0
1718345959151.0,90.3,150.0
1718345959151.0,90.3,150.0
1718345960101.0,90.35,25.0
1718345960289.0,90.35,25.0
1718345961046.0,90.25,25.0
1718345961216.0,90.35,25.0
1718345961768.0,90.35,25.0
1718345963057.0,90.4,25.0
1718345963275.0,90.45,100.0
1718345964001.0,90.4,25.0
1718345964341.0,90.45,25.0
1718345965127.0,90.5,25.0
1718345965381.0,90.7,25.0
1718345966109.0,90.65,50.0
1718345966342.0,90.45,50.0
1718345966849.0,90.1,25.0
1718345967268.0,90.25,25.0
1718345968067.0,90.35,25.0
1718345969124.0,90.25,25.0
1718345969124.0,90.25,25.0
1718345970121.0,90.05,75.0
1718345970340.0,89.85,25.0
1718345971002.0,89.85,25.0
1718345971468.0,90.0,75.0
1718345972086.0,89.85,100.0
1718345973162.0,89.6,300.0
1718345973269.0,89.8,25.0
1718345973813.0,89.8,100.0
1718345974234.0,89.85,50.0
1718345974792.0,90.0,25.0
1718345975343.0,89.9,100.0
1718345976148.0,90.0,25.0
1718345976918.0,89.8,50.0
1718345977943.0,90.0,50.0
1718345979129.0,89.65,75.0
1718345979193.0,89.85,50.0
1718345979983.0,89.85,100.0
1718345980368.0,89.75,175.0
1718345981084.0,89.8,50.0
1718345981536.0,89.75,25.0
1718345981629.0,89.7,25.0
1718345982719.0,89.5,1425.0
1718345983661.0,89.7,150.0
1718345985132.0,89.8,25.0
1718345986007.0,90.05,25.0
1718345986233.0,90.1,25.0
1718345986894.0,89.9,25.0
1718345987390.0,90.15,25.0
1718345988126.0,90.3,25.0
1718345988550.0,90.3,75.0
1718345989115.0,90.25,25.0
1718345990166.0,90.6,25.0
1718345990201.0,90.55,100.0
1718345991169.0,90.95,75.0
1718345991719.0,90.95,200.0
1718345993007.0,91.1,50.0
1718345994176.0,91.3,25.0
1718345995138.0,91.3,25.0
1718345995138.0,91.3,25.0
1718345996318.0,91.15,50.0
1718345997066.0,91.3,25.0
1718345997481.0,91.4,25.0
1718345998012.0,91.0,200.0
1718345999152.0,91.05,75.0
1718345999380.0,90.95,25.0
1718346000064.0,90.7,25.0
1718346000064.0,90.7,25.0
1718346001135.0,90.2,25.0
1718346001503.0,90.25,25.0
1718346001503.0,90.25,25.0
1718346003183.0,90.05,50.0
1718346003951.0,90.3,25.0
1718346005161.0,90.1,75.0
1718346005392.0,90.15,175.0
1718346006111.0,89.8,25.0
1718346006397.0,89.85,25.0
1718346006973.0,89.65,25.0
1718346006973.0,89.65,25.0
1718346008035.0,89.65,50.0
1718346008996.0,89.8,25.0
1718346010127.0,89.9,50.0
1718346011016.0,89.75,25.0
1718346011321.0,89.7,25.0
1718346012164.0,89.75,25.0
1718346012191.0,89.8,75.0
1718346012928.0,89.8,325.0
1718346013380.0,89.9,25.0
1718346014081.0,90.05,50.0
1718346014595.0,90.15,75.0
1718346014800.0,90.1,100.0
1718346015555.0,90.05,1000.0
1718346016810.0,90.1,25.0
1718346018174.0,90.4,100.0
1718346018359.0,90.35,75.0
1718346019062.0,90.4,25.0
1718346019543.0,90.55,25.0
1718346020177.0,90.55,25.0
1718346021068.0,90.7,25.0
1718346021381.0,90.6,50.0
1718346021971.0,90.35,25.0
1718346021971.0,90.35,25.0
1718346022802.0,90.65,25.0
1718346023345.0,89.9,25.0
1718346023969.0,90.0,25.0
1718346024445.0,89.95,25.0
1718346025013.0,89.95,25.0
1718346026210.0,90.15,125.0
1718346026706.0,90.05,75.0
1718346026706.0,90.05,75.0
1718346027716.0,90.1,125.0
1718346028485.0,89.8,25.0
1718346029042.0,89.7,50.0
1718346029536.0,89.85,100.0
1718346030029.0,89.9,25.0
1718346030205.0,90.0,25.0
1718346031062.0,89.9,275.0
1718346031062.0,89.9,275.0
1718346031971.0,90.15,275.0
1718346033209.0,89.9,25.0
1718346033904.0,90.2,75.0
1718346034398.0,90.1,25.0
1718346034647.0,89.9,50.0
1718346035564.0,90.2,50.0
1718346036198.0,89.95,25.0
1718346036987.0,89.95,400.0
1718346036987.0,89.95,400.0
1718346038165.0,90.15,25.0
1718346039124.0,90.25,25.0
1718346039938.0,90.0,50.0
1718346039938.0,90.0,50.0
1718346041181.0,90.35,25.0
1718346041354.0,90.1,25.0
1718346041904.0,90.4,25.0
1718346042360.0,90.35,50.0
1718346043104.0,90.15,25.0
1718346043469.0,90.4,25.0
1718346044081.0,90.2,25.0
1718346044653.0,90.3,25.0
1718346044854.0,90.5,300.0
1718346046182.0,90.55,50.0
1718346046182.0,90.55,50.0
1718346047025.0,90.55,25.0
1718346048171.0,90.45,75.0
1718346048960.0,90.6,50.0
1718346048960.0,90.6,50.0
1718346050273.0,90.4,25.0
1718346050839.0,90.55,175.0
1718346051406.0,90.7,100.0
1718346051406.0,90.7,100.0
1718346052669.0,90.7,50.0
1718346053052.0,90.8,25.0
1718346053772.0,90.55,25.0
1718346055042.0,90.6,175.0
1718346055042.0,90.6,175.0
1718346055938.0,90.45,25.0
1718346055938.0,90.45,25.0
1718346056980.0,90.85,50.0
1718346057315.0,90.8,25.0
1718346058064.0,90.8,125.0
1718346058509.0,90.8,25.0
1718346059220.0,90.6,25.0
1718346060041.0,90.8,75.0
1718346060282.0,90.8,25.0
1718346061044.0,90.8,25.0
1718346061423.0,90.75,175.0
1718346062096.0,90.6,25.0
1718346062676.0,90.8,50.0
1718346063174.0,90.75,950.0
1718346063174.0,90.75,950.0
1718346064226.0,90.45,50.0
1718346064260.0,90.45,100.0
1718346064801.0,90.4,25.0
1718346064801.0,90.4,25.0
1718346066021.0,90.55,50.0
1718346066497.0,90.45,50.0
1718346067400.0,90.35,25.0
1718346068222.0,89.95,75.0
1718346068660.0,90.1,25.0
1718346068865.0,90.1,100.0
1718346070212.0,90.35,75.0
1718346070212.0,90.35,75.0
1718346071185.0,90.35,100.0
1718346071185.0,90.35,100.0
1718346071849.0,90.4,125.0
1718346073230.0,90.3,50.0
1718346073407.0,90.3,50.0
1718346074028.0,90.4,25.0
1718346074028.0,90.4,25.0
1718346075217.0,90.25,25.0
1718346075549.0,90.4,25.0
1718346076144.0,90.45,25.0
1718346076144.0,90.45,25.0
1718346077205.0,90.05,450.0
1718346077205.0,90.05,450.0
1718346078114.0,90.4,25.0
1718346078114.0,90.4,25.0
1718346079094.0,90.3,50.0
1718346079500.0,90.5,25.0
1718346080211.0,90.35,25.0
1718346080282.0,90.35,125.0
1718346081052.0,90.65,25.0
1718346081774.0,90.55,50.0
1718346081774.0,90.55,50.0
1718346083159.0,90.65,75.0
1718346083159.0,90.65,75.0
1718346084169.0,90.5,50.0
1718346084379.0,90.55,25.0
1718346084708.0,90.5,25.0
1718346085260.0,90.75,125.0
1718346085929.0,91.0,25.0
1718346086609.0,91.0,25.0
1718346086609.0,91.0,25.0
1718346087872.0,90.95,50.0
1718346089070.0,90.8,25.0
1718346089534.0,90.8,25.0
1718346090065.0,90.85,50.0
1718346090065.0,90.85,50.0
1718346090674.0,91.0,125.0
1718346090674.0,91.0,125.0
1718346091678.0,91.0,75.0
1718346092174.0,91.0,25.0
1718346092174.0,91.0,25.0
1718346093283.0,90.8,75.0
1718346094233.0,90.9,25.0
1718346094233.0,90.9,25.0
1718346095229.0,90.65,100.0
1718346095229.0,90.65,100.0
1718346096105.0,90.8,275.0
1718346096474.0,90.75,25.0
1718346096902.0,90.6,25.0
1718346096902.0,90.6,25.0
1718346098182.0,90.8,25.0
1718346098571.0,90.85,25.0
1718346099134.0,90.8,75.0
1718346099134.0,90.8,75.0
1718346100315.0,90.9,1125.0
1718346101039.0,90.9,125.0
1718346101294.0,90.85,25.0
1718346102066.0,90.8,25.0
1718346102066.0,90.8,25.0
1718346102541.0,90.9,25.0
1718346102541.0,90.9,25.0
1718346104018.0,90.9,25.0
1718346104397.0,91.0,50.0
1718346105129.0,91.0,25.0
1718346105637.0,91.0,25.0
1718346106298.0,91.0,25.0
1718346106659.0,91.05,75.0
1718346106659.0,91.05,75.0
1718346108256.0,91.2,25.0
1718346108403.0,91.05,25.0
1718346109236.0,91.05,25.0
1718346109568.0,91.2,25.0
1718346110225.0,91.25,450.0
1718346110543.0,91.15,25.0
1718346110879.0,91.25,25.0
1718346111691.0,91.25,50.0
1718346111691.0,91.25,50.0
1718346113183.0,90.9,225.0
1718346113388.0,91.1,25.0
1718346114212.0,91.35,50.0
1718346114286.0,91.35,25.0
1718346115128.0,91.2,25.0
1718346115525.0,91.25,25.0
1718346115914.0,91.15,25.0
1718346116407.0,91.2,50.0
1718346116993.0,91.4,25.0
1718346117280.0,91.25,25.0
1718346117948.0,91.4,50.0
1718346117948.0,91.4,50.0
1718346119212.0,91.4,225.0
1718346119212.0,91.4,225.0
1718346119634.0,91.45,50.0
1718346119634.0,91.45,50.0
1718346120418.0,91.35,125.0
1718346121124.0,91.45,50.0
1718346121573.0,91.1,150.0
1718346122184.0,91.15,25.0
1718346122184.0,91.15,25.0
1718346123237.0,91.5,150.0
1718346123573.0,91.7,150.0
1718346124384.0,91.85,25.0
1718346125234.0,91.85,50.0
1718346125536.0,91.75,100.0
1718346126219.0,91.8,25.0
1718346126713.0,91.65,75.0
1718346126937.0,91.75,25.0
1718346126937.0,91.75,25.0
1718346128227.0,91.5,50.0
1718346128227.0,91.5,50.0
1718346129206.0,91.35,25.0
1718346129482.0,91.55,50.0
1718346129782.0,91.55,100.0
1718346130589.0,91.4,25.0
1718346130832.0,91.25,25.0
1718346131333.0,91.15,25.0
1718346131808.0,91.25,25.0
1718346131808.0,91.25,25.0
1718346133099.0,91.05,25.0
1718346133099.0,91.05,25.0
1718346134003.0,91.25,25.0
1718346134654.0,91.25,25.0
1718346135103.0,91.25,175.0
1718346135276.0,91.25,25.0
1718346136213.0,91.45,50.0
1718346136213.0,91.45,50.0
1718346137069.0,91.55,25.0
1718346137069.0,91.55,25.0
1718346138032.0,91.55,25.0
1718346138368.0,91.45,25.0
1718346139059.0,91.4,25.0
1718346139567.0,91.45,50.0
1718346140001.0,91.45,25.0
1718346140620.0,91.4,25.0
1718346141093.0,91.5,25.0
1718346141093.0,91.5,25.0
1718346142003.0,91.4,25.0
1718346142003.0,91.4,25.0
1718346143078.0,91.3,50.0
1718346143530.0,91.4,75.0
1718346144241.0,91.35,150.0
1718346144518.0,91.2,25.0
1718346144873.0,91.05,50.0
1718346145485.0,91.1,25.0
1718346146118.0,91.25,125.0
1718346146502.0,91.25,75.0
1718346147147.0,91.25,50.0
1718346147147.0,91.25,50.0
1718346148193.0,91.2,50.0
1718346148193.0,91.2,50.0
1718346149148.0,91.15,25.0
1718346149311.0,91.15,25.0
1718346150150.0,90.8,50.0
1718346150242.0,90.85,25.0
1718346150633.0,90.5,25.0
1718346150948.0,90.55,50.0
1718346151467.0,90.55,25.0
1718346152059.0,90.55,50.0
1718346152733.0,90.85,25.0
1718346152838.0,91.0,25.0
1718346152838.0,91.0,25.0
1718346154260.0,91.35,75.0
1718346154260.0,91.35,75.0
1718346155169.0,91.7,25.0
1718346155594.0,91.65,200.0
1718346156093.0,91.65,50.0
1718346156611.0,91.65,25.0
1718346157002.0,91.6,25.0
1718346157002.0,91.6,25.0
1718346157706.0,91.75,25.0
1718346158306.0,91.75,125.0
1718346159243.0,91.6,50.0
1718346159243.0,91.6,50.0
1718346160255.0,91.75,25.0
1718346160255.0,91.75,25.0
1718346161041.0,91.4,25.0
1718346161529.0,91.25,100.0
1718346162066.0,91.15,25.0
1718346162298.0,91.2,200.0
1718346162816.0,91.4,25.0
1718346163408.0,91.3,25.0
1718346164257.0,91.05,25.0
1718346164500.0,91.25,50.0
1718346164955.0,91.25,50.0
1718346165574.0,91.25,25.0
1718346166005.0,91.25,50.0
1718346166324.0,91.4,25.0
1718346167033.0,91.85,25.0
1718346167033.0,91.85,25.0
1718346167857.0,91.8,100.0
1718346168834.0,92.0,25.0
1718346169250.0,91.95,50.0
1718346169250.0,91.95,50.0
1718346169967.0,92.0,25.0
1718346169967.0,92.0,25.0
1718346171044.0,92.2,150.0
1718346171383.0,92.2,50.0
1718346172262.0,92.35,175.0
1718346172262.0,92.35,175.0
1718346173139.0,92.1,75.0
1718346173472.0,92.3,25.0
1718346174283.0,92.5,25.0
1718346174536.0,92.65,25.0
1718346175290.0,93.0,25.0
1718346175799.0,92.75,75.0
1718346175911.0,92.6,400.0
1718346175911.0,92.6,400.0
1718346177237.0,92.65,25.0
1718346177237.0,92.65,25.0
1718346178293.0,92.85,25.0
1718346178642.0,92.75,75.0
1718346179122.0,92.85,25.0
1718346179635.0,92.7,25.0
1718346180044.0,92.6,25.0
1718346180044.0,92.6,25.0
1718346180796.0,93.0,50.0
1718346180796.0,93.0,50.0
1718346180796.0,93.0,50.0
1718346182212.0,92.9,25.0
1718346182212.0,92.9,25.0
1718346182968.0,92.8,125.0
1718346183366.0,92.95,25.0
1718346184012.0,92.9,25.0
1718346184556.0,92.9,50.0
1718346185159.0,92.85,50.0
1718346185707.0,92.9,50.0
1718346186180.0,92.95,25.0
1718346186180.0,92.95,25.0
1718346187100.0,92.9,25.0
1718346187405.0,92.8,25.0
1718346187704.0,92.9,25.0
1718346188413.0,92.85,25.0
1718346189222.0,92.75,25.0
1718346189339.0,92.7,50.0
1718346190273.0,92.45,25.0
1718346190479.0,92.6,25.0
1718346191266.0,92.45,250.0
1718346191385.0,92.75,125.0
1718346192071.0,92.55,175.0
1718346192650.0,92.3,50.0
1718346193294.0,92.45,50.0
1718346193476.0,92.45,175.0
1718346194261.0,92.6,25.0
1718346194391.0,92.45,25.0
1718346195101.0,92.45,25.0
1718346195588.0,92.3,75.0
1718346196149.0,92.4,25.0
1718346196699.0,92.5,200.0
1718346197144.0,92.4,25.0
1718346197597.0,92.35,225.0
1718346198308.0,92.55,50.0
1718346198779.0,92.45,25.0
1718346198779.0,92.45,25.0
1718346198779.0,92.45,25.0
1718346200138.0,92.5,50.0
1718346200650.0,92.6,25.0
1718346201192.0,92.7,125.0
1718346201192.0,92.7,125.0
1718346201192.0,92.7,125.0
1718346202601.0,92.55,25.0
1718346203201.0,92.85,50.0
1718346203807.0,92.9,50.0
1718346204061.0,92.95,25.0
1718346204387.0,92.95,125.0
1718346205286.0,92.9,25.0
1718346205387.0,92.85,25.0
1718346205827.0,92.95,25.0
1718346206520.0,92.85,25.0
1718346207265.0,92.9,25.0
1718346207482.0,92.85,25.0
1718346207879.0,92.85,25.0
1718346208702.0,92.85,25.0
1718346209173.0,92.95,25.0
1718346209836.0,92.8,25.0
1718346210001.0,92.9,75.0
1718346210242.0,92.85,825.0
1718346210519.0,93.0,25.0
1718346211301.0,93.0,350.0
1718346211301.0,93.0,350.0
1718346212046.0,93.0,50.0
1718346212576.0,92.8,175.0
1718346213133.0,92.75,25.0
1718346213404.0,93.0,100.0
1718346214016.0,92.85,50.0
1718346214728.0,92.85,25.0
1718346215320.0,93.0,25.0
1718346215922.0,93.1,25.0
1718346216083.0,93.0,75.0
1718346216454.0,93.15,25.0
1718346217234.0,92.85,50.0
1718346217514.0,92.8,100.0
1718346218271.0,92.9,25.0
1718346218553.0,92.5,1125.0
1718346219263.0,92.8,25.0
1718346219669.0,92.7,50.0
1718346220321.0,92.95,50.0
1718346220680.0,93.15,100.0
1718346221296.0,92.85,50.0
1718346221296.0,92.85,50.0
1718346221913.0,93.15,125.0
1718346222309.0,93.15,25.0
1718346223311.0,93.1,25.0
1718346223539.0,93.3,25.0
1718346224281.0,93.3,25.0
1718346224788.0,93.45,50.0
1718346225273.0,93.45,125.0
1718346225934.0,93.45,50.0
1718346226272.0,93.45,75.0
1718346226272.0,93.45,75.0
1718346227270.0,93.5,100.0
1718346227662.0,93.5,100.0
1718346228283.0,93.5,25.0
1718346228554.0,93.85,150.0
1718346229301.0,94.0,150.0
1718346229488.0,94.0,1625.0
1718346230217.0,93.85,25.0
1718346230750.0,94.0,75.0
1718346231041.0,93.85,25.0
1718346231902.0,93.9,125.0
1718346231902.0,93.9,125.0
1718346232507.0,94.0,500.0
1718346233281.0,94.1,150.0
1718346233554.0,94.1,225.0
1718346234320.0,93.8,100.0
1718346234567.0,93.95,25.0
1718346235279.0,94.0,50.0
1718346235613.0,94.0,150.0
1718346236267.0,93.8,250.0
1718346236602.0,94.05,25.0
1718346237327.0,93.85,200.0
1718346237948.0,93.75,25.0
1718346238144.0,93.9,75.0
1718346238456.0,93.9,25.0
1718346238995.0,93.9,175.0
1718346239384.0,93.95,50.0
1718346239973.0,93.75,125.0
1718346240284.0,93.8,25.0
1718346240584.0,93.65,250.0
1718346241318.0,93.7,25.0
1718346241621.0,93.8,25.0
1718346242063.0,93.95,25.0
1718346242842.0,93.95,100.0
1718346243239.0,93.85,100.0
1718346243576.0,93.85,75.0
1718346244298.0,94.0,50.0
1718346244298.0,94.0,50.0
1718346245134.0,94.0,100.0
1718346245732.0,93.85,25.0
1718346246326.0,94.35,25.0
1718346246899.0,94.25,25.0
1718346247308.0,94.0,100.0
1718346247569.0,94.0,25.0
1718346248317.0,93.85,200.0
1718346248398.0,93.85,100.0
1718346249331.0,94.05,25.0
1718346249488.0,94.05,25.0
1718346250325.0,94.8,25.0
1718346250529.0,94.55,25.0
1718346251052.0,94.55,75.0
1718346251552.0,94.2,25.0
1718346252165.0,94.25,25.0
1718346252165.0,94.25,25.0
1718346253017.0,94.4,50.0
1718346253745.0,94.45,100.0
1718346254163.0,94.3,25.0
1718346254366.0,94.45,50.0
1718346255336.0,94.3,25.0
1718346255727.0,94.25,25.0
1718346256075.0,94.5,225.0
1718346256895.0,94.6,100.0
1718346256895.0,94.6,100.0
1718346256895.0,94.6,100.0
1718346258305.0,94.35,25.0
1718346258549.0,94.35,100.0
1718346259338.0,94.4,25.0
1718346259772.0,94.05,25.0
1718346260222.0,94.15,25.0
1718346260871.0,94.45,25.0
1718346261328.0,94.25,25.0
1718346261879.0,94.65,25.0
1718346262102.0,94.7,25.0
1718346262993.0,94.7,25.0
1718346263166.0,94.7,25.0
1718346263530.0,94.6,250.0
1718346264275.0,94.55,25.0
1718346264563.0,94.4,100.0
1718346265260.0,94.6,25.0
1718346265643.0,94.6,50.0
1718346266272.0,94.6,25.0
1718346266687.0,94.5,25.0
1718346267340.0,94.45,25.0
1718346268000.0,94.5,25.0
1718346268318.0,94.4,100.0
1718346268507.0,94.55,25.0
1718346269255.0,94.6,50.0
1718346269255.0,94.6,50.0
1718346270108.0,94.65,75.0
1718346270251.0,94.85,25.0
1718346270416.0,94.75,50.0
1718346271163.0,94.6,25.0
1718346271565.0,94.8,150.0
1718346271651.0,94.75,25.0
1718346272233.0,94.8,25.0
1718346273366.0,95.2,25.0
1718346273623.0,95.0,25.0
1718346274299.0,94.8,25.0
1718346274781.0,94.95,25.0
1718346275333.0,94.95,75.0
1718346275828.0,95.0,50.0
1718346276321.0,94.8,25.0
1718346276680.0,94.9,500.0
1718346277158.0,94.8,25.0
1718346277481.0,94.95,25.0
1718346278294.0,94.95,25.0
1718346278550.0,94.95,25.0
1718346279226.0,95.0,250.0
1718346279752.0,94.85,25.0
1718346280300.0,95.1,350.0
1718346280951.0,94.6,25.0
1718346281298.0,94.7,400.0
1718346281979.0,94.5,950.0
1718346282241.0,94.7,25.0
1718346282500.0,94.55,200.0
1718346283295.0,94.65,25.0
1718346283295.0,94.65,25.0
1718346284115.0,94.75,25.0
1718346284115.0,94.75,25.0
1718346285232.0,94.9,50.0
1718346285375.0,95.0,50.0
1718346286343.0,95.0,25.0
1718346286964.0,95.0,25.0
1718346287112.0,94.9,25.0
1718346288035.0,94.75,50.0
1718346288333.0,94.8,25.0
1718346288637.0,95.0,125.0
1718346289239.0,94.9,175.0
1718346289239.0,94.9,175.0
1718346290259.0,94.9,25.0
1718346290545.0,94.8,25.0
1718346291179.0,94.9,25.0
1718346291697.0,94.8,25.0
1718346292052.0,94.8,25.0
1718346292823.0,94.6,25.0
1718346293247.0,94.6,300.0
1718346293932.0,94.85,100.0
1718346294349.0,94.9,200.0
1718346294618.0,94.75,25.0
1718346295148.0,94.8,1000.0
1718346295536.0,94.7,150.0
1718346295780.0,94.85,25.0
1718346296666.0,94.8,25.0
1718346297051.0,94.65,200.0
1718346297668.0,94.75,50.0
1718346298294.0,94.95,75.0
1718346298527.0,95.0,75.0
1718346298964.0,94.95,50.0
1718346299655.0,95.1,275.0
1718346300098.0,94.95,25.0
1718346300319.0,95.0,75.0
1718346300653.0,95.05,25.0
1718346301065.0,95.0,25.0
1718346301490.0,94.95,25.0
1718346302158.0,95.0,250.0
1718346302751.0,94.9,75.0
1718346303271.0,95.15,50.0
1718346303773.0,94.95,25.0
1718346304364.0,94.95,50.0
1718346304881.0,94.95,225.0
1718346305318.0,95.0,50.0
1718346305549.0,94.85,25.0
1718346306322.0,94.85,100.0
1718346306322.0,94.85,100.0
1718346306322.0,94.85,100.0
1718346307797.0,94.75,25.0
1718346308332.0,94.55,75.0
1718346308332.0,94.55,75.0
1718346309323.0,94.75,25.0
1718346309639.0,94.8,50.0
1718346310330.0,94.75,25.0
1718346310692.0,95.0,100.0
1718346311092.0,94.95,50.0
1718346311665.0,94.95,250.0
1718346312322.0,94.9,25.0
1718346312511.0,94.85,175.0
1718346313031.0,94.9,25.0
1718346313625.0,95.05,50.0
1718346314365.0,95.15,50.0
1718346314581.0,95.0,25.0
1718346315311.0,95.0,25.0
1718346315866.0,95.1,25.0
1718346316355.0,95.1,25.0
1718346316907.0,95.55,25.0
1718346317321.0,95.6,25.0
1718346317636.0,95.15,25.0
1718346318280.0,95.25,25.0
1718346318848.0,95.15,100.0
1718346319370.0,95.2,25.0
1718346319839.0,95.4,25.0
1718346320312.0,95.4,100.0
1718346320816.0,95.45,25.0
1718346321242.0,95.25,25.0
1718346321725.0,95.4,25.0
1718346321941.0,95.2,200.0
1718346323057.0,95.5,25.0
1718346323228.0,95.5,25.0
1718346323646.0,95.3,75.0
1718346324246.0,95.3,25.0
1718346324571.0,95.2,25.0
1718346325330.0,95.1,25.0
1718346325886.0,95.25,150.0
1718346326279.0,95.2,25.0
1718346326715.0,95.1,25.0
1718346327105.0,95.35,100.0
1718346328101.0,95.3,50.0
1718346328385.0,95.4,25.0
1718346329115.0,95.25,25.0
1718346329355.0,95.4,125.0
1718346330158.0,95.5,25.0
1718346330200.0,95.45,25.0
1718346330375.0,95.55,25.0
1718346330504.0,95.3,75.0
1718346331324.0,95.45,50.0
1718346331699.0,95.3,300.0
1718346332136.0,95.4,25.0
1718346332513.0,95.55,25.0
1718346333369.0,95.5,25.0
1718346333627.0,95.65,50.0
1718346334348.0,95.45,350.0
1718346334348.0,95.45,350.0
1718346335296.0,95.85,200.0
1718346335748.0,95.7,25.0
1718346336374.0,95.8,25.0
1718346336656.0,95.7,75.0
1718346337140.0,95.75,25.0
1718346337817.0,95.9,25.0
1718346338367.0,95.9,25.0
1718346338720.0,95.85,25.0
1718346339315.0,95.9,25.0
1718346339696.0,95.8,25.0
1718346340381.0,95.95,25.0
1718346340712.0,95.95,25.0
1718346341206.0,96.0,25.0
1718346341648.0,95.75,150.0
1718346341772.0,95.95,200.0
1718346342404.0,95.8,75.0
1718346343354.0,95.7,25.0
1718346343584.0,95.9,25.0
1718346344352.0,95.7,50.0
1718346344756.0,95.55,275.0
1718346345306.0,95.5,25.0
1718346345710.0,95.65,25.0
1718346345941.0,95.65,25.0
1718346346718.0,95.7,50.0
1718346347216.0,95.7,100.0
1718346347690.0,95.6,25.0
1718346348344.0,95.5,225.0
1718346348544.0,95.55,25.0
1718346349280.0,95.2,75.0
1718346349508.0,95.4,25.0
1718346350387.0,95.2,200.0
1718346350672.0,95.45,50.0
1718346351366.0,94.95,50.0
1718346351695.0,95.0,25.0
1718346352310.0,95.25,75.0
1718346352660.0,95.15,25.0
1718346353310.0,95.3,375.0
1718346353753.0,95.2,225.0
1718346354343.0,95.1,375.0
1718346354598.0,95.1,25.0
1718346355347.0,95.25,50.0
1718346355535.0,95.1,25.0
1718346355915.0,95.15,25.0
1718346356703.0,95.0,25.0
1718346357064.0,95.15,25.0
1718346357714.0,95.2,200.0
1718346358277.0,95.2,25.0
1718346358462.0,95.15,50.0
1718346358982.0,95.15,25.0
1718346359938.0,95.1,350.0
1718346360121.0,95.25,25.0
1718346360307.0,95.1,25.0
1718346360950.0,95.1,125.0
1718346361375.0,95.2,25.0
1718346361683.0,95.3,25.0
1718346362188.0,95.2,25.0
1718346363399.0,95.0,25.0
1718346363399.0,95.0,25.0
1718346364349.0,95.55,25.0
1718346364569.0,95.35,25.0
1718346364962.0,95.3,25.0
1718346365713.0,95.5,25.0
1718346366264.0,95.45,25.0
1718346366679.0,95.5,25.0
1718346367225.0,95.4,25.0
1718346368159.0,95.55,50.0
1718346368258.0,95.4,25.0
1718346369384.0,95.15,75.0
1718346369745.0,95.4,100.0
1718346370148.0,95.3,25.0
1718346370502.0,95.3,75.0
1718346371164.0,95.3,25.0
1718346371856.0,95.3,25.0
1718346372202.0,95.1,25.0
1718346372725.0,95.2,25.0
1718346373384.0,95.0,300.0
1718346373775.0,95.0,200.0
1718346373775.0,95.0,200.0
1718346374767.0,94.7,25.0
1718346375396.0,94.35,250.0
1718346375856.0,94.25,375.0
1718346376385.0,94.2,50.0
1718346376967.0,94.3,100.0
1718346377299.0,94.05,225.0
1718346377960.0,93.75,50.0
1718346378399.0,93.6,250.0
1718346379173.0,93.7,25.0
1718346379392.0,93.8,25.0
1718346379741.0,93.7,75.0
1718346380406.0,93.7,25.0
1718346380662.0,93.75,50.0
1718346381299.0,94.0,175.0
1718346381631.0,94.2,75.0
1718346382231.0,94.9,25.0
1718346382723.0,95.05,25.0
1718346383384.0,94.85,125.0
1718346383472.0,95.0,50.0
1718346384363.0,95.25,50.0
1718346384573.0,95.4,100.0
1718346385282.0,95.05,50.0
1718346385956.0,95.65,25.0
1718346386325.0,95.45,50.0
1718346387037.0,95.25,75.0
1718346387300.0,95.45,150.0
1718346387590.0,95.55,25.0
1718346388294.0,95.7,100.0
1718346388710.0,95.55,100.0
1718346389364.0,95.65,25.0
1718346389718.0,95.65,25.0
1718346390130.0,95.5,50.0
1718346390414.0,95.55,50.0
1718346390741.0,95.65,100.0
1718346391342.0,95.25,25.0
1718346391827.0,95.35,250.0
1718346392211.0,95.45,25.0
1718346392520.0,95.45,25.0
1718346393326.0,95.05,175.0
1718346393875.0,95.05,50.0
1718346394299.0,95.15,50.0
1718346394823.0,95.05,125.0
1718346395361.0,95.0,75.0
1718346395768.0,94.8,75.0
1718346396339.0,95.15,25.0
1718346396616.0,95.15,25.0
1718346396616.0,95.15,25.0
1718346397783.0,95.15,25.0
1718346398196.0,95.15,25.0
1718346398514.0,95.25,100.0
1718346399190.0,95.35,100.0
1718346399568.0,95.0,100.0
1718346400345.0,95.5,200.0
1718346400991.0,95.7,25.0
1718346401395.0,95.6,100.0
1718346401900.0,95.5,25.0
1718346402112.0,95.45,50.0
1718346403070.0,95.45,75.0
1718346403342.0,95.45,250.0
1718346403451.0,95.4,25.0
1718346404389.0,95.2,50.0
1718346404787.0,95.4,100.0
1718346405107.0,95.0,325.0
1718346405719.0,95.2,100.0
1718346406272.0,95.15,25.0
1718346406658.0,95.0,25.0
1718346406658.0,95.0,25.0
1718346407437.0,95.0,25.0
1718346408179.0,95.35,25.0
1718346408758.0,95.2,250.0
1718346409225.0,95.1,25.0
1718346410069.0,95.35,25.0
1718346410311.0,95.3,25.0
1718346411131.0,95.1,75.0
1718346411324.0,95.25,25.0
1718346411714.0,95.2,300.0
1718346412225.0,95.0,175.0
1718346412756.0,95.25,25.0
1718346413335.0,95.3,25.0
1718346414011.0,95.2,100.0
1718346414011.0,95.2,100.0
1718346414740.0,95.2,25.0
1718346415284.0,95.0,25.0
1718346416217.0,94.75,50.0
1718346416265.0,94.8,25.0
1718346417046.0,95.0,25.0
1718346417046.0,95.0,25.0
1718346417775.0,94.85,25.0
1718346418214.0,94.75,25.0
1718346418813.0,94.85,25.0
1718346419060.0,94.6,25.0
1718346420135.0,94.35,25.0
1718346420229.0,94.05,175.0
1718346420724.0,94.1,25.0
1718346421433.0,94.0,75.0
1718346421606.0,94.15,50.0
1718346422079.0,94.2,25.0
1718346422720.0,94.45,25.0
1718346423333.0,94.35,150.0
1718346423333.0,94.35,150.0
1718346424282.0,94.25,50.0
1718346425188.0,94.2,25.0
1718346425398.0,94.1,25.0
1718346426191.0,94.25,125.0
1718346426316.0,94.25,50.0
1718346426531.0,94.05,25.0
1718346426810.0,94.25,25.0
1718346427929.0,94.0,25.0
1718346428424.0,94.0,25.0
1718346429008.0,94.05,25.0
1718346429374.0,94.25,200.0
1718346430144.0,94.25,50.0
1718346430421.0,94.05,50.0
1718346430457.0,94.05,25.0
1718346431109.0,94.05,25.0
1718346431109.0,94.05,25.0
1718346431109.0,94.05,25.0
1718346431109.0,94.05,25.0
1718346433297.0,94.5,25.0
1718346434232.0,94.75,25.0
1718346434232.0,94.75,25.0
1718346435364.0,95.25,25.0
1718346435820.0,95.25,25.0
1718346436385.0,95.05,25.0
1718346436706.0,95.35,25.0
1718346437114.0,95.25,25.0
1718346437783.0,95.25,25.0
1718346438385.0,95.2,25.0
1718346438874.0,95.2,25.0
1718346439264.0,95.15,50.0
1718346440058.0,95.15,50.0
1718346440394.0,95.05,225.0
1718346441237.0,95.25,250.0
1718346441320.0,95.15,25.0
1718346441628.0,95.25,25.0
1718346442219.0,95.15,25.0
1718346442812.0,95.05,25.0
1718346443414.0,95.25,25.0
1718346444035.0,95.3,25.0
1718346444336.0,95.35,600.0
1718346445265.0,95.05,25.0
1718346445265.0,95.05,25.0
1718346445852.0,95.05,25.0
1718346446314.0,95.5,25.0
1718346446314.0,95.5,25.0
1718346447150.0,95.5,250.0
1718346448060.0,95.45,75.0
1718346448324.0,95.5,225.0
1718346449213.0,95.5,50.0
1718346449334.0,95.4,25.0
1718346449717.0,95.2,100.0
1718346449717.0,95.2,100.0
1718346450450.0,95.05,25.0
1718346450854.0,95.0,50.0
1718346451444.0,94.85,650.0
1718346451549.0,95.0,150.0
1718346452415.0,94.95,25.0
1718346452652.0,94.95,125.0
1718346453348.0,95.0,50.0
1718346454065.0,95.1,50.0
1718346454385.0,95.25,25.0
1718346454706.0,95.1,25.0
1718346455401.0,95.0,325.0
1718346455401.0,95.0,325.0
1718346456424.0,95.05,50.0
1718346456566.0,95.25,25.0
1718346457121.0,95.25,25.0
1718346457890.0,95.25,25.0
1718346457890.0,95.25,25.0
1718346459120.0,95.35,75.0
1718346459429.0,95.2,25.0
1718346460216.0,95.05,75.0
1718346460445.0,95.2,25.0
1718346461158.0,95.05,25.0
1718346461158.0,95.05,25.0
1718346461158.0,95.05,25.0
1718346462323.0,95.2,150.0
1718346463107.0,94.95,25.0
1718346463426.0,94.85,175.0
1718346463772.0,94.8,125.0
1718346463772.0,94.8,125.0
1718346465383.0,94.65,75.0
1718346465786.0,94.65,200.0
1718346466330.0,94.4,25.0
1718346466635.0,94.55,100.0
1718346467344.0,94.2,50.0
1718346467923.0,94.45,50.0
1718346468425.0,94.3,25.0
1718346468978.0,94.1,25.0
1718346468978.0,94.1,25.0
1718346469737.0,94.05,200.0
1718346470438.0,94.0,100.0
1718346470999.0,94.05,25.0
1718346470999.0,94.05,25.0
1718346472128.0,94.05,25.0
1718346472307.0,94.0,25.0
1718346473296.0,93.95,25.0
1718346473424.0,93.95,25.0
1718346473782.0,93.75,50.0
1718346474436.0,93.85,75.0
1718346474804.0,94.0,25.0
1718346475390.0,94.0,100.0
1718346476079.0,93.6,25.0
1718346476351.0,93.65,25.0
1718346476351.0,93.65,25.0
1718346476351.0,93.65,25.0
1718346476351.0,93.65,25.0
1718346476351.0,93.65,25.0
1718346478919.0,93.0,175.0
1718346479374.0,93.3,25.0
1718346479826.0,93.55,25.0
1718346480152.0,93.45,25.0
1718346480386.0,93.45,25.0
1718346480911.0,93.25,250.0
1718346481383.0,93.0,25.0
1718346481696.0,93.1,250.0
1718346482424.0,93.1,25.0
1718346482906.0,93.15,25.0
1718346483428.0,93.2,25.0
1718346483924.0,93.3,125.0
1718346484478.0,93.5,325.0
1718346485150.0,93.6,700.0
1718346485354.0,93.5,25.0
1718346485940.0,93.65,50.0
1718346486461.0,93.7,25.0
1718346486935.0,93.55,50.0
1718346487210.0,93.8,25.0
1718346488146.0,93.6,100.0
1718346488375.0,93.95,50.0
1718346488960.0,93.6,175.0
1718346489486.0,93.6,50.0
1718346489915.0,93.55,200.0
1718346490292.0,93.5,25.0
1718346490932.0,93.75,50.0
1718346491445.0,93.85,25.0
1718346491526.0,93.5,175.0
1718346492360.0,93.65,25.0
1718346492773.0,93.55,100.0
1718346493476.0,93.35,25.0
1718346494156.0,93.25,300.0
1718346494427.0,93.35,50.0
1718346495056.0,93.55,25.0
1718346495310.0,93.35,500.0
1718346495931.0,93.5,25.0
1718346496336.0,93.4,25.0
1718346496696.0,93.45,25.0
1718346497457.0,93.7,200.0
1718346497960.0,93.85,200.0
1718346498449.0,93.85,100.0
1718346499100.0,93.85,25.0
1718346499317.0,93.85,25.0
1718346500263.0,94.0,25.0
1718346500445.0,93.85,25.0
1718346500445.0,93.85,25.0
1718346501419.0,94.0,25.0
1718346502087.0,94.2,25.0
1718346502255.0,93.8,25.0
1718346503120.0,93.85,50.0
1718346503413.0,93.65,25.0
1718346504419.0,93.8,25.0
1718346504419.0,93.8,25.0
1718346505258.0,93.9,25.0
1718346505949.0,93.85,100.0
1718346506428.0,93.9,25.0
1718346506654.0,93.75,25.0
1718346507447.0,93.6,125.0
1718346507811.0,93.6,100.0
1718346507811.0,93.6,100.0
1718346508938.0,93.7,50.0
1718346509428.0,93.65,25.0
1718346509650.0,93.55,400.0
1718346509650.0,93.55,400.0
1718346510375.0,93.7,125.0
1718346510819.0,93.55,25.0
1718346510819.0,93.55,25.0
1718346511932.0,93.55,175.0
1718346512336.0,93.6,25.0
1718346512812.0,93.4,75.0
1718346513507.0,93.35,25.0
1718346513818.0,93.35,25.0
1718346514397.0,93.4,50.0
1718346515269.0,93.25,50.0
1718346515269.0,93.25,50.0
1718346515638.0,93.15,200.0
1718346516165.0,93.1,50.0
1718346516585.0,93.25,100.0
1718346517507.0,93.1,75.0
1718346518154.0,93.1,75.0
1718346518413.0,93.05,75.0
1718346519232.0,93.1,25.0
1718346519493.0,93.05,75.0
1718346519907.0,93.2,450.0
1718346520384.0,93.2,225.0
1718346520911.0,92.9,200.0
1718346521343.0,92.95,125.0
1718346522157.0,93.15,125.0
1718346522455.0,93.0,25.0
1718346523086.0,92.95,25.0
1718346523319.0,92.9,50.0
1718346524268.0,93.0,100.0
1718346524443.0,92.8,50.0
1718346524795.0,93.0,225.0
1718346525511.0,93.0,75.0
1718346526177.0,92.8,25.0
1718346526177.0,92.8,25.0
1718346527064.0,93.05,250.0
1718346527392.0,92.65,25.0
1718346527623.0,92.95,25.0
1718346528491.0,92.95,25.0
1718346528598.0,92.75,25.0
1718346529441.0,92.95,50.0
1718346529441.0,92.95,50.0
1718346530292.0,92.8,200.0
1718346530863.0,92.8,150.0
1718346531362.0,92.75,175.0
1718346531928.0,92.6,25.0
1718346532316.0,92.75,25.0
1718346533081.0,92.8,50.0
1718346533446.0,92.95,25.0
1718346534424.0,92.75,25.0
1718346534424.0,92.75,25.0
1718346534822.0,92.9,25.0
1718346535480.0,93.15,125.0
1718346535833.0,93.3,25.0
1718346536494.0,93.3,150.0
1718346537089.0,93.45,25.0
1718346537351.0,93.35,25.0
1718346538245.0,93.4,25.0
1718346538566.0,93.4,25.0
1718346538566.0,93.4,25.0
1718346539516.0,93.35,25.0
1718346540039.0,93.6,25.0
1718346540039.0,93.6,25.0
1718346540906.0,93.5,25.0
1718346541462.0,93.55,25.0
1718346541854.0,93.4,50.0
1718346542421.0,93.5,50.0
1718346542886.0,93.15,25.0
1718346543491.0,93.3,125.0
1718346544088.0,93.25,25.0
1718346544088.0,93.25,25.0
1718346545387.0,93.15,50.0
1718346545387.0,93.15,50.0
1718346545692.0,93.05,25.0
1718346546505.0,93.1,50.0
1718346546735.0,93.0,25.0
1718346547220.0,92.95,25.0
1718346548147.0,92.95,75.0
1718346548471.0,92.9,25.0
1718346549213.0,92.9,50.0
1718346549213.0,92.9,50.0
1718346550478.0,92.85,150.0
1718346550994.0,92.8,25.0
1718346551290.0,92.7,50.0
1718346551867.0,92.7,25.0
1718346552532.0,92.7,25.0
1718346553162.0,92.7,25.0
1718346553508.0,92.7,25.0
1718346554238.0,92.85,25.0
1718346554474.0,92.85,25.0
1718346555451.0,92.8,25.0
1718346555524.0,92.8,25.0
1718346555787.0,92.7,100.0
1718346556524.0,92.7,50.0
1718346556990.0,92.75,25.0
1718346557365.0,92.9,25.0
1718346558068.0,92.7,50.0
1718346558138.0,92.7,75.0
1718346559052.0,92.45,50.0
1718346559523.0,92.3,50.0
1718346560461.0,92.2,75.0
1718346561262.0,92.0,25.0
1718346561492.0,92.15,50.0
1718346562530.0,92.15,250.0
1718346563000.0,92.05,100.0
1718346563519.0,92.2,50.0
1718346564027.0,92.35,175.0
1718346564470.0,92.3,25.0
1718346565244.0,92.9,25.0
1718346565518.0,92.9,100.0
1718346566491.0,93.0,25.0
1718346567225.0,93.2,25.0
1718346567480.0,93.0,25.0
1718346567816.0,93.2,25.0
1718346568518.0,93.3,25.0
1718346568921.0,93.05,225.0
1718346568921.0,93.05,225.0
1718346569908.0,92.95,50.0
1718346569908.0,92.95,50.0
1718346570308.0,93.0,25.0
1718346571003.0,92.95,25.0
1718346571255.0,93.1,100.0
1718346571877.0,93.0,25.0
1718346571877.0,93.0,25.0
1718346573331.0,93.0,25.0
1718346573331.0,93.0,25.0
1718346573827.0,93.15,25.0
1718346574529.0,92.85,25.0
1718346575247.0,92.9,25.0
1718346575247.0,92.9,25.0
1718346576542.0,92.0,75.0
1718346576951.0,92.05,50.0
1718346577298.0,92.2,50.0
1718346577854.0,92.25,25.0
1718346577854.0,92.25,25.0
1718346579273.0,91.85,50.0
1718346579457.0,91.95,25.0
1718346580301.0,92.1,200.0
1718346581302.0,92.05,75.0
1718346581464.0,91.8,100.0
1718346581982.0,91.85,50.0
1718346581982.0,91.85,50.0
1718346583044.0,91.95,25.0
1718346583502.0,91.8,50.0
1718346583878.0,91.65,50.0
1718346584490.0,92.2,25.0
1718346584785.0,92.35,125.0
1718346585512.0,92.75,75.0
1718346586029.0,92.65,25.0
1718346586396.0,92.85,150.0
1718346587023.0,92.8,50.0
1718346587397.0,92.65,25.0
1718346588170.0,92.8,25.0
1718346588514.0,92.6,25.0
1718346589122.0,92.8,50.0
1718346590019.0,92.75,50.0
1718346590451.0,92.65,250.0
1718346590451.0,92.65,250.0
1718346591384.0,92.8,50.0
1718346591900.0,92.85,25.0
1718346592212.0,92.65,25.0
1718346592935.0,92.85,25.0
1718346593520.0,92.85,25.0
1718346594081.0,92.75,25.0
1718346594219.0,92.9,25.0
1718346595009.0,92.95,25.0
1718346595326.0,92.9,50.0
1718346595729.0,92.95,50.0
1718346596545.0,92.8,100.0
1718346596837.0,92.7,25.0
1718346597362.0,92.75,25.0
1718346597362.0,92.75,25.0
1718346598752.0,92.9,25.0
1718346598752.0,92.9,25.0
1718346599524.0,92.75,100.0
1718346599903.0,92.95,25.0
1718346600526.0,92.95,25.0
1718346601189.0,92.9,25.0
1718346601189.0,92.9,25.0
1718346601189.0,92.9,25.0
1718346601189.0,92.9,25.0
1718346603540.0,92.6,25.0
1718346604092.0,92.6,100.0
1718346604443.0,92.6,25.0
1718346604744.0,92.6,75.0
1718346605311.0,92.4,125.0
1718346606235.0,92.2,25.0
1718346606522.0,92.15,25.0
1718346607332.0,92.05,25.0
1718346607446.0,92.05,25.0
1718346608461.0,91.9,25.0
1718346609047.0,91.7,25.0
1718346609511.0,91.8,25.0
1718346610149.0,91.85,25.0
1718346610554.0,91.5,50.0
1718346611278.0,91.6,50.0
1718346611540.0,91.55,25.0
1718346612233.0,91.55,25.0
1718346613505.0,91.25,25.0
1718346614121.0,91.55,100.0
1718346614529.0,91.75,25.0
1718346615117.0,91.9,50.0
1718346615494.0,91.9,50.0
1718346616133.0,91.8,50.0
1718346616550.0,91.65,25.0
1718346617308.0,91.6,100.0
1718346617357.0,91.6,100.0
1718346618340.0,91.35,25.0
1718346618427.0,91.25,50.0
1718346619342.0,91.25,25.0
1718346620121.0,91.65,25.0
1718346620436.0,91.6,25.0
1718346621287.0,91.4,25.0
1718346621547.0,91.4,75.0
1718346622508.0,91.25,75.0
1718346623105.0,91.35,25.0
1718346623411.0,91.25,100.0
1718346624055.0,91.6,50.0
1718346624340.0,91.85,225.0
1718346625037.0,91.8,25.0
1718346625537.0,91.75,25.0
1718346626255.0,91.7,175.0
1718346627311.0,91.75,25.0
1718346627900.0,91.8,25.0
1718346628485.0,91.7,25.0
1718346629292.0,92.2,25.0
1718346630088.0,92.15,100.0
1718346630544.0,92.25,25.0
1718346631312.0,92.1,100.0
1718346631865.0,92.0,175.0
1718346631865.0,92.0,175.0
1718346632397.0,92.05,25.0
1718346633458.0,92.0,25.0
1718346634252.0,92.05,25.0
1718346634252.0,92.05,25.0
1718346635004.0,92.2,300.0
1718346635507.0,92.2,25.0
1718346636266.0,92.4,25.0
1718346637387.0,92.4,300.0
1718346637781.0,92.15,75.0
1718346638501.0,92.25,25.0
1718346638920.0,92.2,50.0
1718346639513.0,92.2,50.0
1718346640027.0,92.2,25.0
1718346640475.0,92.15,25.0
1718346641229.0,92.25,50.0
1718346641229.0,92.25,50.0
1718346642438.0,92.35,25.0
1718346642940.0,92.4,25.0
1718346643527.0,92.3,25.0
1718346644112.0,92.45,125.0
1718346644470.0,92.2,100.0
1718346645121.0,92.05,25.0
1718346645510.0,92.25,25.0
1718346646052.0,92.05,25.0
1718346646490.0,92.25,25.0
1718346646751.0,92.25,25.0
1718346647370.0,92.3,25.0
1718346648214.0,92.45,25.0
1718346648214.0,92.45,25.0
1718346648860.0,92.25,25.0
1718346648860.0,92.25,25.0
1718346650538.0,92.3,25.0
1718346650605.0,92.4,25.0
1718346651179.0,92.3,625.0
1718346651575.0,92.4,500.0
1718346651828.0,92.5,75.0
1718346651828.0,92.5,75.0
1718346653369.0,92.65,25.0
1718346653539.0,92.7,25.0
1718346654353.0,92.75,25.0
1718346654573.0,92.8,25.0
1718346655523.0,93.1,25.0
1718346655808.0,93.1,25.0
1718346656214.0,93.05,25.0
1718346656554.0,93.15,100.0
1718346657203.0,93.05,175.0
1718346657563.0,93.4,25.0
1718346658032.0,93.25,125.0
1718346658547.0,93.3,75.0
1718346659193.0,93.6,25.0
1718346659588.0,93.3,225.0
1718346660062.0,93.15,25.0
1718346660062.0,93.15,25.0
1718346660062.0,93.15,25.0
1718346661096.0,93.1,25.0
1718346661096.0,93.1,25.0
1718346662157.0,92.8,75.0
1718346662588.0,92.25,425.0
1718346663189.0,92.7,25.0
1718346663510.0,92.65,50.0
1718346664249.0,92.5,25.0
1718346664558.0,92.45,25.0
1718346665552.0,92.35,25.0
1718346666185.0,92.55,50.0
1718346666185.0,92.55,50.0
1718346667203.0,92.45,25.0
1718346667203.0,92.45,25.0
1718346668316.0,92.4,25.0
1718346668466.0,92.35,25.0
1718346669390.0,92.5,25.0
1718346670580.0,92.4,25.0
1718346670791.0,92.35,50.0
1718346671227.0,92.5,25.0
1718346671227.0,92.5,25.0
1718346672138.0,92.25,25.0
1718346672479.0,92.35,25.0
1718346672967.0,92.1,25.0
1718346673586.0,92.2,25.0
1718346674463.0,92.1,25.0
1718346674610.0,92.1,50.0
1718346675551.0,92.25,25.0
1718346675551.0,92.25,25.0
1718346676234.0,92.25,75.0
1718346676431.0,92.1,25.0
1718346677027.0,92.1,25.0
1718346677387.0,92.2,25.0
1718346678247.0,92.25,25.0
1718346678370.0,92.25,75.0
1718346679239.0,92.2,25.0
1718346679515.0,92.35,25.0
1718346679515.0,92.35,25.0
1718346680587.0,92.05,75.0
1718346681164.0,92.2,75.0
1718346681164.0,92.2,75.0
1718346682287.0,92.25,25.0
1718346683151.0,92.55,25.0
1718346683369.0,92.35,25.0
1718346684122.0,92.4,25.0
1718346684122.0,92.4,25.0
1718346685143.0,92.4,50.0
1718346685143.0,92.4,50.0
1718346686141.0,92.4,25.0
1718346686141.0,92.4,25.0
1718346686618.0,92.6,200.0
1718346686618.0,92.6,200.0
1718346688250.0,92.25,75.0
1718346689227.0,92.35,25.0
1718346689227.0,92.35,25.0
1718346689733.0,92.3,75.0
1718346689733.0,92.3,75.0
1718346690454.0,92.1,25.0
1718346691436.0,92.2,25.0
1718346691436.0,92.2,25.0
1718346691654.0,92.1,25.0
1718346691654.0,92.1,25.0
1718346693368.0,92.35,25.0
1718346693368.0,92.35,25.0
1718346694085.0,92.2,25.0
1718346694570.0,92.2,25.0
1718346695174.0,92.3,100.0
1718346695332.0,92.1,75.0
1718346696438.0,92.0,25.0
1718346696565.0,92.05,50.0
1718346697161.0,92.2,50.0
1718346697161.0,92.2,50.0
1718346698269.0,92.0,100.0
1718346698340.0,92.15,25.0
1718346699477.0,92.25,50.0
1718346699477.0,92.25,50.0
1718346700215.0,92.15,25.0
1718346700550.0,92.15,25.0
1718346701651.0,92.2,75.0
1718346702044.0,92.15,50.0
1718346702582.0,92.0,25.0
1718346703380.0,92.2,25.0
1718346703380.0,92.2,25.0
1718346704383.0,92.2,25.0
1718346704512.0,92.2,400.0
1718346705325.0,91.9,25.0
1718346705325.0,91.9,25.0
1718346706239.0,91.85,50.0
1718346706565.0,91.8,25.0
1718346707254.0,92.05,25.0
1718346707459.0,92.05,25.0
1718346708171.0,92.05,25.0
1718346708171.0,92.05,25.0
1718346709404.0,92.0,150.0
1718346709587.0,92.15,50.0
1718346710128.0,92.25,25.0
1718346711278.0,91.9,25.0
1718346711444.0,91.8,25.0
1718346711956.0,91.9,25.0
1718346712544.0,91.9,25.0
1718346712544.0,91.9,25.0
1718346713623.0,91.75,25.0
1718346714425.0,91.7,25.0
1718346714556.0,91.8,350.0
1718346715014.0,91.85,25.0
1718346715014.0,91.85,25.0
1718346716582.0,91.95,25.0
1718346717201.0,91.85,25.0
1718346717467.0,92.1,125.0
1718346718242.0,92.0,75.0
1718346718377.0,92.2,200.0
1718346719450.0,92.0,25.0
1718346719450.0,92.0,25.0
1718346720087.0,91.95,25.0
1718346720278.0,92.15,25.0
1718346721633.0,91.9,200.0
1718346721633.0,91.9,200.0
1718346722394.0,92.0,25.0
1718346723547.0,92.3,25.0
1718346724348.0,92.2,25.0
1718346724713.0,92.25,50.0
1718346724927.0,92.2,50.0
1718346724927.0,92.2,50.0
1718346726307.0,92.35,50.0
1718346726307.0,92.35,50.0
1718346727278.0,92.2,25.0
1718346727384.0,92.2,25.0
1718346728272.0,92.85,25.0
1718346728368.0,93.0,25.0
1718346729401.0,92.55,100.0
1718346730033.0,92.5,25.0
1718346730587.0,92.4,25.0
1718346731529.0,92.55,25.0
1718346731529.0,92.55,25.0
1718346732516.0,92.2,25.0
1718346732516.0,92.2,25.0
1718346732516.0,92.2,25.0
1718346733449.0,92.15,25.0
1718346734509.0,91.8,25.0
1718346734569.0,91.6,25.0
1718346735591.0,91.95,25.0
1718346735629.0,91.8,25.0
1718346736450.0,91.9,50.0
1718346736662.0,91.9,25.0
1718346737329.0,91.9,25.0
1718346737514.0,91.9,25.0
1718346738326.0,91.9,200.0
1718346738606.0,92.2,75.0
1718346739246.0,92.15,100.0
1718346739568.0,92.15,125.0
1718346740180.0,92.45,50.0
1718346740180.0,92.45,50.0
1718346741282.0,92.2,25.0
1718346742374.0,92.3,25.0
1718346742374.0,92.3,25.0
1718346743692.0,92.35,75.0
1718346744288.0,92.2,25.0
1718346744288.0,92.2,25.0
1718346745238.0,92.15,25.0
1718346745565.0,92.35,25.0
1718346746033.0,92.35,25.0
1718346746436.0,92.2,25.0
1718346747072.0,92.25,25.0
1718346747624.0,92.25,50.0
1718346748345.0,92.4,25.0
1718346748345.0,92.4,25.0
1718346749315.0,92.45,25.0
1718346749315.0,92.45,25.0
1718346749315.0,92.45,25.0
1718346750702.0,92.25,25.0
1718346751119.0,92.2,25.0
1718346751626.0,92.1,25.0
1718346751626.0,92.1,25.0
1718346752546.0,92.15,25.0
1718346753201.0,92.05,25.0
1718346753355.0,92.15,75.0
1718346754439.0,92.05,25.0
1718346755436.0,92.35,25.0
1718346755436.0,92.35,25.0
1718346756152.0,92.2,25.0
1718346756442.0,92.0,50.0
1718346756988.0,92.0,200.0
1718346756988.0,92.0,200.0
1718346758009.0,92.0,50.0
1718346758009.0,92.0,50.0
1718346758840.0,92.35,25.0
1718346760319.0,92.35,50.0
1718346761052.0,92.45,125.0
1718346761641.0,92.45,25.0
1718346761982.0,92.5,25.0
1718346761982.0,92.5,25.0
1718346763171.0,92.5,50.0
1718346763636.0,92.35,25.0
1718346764288.0,92.35,25.0
1718346764288.0,92.35,25.0
1718346765566.0,92.25,25.0
1718346766337.0,92.3,75.0
1718346767386.0,92.1,25.0
1718346767386.0,92.1,25.0
1718346768284.0,92.25,75.0
1718346768446.0,92.4,250.0
1718346769225.0,92.2,200.0
1718346769491.0,92.4,75.0
1718346770446.0,92.25,25.0
1718346770446.0,92.25,25.0
1718346771518.0,92.05,25.0
1718346771649.0,92.3,25.0
1718346772438.0,92.4,125.0
1718346772610.0,92.2,25.0
1718346773057.0,92.2,25.0
1718346773601.0,92.15,25.0
1718346774229.0,92.0,25.0
1718346774229.0,92.0,25.0
1718346774990.0,92.0,25.0
1718346775552.0,92.05,75.0
1718346776028.0,92.05,25.0
1718346776557.0,92.15,100.0
1718346777361.0,92.0,50.0
1718346777492.0,92.2,75.0
1718346778346.0,91.8,25.0
1718346779395.0,91.95,25.0
1718346779677.0,91.9,25.0
1718346779677.0,91.9,25.0
1718346779677.0,91.9,25.0
1718346780497.0,91.8,225.0
1718346781367.0,92.25,25.0
1718346782312.0,92.2,25.0
1718346783638.0,92.45,25.0
1718346783667.0,92.35,25.0
1718346784199.0,92.35,25.0
1718346784469.0,92.6,200.0
1718346785414.0,92.85,25.0
1718346785636.0,93.05,50.0
1718346785990.0,92.55,50.0
1718346785990.0,92.55,50.0
1718346787398.0,92.55,25.0
1718346788575.0,92.8,100.0
1718346788575.0,92.8,100.0
1718346789228.0,93.15,175.0
1718346789228.0,93.15,175.0
1718346789228.0,93.15,175.0
1718346790636.0,93.05,75.0
1718346791496.0,93.2,75.0
1718346792282.0,93.15,25.0
1718346792282.0,93.15,25.0
1718346792951.0,93.35,50.0
1718346792951.0,93.35,50.0
1718346794363.0,93.05,25.0
1718346794650.0,93.3,225.0
1718346795381.0,93.3,25.0
1718346795381.0,93.3,25.0
1718346796632.0,93.35,25.0
1718346797625.0,93.35,25.0
1718346798633.0,93.5,50.0
1718346798633.0,93.5,50.0
1718346799366.0,93.35,300.0
1718346799668.0,93.55,25.0
1718346800431.0,93.4,25.0
1718346800668.0,93.5,175.0
1718346801272.0,93.4,25.0
1718346801605.0,93.45,25.0
1718346802348.0,93.3,100.0
1718346803579.0,93.3,25.0
1718346804612.0,93.5,200.0
1718346804709.0,93.75,50.0
1718346805342.0,93.9,50.0
1718346805640.0,93.9,50.0
1718346806315.0,93.85,250.0
1718346807283.0,93.7,25.0
1718346807283.0,93.7,25.0
1718346808651.0,93.85,50.0
1718346809653.0,93.5,1075.0
1718346809811.0,93.35,50.0
1718346809811.0,93.35,50.0
1718346810365.0,93.4,375.0
1718346810365.0,93.4,375.0
1718346811640.0,93.0,25.0
1718346812243.0,92.9,25.0
1718346813524.0,92.85,50.0
1718346813524.0,92.85,50.0
1718346814417.0,92.15,25.0
1718346814493.0,92.35,50.0
1718346815403.0,91.9,50.0
1718346815592.0,91.85,25.0
1718346816587.0,91.95,25.0
1718346817471.0,91.75,25.0
1718346818591.0,91.75,150.0
1718346818785.0,92.0,275.0
1718346819141.0,91.8,50.0
1718346819654.0,91.8,25.0
1718346820283.0,91.65,75.0
1718346820637.0,91.6,25.0
1718346821640.0,91.45,100.0
1718346822630.0,91.35,25.0
1718346823668.0,91.25,25.0
1718346823764.0,91.1,25.0
1718346824467.0,90.5,25.0
1718346824481.0,90.6,150.0
1718346825340.0,90.3,25.0
1718345625389.0,95.5,250.0
1718345625882.0,95.6,25.0
1718345626581.0,95.3,25.0
1718345626628.0,95.45,25.0
1718345627570.0,95.3,250.0
1718345627913.0,95.25,50.0
1718345628802.0,95.3,25.0
1718345628890.0,95.2,50.0
1718345629960.0,95.25,50.0
1718345629960.0,95.25,50.0
1718345630548.0,95.25,50.0
1718345630910.0,95.25,75.0
1718345631525.0,94.55,25.0
1718345631814.0,94.7,25.0
1718345632031.0,94.85,25.0
1718345632031.0,94.85,25.0
1718345633764.0,94.8,25.0
1718345633910.0,94.7,25.0
1718345635021.0,95.0,25.0
1718345635584.0,95.15,25.0
1718345635929.0,95.1,100.0
1718345636572.0,95.15,100.0
1718345636910.0,94.95,150.0
1718345637394.0,95.1,350.0
1718345637788.0,95.3,25.0
1718345638965.0,95.3,25.0
1718345638992.0,95.35,25.0
1718345639978.0,95.3,75.0
1718345639978.0,95.3,75.0
1718345640576.0,95.15,25.0
1718345640888.0,95.5,25.0
1718345641962.0,95.3,50.0
1718345641962.0,95.3,50.0
1718345642442.0,95.15,25.0
1718345642937.0,95.15,25.0
1718345643541.0,94.85,75.0
1718345643963.0,95.0,50.0
1718345644487.0,95.45,75.0
1718345645783.0,95.35,25.0
1718345645783.0,95.35,25.0
1718345646718.0,95.4,25.0
1718345646905.0,95.45,25.0
1718345647690.0,95.35,50.0
1718345647978.0,95.45,25.0
1718345648586.0,95.3,25.0
1718345648980.0,95.4,75.0
1718345649604.0,95.0,25.0
1718345649867.0,95.15,250.0
1718345650499.0,95.2,200.0
1718345650779.0,95.25,25.0
1718345651816.0,95.0,25.0
1718345651816.0,95.0,25.0
1718345652635.0,95.1,50.0
1718345652635.0,95.1,50.0
1718345653473.0,94.95,100.0
1718345653851.0,95.25,25.0
1718345654628.0,95.4,50.0
1718345654628.0,95.4,50.0
1718345655662.0,95.3,25.0
1718345655662.0,95.3,25.0
1718345656383.0,94.9,150.0
1718345657767.0,94.8,25.0
1718345657767.0,94.8,25.0
1718345658534.0,95.35,25.0
1718345658884.0,95.0,25.0
1718345659525.0,95.2,25.0
1718345659980.0,95.25,25.0
1718345660634.0,95.3,25.0
1718345660911.0,95.2,75.0
1718345661952.0,95.15,50.0
1718345662440.0,95.35,25.0
1718345662774.0,95.2,25.0
1718345663216.0,95.15,75.0
1718345663911.0,95.5,50.0
1718345664327.0,95.5,25.0
1718345664327.0,95.5,25.0
1718345665509.0,95.55,25.0
1718345665807.0,95.6,50.0
1718345666884.0,96.1,175.0
1718345666884.0,96.1,175.0
1718345668084.0,95.6,250.0
1718345669080.0,94.9,200.0
1718345669925.0,95.25,25.0
1718345670119.0,95.15,25.0
1718345670982.0,95.1,25.0
1718345671541.0,94.95,125.0
1718345671973.0,95.05,50.0
1718345672245.0,95.2,25.0
1718345672245.0,95.2,25.0
1718345673506.0,95.05,50.0
1718345673925.0,95.05,25.0
1718345674435.0,95.3,200.0
1718345674947.0,95.3,125.0
1718345675610.0,95.45,75.0
1718345675948.0,95.25,25.0
1718345676704.0,95.2,125.0
1718345676704.0,95.2,125.0
1718345678075.0,95.05,25.0
1718345678452.0,95.1,25.0
1718345678452.0,95.1,25.0
1718345679217.0,95.05,25.0
1718345679217.0,95.05,25.0
1718345680628.0,95.5,25.0
1718345680750.0,95.3,50.0
1718345681816.0,95.25,25.0
1718345682707.0,95.25,100.0
1718345682989.0,95.05,50.0
1718345683985.0,95.1,25.0
1718345684698.0,95.3,25.0
1718345684895.0,95.4,100.0
1718345685468.0,95.5,25.0
1718345685986.0,95.35,150.0
1718345686942.0,95.25,25.0
1718345687288.0,95.1,200.0
1718345688291.0,95.1,200.0
1718345688291.0,95.1,200.0
1718345689665.0,94.85,75.0
1718345689968.0,95.0,50.0
1718345690609.0,95.0,200.0
1718345690859.0,94.95,25.0
1718345691777.0,95.0,150.0
1718345691777.0,95.0,150.0
1718345692724.0,95.1,25.0
1718345692978.0,95.1,25.0
1718345693985.0,94.85,75.0
1718345694852.0,95.15,25.0
1718345695036.0,95.2,25.0
1718345695649.0,95.25,25.0
1718345695961.0,95.4,75.0
1718345696639.0,95.4,25.0
1718345696639.0,95.4,25.0
1718345697626.0,95.25,25.0
1718345697626.0,95.25,25.0
1718345698503.0,95.45,75.0
1718345698950.0,95.3,125.0
1718345699680.0,95.35,200.0
1718345700103.0,95.4,50.0
1718345700856.0,95.45,25.0
1718345701072.0,95.3,25.0
1718345701644.0,95.55,25.0
1718345701969.0,95.45,25.0
1718345702926.0,95.25,50.0
1718345703849.0,95.0,200.0
1718345703990.0,95.2,50.0
1718345704747.0,95.4,25.0
1718345705998.0,95.5,25.0
1718345706020.0,95.5,25.0
1718345706604.0,95.45,25.0
1718345706765.0,95.4,25.0
1718345707866.0,95.4,25.0
1718345707866.0,95.4,25.0
1718345708943.0,95.4,25.0
1718345709899.0,95.6,25.0
1718345709899.0,95.6,25.0
1718345710486.0,95.35,75.0
1718345711009.0,95.45,25.0
1718345711681.0,95.35,400.0
1718345711865.0,95.5,75.0
1718345712489.0,95.5,25.0
1718345712609.0,95.35,50.0
1718345713737.0,95.4,125.0
1718345713737.0,95.4,125.0
1718345714998.0,95.55,25.0
1718345715906.0,95.35,25.0
1718345716701.0,95.35,75.0
1718345716926.0,95.3,25.0
1718345717973.0,95.05,25.0
1718345718634.0,95.15,225.0
1718345719008.0,95.3,25.0
1718345719916.0,95.5,25.0
1718345719980.0,95.6,100.0
1718345720707.0,95.4,25.0
1718345721104.0,95.7,25.0
1718345721600.0,95.6,75.0
1718345722012.0,95.95,25.0
1718345722504.0,95.95,25.0
1718345722911.0,95.85,75.0
1718345723744.0,95.65,100.0
1718345723784.0,95.65,25.0
1718345724601.0,95.8,25.0
1718345726010.0,95.5,25.0
1718345726093.0,95.75,250.0
1718345726332.0,95.7,25.0
1718345726970.0,95.6,25.0
1718345727723.0,95.7,25.0
1718345727723.0,95.7,25.0
1718345728978.0,95.7,25.0
1718345729021.0,95.75,100.0
1718345729917.0,95.65,25.0
1718345730180.0,95.2,25.0
1718345730556.0,95.25,25.0
1718345731145.0,95.35,50.0
1718345731710.0,95.2,25.0
1718345731710.0,95.2,25.0
1718345732742.0,95.3,25.0
1718345732955.0,95.25,75.0
1718345734017.0,95.2,200.0
1718345735025.0,94.85,25.0
1718345735167.0,94.9,25.0
1718345735563.0,95.35,100.0
1718345736035.0,95.4,400.0
1718345736587.0,95.4,50.0
1718345736836.0,95.2,25.0
1718345737613.0,95.45,100.0
1718345738020.0,95.25,100.0
1718345738753.0,95.45,25.0
1718345738753.0,95.45,25.0
1718345739616.0,95.4,50.0
1718345740970.0,95.0,250.0
1718345741155.0,95.0,25.0
1718345741690.0,95.1,25.0
1718345741898.0,95.2,50.0
1718345742391.0,95.0,25.0
1718345742992.0,95.0,25.0
1718345743765.0,95.05,25.0
1718345744005.0,95.0,25.0
1718345744848.0,95.1,75.0
1718345745920.0,94.5,150.0
1718345746066.0,94.55,25.0
1718345746642.0,94.4,125.0
1718345747374.0,94.35,100.0
1718345747743.0,94.75,25.0
1718345747929.0,94.8,100.0
1718345748696.0,94.8,50.0
1718345748862.0,94.75,25.0
1718345749679.0,94.4,25.0
1718345749909.0,94.5,100.0
1718345750930.0,94.15,25.0
1718345751806.0,94.45,375.0
1718345752803.0,94.3,125.0
1718345753087.0,94.4,75.0
1718345753741.0,94.4,25.0
1718345754029.0,94.7,50.0
1718345754534.0,94.6,25.0
1718345754989.0,94.55,25.0
1718345755241.0,94.6,100.0
1718345756020.0,94.6,125.0
1718345756708.0,94.35,25.0
1718345756708.0,94.35,25.0
1718345757649.0,94.4,50.0
1718345758873.0,94.2,25.0
1718345759200.0,94.0,25.0
1718345759870.0,94.0,25.0
1718345759870.0,94.0,25.0
1718345760172.0,94.0,75.0
1718345760846.0,93.85,25.0
1718345761209.0,93.85,25.0
1718345761569.0,93.8,25.0
1718345761932.0,94.0,100.0
1718345762537.0,94.0,25.0
1718345762537.0,94.0,25.0
1718345763949.0,94.05,25.0
1718345764948.0,94.0,400.0
1718345765892.0,94.0,150.0
1718345766223.0,93.9,125.0
1718345766532.0,94.15,100.0
1718345767000.0,94.2,25.0
1718345767409.0,93.65,75.0
1718345767409.0,93.65,75.0
1718345768837.0,93.6,25.0
1718345769894.0,93.85,25.0
1718345770922.0,94.05,25.0
1718345771668.0,93.85,75.0
1718345772081.0,93.95,25.0
1718345772489.0,94.0,25.0
1718345773020.0,94.05,25.0
1718345773667.0,94.2,25.0
1718345773900.0,94.2,150.0
1718345774711.0,93.95,25.0
1718345775047.0,93.7,25.0
1718345776023.0,94.0,150.0
1718345776647.0,94.0,25.0
1718345777068.0,93.85,75.0
1718345777823.0,93.9,50.0
1718345777878.0,93.9,100.0
1718345778416.0,94.0,25.0
1718345779862.0,93.75,200.0
1718345780660.0,93.65,50.0
1718345781164.0,93.45,25.0
1718345781632.0,93.4,25.0
1718345781930.0,93.55,25.0
1718345782944.0,93.7,275.0
1718345783823.0,93.45,50.0
1718345784772.0,93.6,25.0
1718345785752.0,93.45,150.0
1718345785752.0,93.45,150.0
1718345786478.0,93.8,25.0
1718345786478.0,93.8,25.0
1718345787804.0,93.4,25.0
1718345788053.0,93.6,50.0
1718345788474.0,93.65,25.0
1718345789990.0,93.85,100.0
1718345789990.0,93.85,100.0
1718345790790.0,93.55,25.0
1718345790790.0,93.55,25.0
1718345791420.0,93.55,50.0
1718345791420.0,93.55,50.0
1718345792772.0,93.5,25.0
1718345792772.0,93.5,25.0
1718345793671.0,93.3,25.0
1718345793990.0,93.45,25.0
1718345794856.0,93.65,275.0
1718345794856.0,93.65,275.0
1718345796005.0,93.5,25.0
1718345796763.0,93.55,25.0
1718345796763.0,93.55,25.0
1718345797733.0,93.5,50.0
1718345797971.0,93.35,25.0
1718345798884.0,93.35,25.0
1718345798884.0,93.35,25.0
1718345799660.0,93.35,50.0
1718345801054.0,93.65,1275.0
1718345801262.0,93.65,25.0
1718345801588.0,93.5,75.0
1718345802762.0,93.55,75.0
1718345803108.0,93.55,25.0
1718345803864.0,93.65,100.0
1718345803864.0,93.65,100.0
1718345804113.0,93.65,25.0
1718345805006.0,93.4,75.0
1718345806042.0,93.5,25.0
1718345806042.0,93.5,25.0
1718345806663.0,93.55,25.0
1718345807971.0,93.65,25.0
1718345808220.0,93.55,75.0
1718345808543.0,93.4,50.0
1718345808960.0,93.35,25.0
1718345809827.0,93.35,25.0
1718345809827.0,93.35,25.0
1718345811066.0,93.2,25.0
1718345811552.0,93.25,25.0
1718345811552.0,93.25,25.0
1718345812717.0,93.3,75.0
1718345812717.0,93.3,75.0
1718345813801.0,93.35,25.0
1718345814038.0,93.3,75.0
1718345814532.0,93.3,25.0
1718345814960.0,93.3,75.0
1718345816047.0,93.4,25.0
1718345816884.0,93.2,50.0
1718345816884.0,93.2,50.0
1718345817855.0,93.2,50.0
1718345817855.0,93.2,50.0
1718345818719.0,93.3,25.0
1718345818719.0,93.3,25.0
1718345819530.0,93.1,25.0
1718345819924.0,93.2,25.0
1718345820557.0,93.2,25.0
1718345821037.0,93.1,25.0
1718345821871.0,93.0,25.0
1718345823040.0,93.25,275.0
1718345823181.0,93.3,25.0
1718345823640.0,93.85,25.0
1718345824044.0,93.85,25.0
1718345824814.0,93.5,50.0
1718345824814.0,93.5,50.0
1718345826053.0,93.95,25.0
1718345826816.0,94.05,150.0
1718345827184.0,94.05,25.0
1718345827923.0,94.05,75.0
1718345828076.0,93.75,75.0
1718345829092.0,93.6,300.0
1718345829993.0,93.5,25.0
1718345830132.0,93.6,25.0
1718345830835.0,93.35,25.0
1718345831192.0,93.35,25.0
1718345831362.0,93.4,25.0
1718345831362.0,93.4,25.0
1718345832826.0,93.55,25.0
1718345833930.0,92.8,100.0
1718345833930.0,92.8,100.0
1718345835011.0,92.85,25.0
1718345836077.0,92.8,200.0
1718345836077.0,92.8,200.0
1718345836231.0,92.75,850.0
1718345837010.0,93.05,400.0
1718345838000.0,93.05,50.0
1718345838000.0,93.05,50.0
1718345838866.0,92.9,25.0
1718345838866.0,92.9,25.0
1718345839901.0,93.05,75.0
1718345839901.0,93.05,75.0
1718345840894.0,93.05,25.0
1718345841082.0,92.95,150.0
1718345842112.0,92.5,275.0
1718345843051.0,92.65,125.0
1718345843051.0,92.65,125.0
1718345843997.0,92.5,25.0
1718345844178.0,92.5,350.0
1718345844864.0,92.35,50.0
1718345845094.0,92.4,25.0
1718345846084.0,92.55,100.0
1718345846084.0,92.55,100.0
1718345847042.0,92.8,25.0
1718345847993.0,92.9,100.0
1718345848722.0,93.15,150.0
1718345849345.0,93.2,25.0
1718345849762.0,92.95,50.0
1718345849762.0,92.95,50.0
1718345850951.0,93.15,25.0
1718345851002.0,93.15,500.0
1718345852044.0,92.85,25.0
1718345852138.0,92.85,25.0
1718345853025.0,92.8,25.0
1718345854058.0,92.6,450.0
1718345854303.0,92.75,25.0
1718345854889.0,92.45,200.0
1718345854889.0,92.45,200.0
1718345856153.0,91.85,75.0
1718345856664.0,91.55,25.0
1718345857971.0,91.95,900.0
1718345858358.0,91.95,100.0
1718345858901.0,91.45,25.0
1718345859043.0,91.4,75.0
1718345859889.0,91.8,25.0
1718345860040.0,91.6,200.0
1718345860975.0,91.2,25.0
1718345861108.0,91.05,75.0
1718345861961.0,91.3,25.0
1718345861961.0,91.3,25.0
1718345862965.0,91.45,25.0
1718345862965.0,91.45,25.0
1718345863889.0,91.45,25.0
1718345864164.0,91.65,550.0
1718345865107.0,91.7,400.0
1718345866084.0,91.95,25.0
1718345866254.0,92.1,25.0
1718345866903.0,92.2,25.0
1718345866903.0,92.2,25.0
1718345867806.0,92.0,25.0
1718345867806.0,92.0,25.0
1718345868961.0,92.1,150.0
1718345869084.0,91.9,150.0
1718345869973.0,91.9,25.0
1718345869973.0,91.9,25.0
1718345870938.0,92.05,25.0
1718345870938.0,92.05,25.0
1718345871444.0,92.0,50.0
1718345871444.0,92.0,50.0
1718345872916.0,92.0,25.0
1718345872916.0,92.0,25.0
1718345874117.0,91.8,75.0
1718345874117.0,91.8,75.0
1718345874852.0,91.6,25.0
1718345876037.0,91.5,50.0
1718345876379.0,91.6,150.0
1718345876848.0,91.6,25.0
1718345876848.0,91.6,25.0
1718345877753.0,91.65,25.0
1718345878048.0,91.8,25.0
1718345879015.0,91.3,25.0
1718345879823.0,91.5,25.0
1718345880084.0,91.55,300.0
1718345881134.0,91.75,25.0
1718345881815.0,91.7,100.0
1718345882178.0,91.6,25.0
1718345882892.0,91.95,50.0
1718345883089.0,91.8,25.0
1718345884207.0,91.5,25.0
1718345885074.0,91.0,50.0
1718345885195.0,91.05,100.0
1718345886080.0,90.8,25.0
1718345886116.0,90.8,25.0
1718345887183.0,91.05,100.0
1718345887978.0,90.85,250.0
1718345888394.0,90.65,125.0
1718345888949.0,90.55,25.0
1718345889074.0,90.75,200.0
1718345889951.0,90.45,25.0
1718345889951.0,90.45,25.0
1718345891058.0,90.4,50.0
1718345891946.0,90.45,100.0
1718345892036.0,90.35,150.0
1718345893213.0,90.1,125.0
1718345894012.0,90.45,25.0
1718345894196.0,90.65,125.0
1718345894994.0,90.25,125.0
1718345895328.0,90.35,75.0
1718345895992.0,90.1,1525.0
1718345896104.0,90.1,125.0
1718345896840.0,90.15,75.0
1718345898121.0,90.25,25.0
1718345899098.0,90.35,25.0
1718345899764.0,90.2,25.0
1718345900232.0,90.15,25.0
1718345900912.0,90.1,50.0
1718345901213.0,90.15,25.0
1718345902018.0,90.45,450.0
1718345902018.0,90.45,450.0
1718345903119.0,90.4,50.0
1718345904084.0,90.5,25.0
1718345904868.0,90.5,25.0
1718345905129.0,90.8,25.0
1718345906092.0,90.85,25.0
1718345906191.0,90.85,25.0
1718345906960.0,90.95,75.0
1718345906960.0,90.95,75.0
1718345908120.0,90.95,50.0
1718345908427.0,91.0,75.0
1718345908997.0,90.75,50.0
1718345910046.0,90.9,25.0
1718345911090.0,90.9,250.0
1718345911231.0,91.05,75.0
1718345911894.0,91.1,25.0
1718345912416.0,91.0,25.0
1718345913064.0,90.8,25.0
1718345914061.0,90.85,25.0
1718345914108.0,90.7,25.0
1718345915120.0,90.25,100.0
1718345915278.0,90.2,25.0
1718345916110.0,90.3,25.0
1718345916301.0,90.35,25.0
1718345916932.0,89.65,25.0
1718345916932.0,89.65,25.0
1718345918091.0,89.5,125.0
1718345919062.0,89.5,100.0
1718345920011.0,89.4,100.0
1718345920100.0,89.6,25.0
1718345921103.0,89.55,25.0
1718345921245.0,89.75,25.0
1718345921916.0,89.95,100.0
1718345922220.0,89.9,25.0
1718345923056.0,89.9,75.0
1718345923228.0,90.0,25.0
1718345923975.0,90.2,25.0
1718345924082.0,90.35,50.0
1718345925013.0,90.3,125.0
1718345926059.0,90.5,50.0
1718345926059.0,90.5,50.0
1718345927103.0,90.45,50.0
1718345927910.0,90.45,150.0
1718345928433.0,90.45,25.0
1718345929065.0,90.4,50.0
1718345929139.0,90.35,200.0
1718345930050.0,90.4,75.0
1718345930050.0,90.4,75.0
1718345931026.0,90.45,25.0
1718345931026.0,90.45,25.0
1718345931975.0,90.5,25.0
1718345931975.0,90.5,25.0
1718345933108.0,90.1,100.0
1718345933108.0,90.1,100.0
1718345934030.0,90.5,375.0
1718345934499.0,90.25,25.0
1718345934945.0,90.25,25.0
1718345934945.0,90.25,25.0
1718345935838.0,90.5,25.0
1718345935838.0,90.5,25.0
1718345936962.0,90.55,25.0
1718345937106.0,90.3,25.0
1718345938113.0,90.4,25.0
1718345938259.0,90.4,25.0
1718345939127.0,90.1,150.0
1718345939453.0,90.25,225.0
1718345940110.0,90.15,100.0
1718345941145.0,90.2,25.0
1718345942001.0,90.3,25.0
1718345942198.0,90.2,25.0
1718345943141.0,90.2,125.0
1718345944120.0,91.3,100.0
1718345945004.0,90.9,50.0
1718345945274.0,90.95,75.0
1718345946001.0,91.15,25.0
1718345946217.0,91.15,125.0
1718345946874.0,91.45,50.0
1718345947182.0,91.35,100.0
1718345948095.0,91.5,1625.0
1718345948095.0,91.5,1625.0
1718345949117.0,91.35,75.0
1718345950003.0,91.4,25.0
1718345951030.0,91.3,200.0
1718345951276.0,91.1,175.0
1718345951824.0,90.95,200.0
1718345952725.0,91.0,25.0
1718345953001.0,90.65,25.0
1718345954020.0,90.45,25.0
1718345954020.0,90.45,25.0
1718345955015.0,90.65,25.0
1718345956106.0,90.45,25.0
1718345956748.0,90.35,25.0
1718345957269.0,90.3,25.0
1718345958157.0,90.4,200.0
1718345959151.0,90.3,150.0
1718345959151.0,90.3,150.0
1718345960101.0,90.35,25.0
1718345960289.0,90.35,25.0
1718345961046.0,90.25,25.0
1718345961216.0,90.35,25.0
1718345961768.0,90.35,25.0
1718345963057.0,90.4,25.0
1718345963275.0,90.45,100.0
1718345964001.0,90.4,25.0
1718345964341.0,90.45,25.0
1718345965127.0,90.5,25.0
1718345965381.0,90.7,25.0
1718345966109.0,90.65,50.0
1718345966342.0,90.45,50.0
1718345966849.0,90.1,25.0
1718345967268.0,90.25,25.0
1718345968067.0,90.35,25.0
1718345969124.0,90.25,25.0
1718345969124.0,90.25,25.0
1718345970121.0,90.05,75.0
1718345970340.0,89.85,25.0
1718345971002.0,89.85,25.0
1718345971468.0,90.0,75.0
1718345972086.0,89.85,100.0
1718345973162.0,89.6,300.0
1718345973269.0,89.8,25.0
1718345973813.0,89.8,100.0
1718345974234.0,89.85,50.0
1718345974792.0,90.0,25.0
1718345975343.0,89.9,100.0
1718345976148.0,90.0,25.0
1718345976918.0,89.8,50.0
1718345977943.0,90.0,50.0
1718345979129.0,89.65,75.0
1718345979193.0,89.85,50.0
1718345979983.0,89.85,100.0
1718345980368.0,89.75,175.0
1718345981084.0,89.8,50.0
1718345981536.0,89.75,25.0
1718345981629.0,89.7,25.0
1718345982719.0,89.5,1425.0
1718345983661.0,89.7,150.0
1718345985132.0,89.8,25.0
1718345986007.0,90.05,25.0
1718345986233.0,90.1,25.0
1718345986894.0,89.9,25.0
1718345987390.0,90.15,25.0
1718345988126.0,90.3,25.0
1718345988550.0,90.3,75.0
1718345989115.0,90.25,25.0
1718345990166.0,90.6,25.0
1718345990201.0,90.55,100.0
1718345991169.0,90.95,75.0
1718345991719.0,90.95,200.0
1718345993007.0,91.1,50.0
1718345994176.0,91.3,25.0
1718345995138.0,91.3,25.0
1718345995138.0,91.3,25.0
1718345996318.0,91.15,50.0
1718345997066.0,91.3,25.0
1718345997481.0,91.4,25.0
1718345998012.0,91.0,200.0
1718345999152.0,91.05,75.0
1718345999380.0,90.95,25.0
1718346000064.0,90.7,25.0
1718346000064.0,90.7,25.0
1718346001135.0,90.2,25.0
1718346001503.0,90.25,25.0
1718346001503.0,90.25,25.0
1718346003183.0,90.05,50.0
1718346003951.0,90.3,25.0
1718346005161.0,90.1,75.0
1718346005392.0,90.15,175.0
1718346006111.0,89.8,25.0
1718346006397.0,89.85,25.0
1718346006973.0,89.65,25.0
1718346006973.0,89.65,25.0
1718346008035.0,89.65,50.0
1718346008996.0,89.8,25.0
1718346010127.0,89.9,50.0
1718346011016.0,89.75,25.0
1718346011321.0,89.7,25.0
1718346012164.0,89.75,25.0
1718346012191.0,89.8,75.0
1718346012928.0,89.8,325.0
1718346013380.0,89.9,25.0
1718346014081.0,90.05,50.0
1718346014595.0,90.15,75.0
1718346014800.0,90.1,100.0
1718346015555.0,90.05,1000.0
1718346016810.0,90.1,25.0
1718346018174.0,90.4,100.0
1718346018359.0,90.35,75.0
1718346019062.0,90.4,25.0
1718346019543.0,90.55,25.0
1718346020177.0,90.55,25.0
1718346021068.0,90.7,25.0
1718346021381.0,90.6,50.0
1718346021971.0,90.35,25.0
1718346021971.0,90.35,25.0
1718346022802.0,90.65,25.0
1718346023345.0,89.9,25.0
1718346023969.0,90.0,25.0
1718346024445.0,89.95,25.0
1718346025013.0,89.95,25.0
1718346026210.0,90.15,125.0
1718346026706.0,90.05,75.0
1718346026706.0,90.05,75.0
1718346027716.0,90.1,125.0
1718346028485.0,89.8,25.0
1718346029042.0,89.7,50.0
1718346029536.0,89.85,100.0
1718346030029.0,89.9,25.0
1718346030205.0,90.0,25.0
1718346031062.0,89.9,275.0
1718346031062.0,89.9,275.0
1718346031971.0,90.15,275.0
1718346033209.0,89.9,25.0
1718346033904.0,90.2,75.0
1718346034398.0,90.1,25.0
1718346034647.0,89.9,50.0
1718346035564.0,90.2,50.0
1718346036198.0,89.95,25.0
1718346036987.0,89.95,400.0
1718346036987.0,89.95,400.0
1718346038165.0,90.15,25.0
1718346039124.0,90.25,25.0
1718346039938.0,90.0,50.0
1718346039938.0,90.0,50.0
1718346041181.0,90.35,25.0
1718346041354.0,90.1,25.0
1718346041904.0,90.4,25.0
1718346042360.0,90.35,50.0
1718346043104.0,90.15,25.0
1718346043469.0,90.4,25.0
1718346044081.0,90.2,25.0
1718346044653.0,90.3,25.0
1718346044854.0,90.5,300.0
1718346046182.0,90.55,50.0
1718346046182.0,90.55,50.0
1718346047025.0,90.55,25.0
1718346048171.0,90.45,75.0
1718346048960.0,90.6,50.0
1718346048960.0,90.6,50.0
1718346050273.0,90.4,25.0
1718346050839.0,90.55,175.0
1718346051406.0,90.7,100.0
1718346051406.0,90.7,100.0
1718346052669.0,90.7,50.0
1718346053052.0,90.8,25.0
1718346053772.0,90.55,25.0
1718346055042.0,90.6,175.0
1718346055042.0,90.6,175.0
1718346055938.0,90.45,25.0
1718346055938.0,90.45,25.0
1718346056980.0,90.85,50.0
1718346057315.0,90.8,25.0
1718346058064.0,90.8,125.0
1718346058509.0,90.8,25.0
1718346059220.0,90.6,25.0
1718346060041.0,90.8,75.0
1718346060282.0,90.8,25.0
1718346061044.0,90.8,25.0
1718346061423.0,90.75,175.0
1718346062096.0,90.6,25.0
1718346062676.0,90.8,50.0
1718346063174.0,90.75,950.0
1718346063174.0,90.75,950.0
1718346064226.0,90.45,50.0
1718346064260.0,90.45,100.0
1718346064801.0,90.4,25.0
1718346064801.0,90.4,25.0
1718346066021.0,90.55,50.0
1718346066497.0,90.45,50.0
1718346067400.0,90.35,25.0
1718346068222.0,89.95,75.0
1718346068660.0,90.1,25.0
1718346068865.0,90.1,100.0
1718346070212.0,90.35,75.0
1718346070212.0,90.35,75.0
1718346071185.0,90.35,100.0
1718346071185.0,90.35,100.0
1718346071849.0,90.4,125.0
1718346073230.0,90.3,50.0
1718346073407.0,90.3,50.0
1718346074028.0,90.4,25.0
1718346074028.0,90.4,25.0
1718346075217.0,90.25,25.0
1718346075549.0,90.4,25.0
1718346076144.0,90.45,25.0
1718346076144.0,90.45,25.0
1718346077205.0,90.05,450.0
1718346077205.0,90.05,450.0
1718346078114.0,90.4,25.0
1718346078114.0,90.4,25.0
1718346079094.0,90.3,50.0
1718346079500.0,90.5,25.0
1718346080211.0,90.35,25.0
1718346080282.0,90.35,125.0
1718346081052.0,90.65,25.0
1718346081774.0,90.55,50.0
1718346081774.0,90.55,50.0
1718346083159.0,90.65,75.0
1718346083159.0,90.65,75.0
1718346084169.0,90.5,50.0
1718346084379.0,90.55,25.0
1718346084708.0,90.5,25.0
1718346085260.0,90.75,125.0
1718346085929.0,91.0,25.0
1718346086609.0,91.0,25.0
1718346086609.0,91.0,25.0
1718346087872.0,90.95,50.0
1718346089070.0,90.8,25.0
1718346089534.0,90.8,25.0
1718346090065.0,90.85,50.0
1718346090065.0,90.85,50.0
1718346090674.0,91.0,125.0
1718346090674.0,91.0,125.0
1718346091678.0,91.0,75.0
1718346092174.0,91.0,25.0
1718346092174.0,91.0,25.0
1718346093283.0,90.8,75.0
1718346094233.0,90.9,25.0
1718346094233.0,90.9,25.0
1718346095229.0,90.65,100.0
1718346095229.0,90.65,100.0
1718346096105.0,90.8,275.0
1718346096474.0,90.75,25.0
1718346096902.0,90.6,25.0
1718346096902.0,90.6,25.0
1718346098182.0,90.8,25.0
1718346098571.0,90.85,25.0
1718346099134.0,90.8,75.0
1718346099134.0,90.8,75.0
1718346100315.0,90.9,1125.0
1718346101039.0,90.9,125.0
1718346101294.0,90.85,25.0
1718346102066.0,90.8,25.0
1718346102066.0,90.8,25.0
1718346102541.0,90.9,25.0
1718346102541.0,90.9,25.0
1718346104018.0,90.9,25.0
1718346104397.0,91.0,50.0
1718346105129.0,91.0,25.0
1718346105637.0,91.0,25.0
1718346106298.0,91.0,25.0
1718346106659.0,91.05,75.0
1718346106659.0,91.05,75.0
1718346108256.0,91.2,25.0
1718346108403.0,91.05,25.0
1718346109236.0,91.05,25.0
1718346109568.0,91.2,25.0
1718346110225.0,91.25,450.0
1718346110543.0,91.15,25.0
1718346110879.0,91.25,25.0
1718346111691.0,91.25,50.0
1718346111691.0,91.25,50.0
1718346113183.0,90.9,225.0
1718346113388.0,91.1,25.0
1718346114212.0,91.35,50.0
1718346114286.0,91.35,25.0
1718346115128.0,91.2,25.0
1718346115525.0,91.25,25.0
1718346115914.0,91.15,25.0
1718346116407.0,91.2,50.0
1718346116993.0,91.4,25.0
1718346117280.0,91.25,25.0
1718346117948.0,91.4,50.0
1718346117948.0,91.4,50.0
1718346119212.0,91.4,225.0
1718346119212.0,91.4,225.0
1718346119634.0,91.45,50.0
1718346119634.0,91.45,50.0
1718346120418.0,91.35,125.0
1718346121124.0,91.45,50.0
1718346121573.0,91.1,150.0
1718346122184.0,91.15,25.0
1718346122184.0,91.15,25.0
1718346123237.0,91.5,150.0
1718346123573.0,91.7,150.0
1718346124384.0,91.85,25.0
1718346125234.0,91.85,50.0
1718346125536.0,91.75,100.0
1718346126219.0,91.8,25.0
1718346126713.0,91.65,75.0
1718346126937.0,91.75,25.0
1718346126937.0,91.75,25.0
1718346128227.0,91.5,50.0
1718346128227.0,91.5,50.0
1718346129206.0,91.35,25.0
1718346129482.0,91.55,50.0
1718346129782.0,91.55,100.0
1718346130589.0,91.4,25.0
1718346130832.0,91.25,25.0
1718346131333.0,91.15,25.0
1718346131808.0,91.25,25.0
1718346131808.0,91.25,25.0
1718346133099.0,91.05,25.0
1718346133099.0,91.05,25.0
1718346134003.0,91.25,25.0
1718346134654.0,91.25,25.0
1718346135103.0,91.25,175.0
1718346135276.0,91.25,25.0
1718346136213.0,91.45,50.0
1718346136213.0,91.45,50.0
1718346137069.0,91.55,25.0
1718346137069.0,91.55,25.0
1718346138032.0,91.55,25.0
1718346138368.0,91.45,25.0
1718346139059.0,91.4,25.0
1718346139567.0,91.45,50.0
1718346140001.0,91.45,25.0
1718346140620.0,91.4,25.0
1718346141093.0,91.5,25.0
1718346141093.0,91.5,25.0
1718346142003.0,91.4,25.0
1718346142003.0,91.4,25.0
1718346143078.0,91.3,50.0
1718346143530.0,91.4,75.0
1718346144241.0,91.35,150.0
1718346144518.0,91.2,25.0
1718346144873.0,91.05,50.0
1718346145485.0,91.1,25.0
1718346146118.0,91.25,125.0
1718346146502.0,91.25,75.0
1718346147147.0,91.25,50.0
1718346147147.0,91.25,50.0
1718346148193.0,91.2,50.0
1718346148193.0,91.2,50.0
1718346149148.0,91.15,25.0
1718346149311.0,91.15,25.0
1718346150150.0,90.8,50.0
1718346150242.0,90.85,25.0
1718346150633.0,90.5,25.0
1718346150948.0,90.55,50.0
1718346151467.0,90.55,25.0
1718346152059.0,90.55,50.0
1718346152733.0,90.85,25.0
1718346152838.0,91.0,25.0
1718346152838.0,91.0,25.0
1718346154260.0,91.35,75.0
1718346154260.0,91.35,75.0
1718346155169.0,91.7,25.0
1718346155594.0,91.65,200.0
1718346156093.0,91.65,50.0
1718346156611.0,91.65,25.0
1718346157002.0,91.6,25.0
1718346157002.0,91.6,25.0
1718346157706.0,91.75,25.0
1718346158306.0,91.75,125.0
1718346159243.0,91.6,50.0
1718346159243.0,91.6,50.0
1718346160255.0,91.75,25.0
1718346160255.0,91.75,25.0
1718346161041.0,91.4,25.0
1718346161529.0,91.25,100.0
1718346162066.0,91.15,25.0
1718346162298.0,91.2,200.0
1718346162816.0,91.4,25.0
1718346163408.0,91.3,25.0
1718346164257.0,91.05,25.0
1718346164500.0,91.25,50.0
1718346164955.0,91.25,50.0
1718346165574.0,91.25,25.0
1718346166005.0,91.25,50.0
1718346166324.0,91.4,25.0
1718346167033.0,91.85,25.0
1718346167033.0,91.85,25.0
1718346167857.0,91.8,100.0
1718346168834.0,92.0,25.0
1718346169250.0,91.95,50.0
1718346169250.0,91.95,50.0
1718346169967.0,92.0,25.0
1718346169967.0,92.0,25.0
1718346171044.0,92.2,150.0
1718346171383.0,92.2,50.0
1718346172262.0,92.35,175.0
1718346172262.0,92.35,175.0
1718346173139.0,92.1,75.0
1718346173472.0,92.3,25.0
1718346174283.0,92.5,25.0
1718346174536.0,92.65,25.0
1718346175290.0,93.0,25.0
1718346175799.0,92.75,75.0
1718346175911.0,92.6,400.0
1718346175911.0,92.6,400.0
1718346177237.0,92.65,25.0
1718346177237.0,92.65,25.0
1718346178293.0,92.85,25.0
1718346178642.0,92.75,75.0
1718346179122.0,92.85,25.0
1718346179635.0,92.7,25.0
1718346180044.0,92.6,25.0
1718346180044.0,92.6,25.0
1718346180796.0,93.0,50.0
1718346180796.0,93.0,50.0
1718346180796.0,93.0,50.0
1718346182212.0,92.9,25.0
1718346182212.0,92.9,25.0
1718346182968.0,92.8,125.0
1718346183366.0,92.95,25.0
1718346184012.0,92.9,25.0
1718346184556.0,92.9,50.0
1718346185159.0,92.85,50.0
1718346185707.0,92.9,50.0
1718346186180.0,92.95,25.0
1718346186180.0,92.95,25.0
1718346187100.0,92.9,25.0
1718346187405.0,92.8,25.0
1718346187704.0,92.9,25.0
1718346188413.0,92.85,25.0
1718346189222.0,92.75,25.0
1718346189339.0,92.7,50.0
1718346190273.0,92.45,25.0
1718346190479.0,92.6,25.0
1718346191266.0,92.45,250.0
1718346191385.0,92.75,125.0
1718346192071.0,92.55,175.0
1718346192650.0,92.3,50.0
1718346193294.0,92.45,50.0
1718346193476.0,92.45,175.0
1718346194261.0,92.6,25.0
1718346194391.0,92.45,25.0
1718346195101.0,92.45,25.0
1718346195588.0,92.3,75.0
1718346196149.0,92.4,25.0
1718346196699.0,92.5,200.0
1718346197144.0,92.4,25.0
1718346197597.0,92.35,225.0
1718346198308.0,92.55,50.0
1718346198779.0,92.45,25.0
1718346198779.0,92.45,25.0
1718346198779.0,92.45,25.0
1718346200138.0,92.5,50.0
1718346200650.0,92.6,25.0
1718346201192.0,92.7,125.0
1718346201192.0,92.7,125.0
1718346201192.0,92.7,125.0
1718346202601.0,92.55,25.0
1718346203201.0,92.85,50.0
1718346203807.0,92.9,50.0
1718346204061.0,92.95,25.0
1718346204387.0,92.95,125.0
1718346205286.0,92.9,25.0
1718346205387.0,92.85,25.0
1718346205827.0,92.95,25.0
1718346206520.0,92.85,25.0
1718346207265.0,92.9,25.0
1718346207482.0,92.85,25.0
1718346207879.0,92.85,25.0
1718346208702.0,92.85,25.0
1718346209173.0,92.95,25.0
1718346209836.0,92.8,25.0
1718346210001.0,92.9,75.0
1718346210242.0,92.85,825.0
1718346210519.0,93.0,25.0
1718346211301.0,93.0,350.0
1718346211301.0,93.0,350.0
1718346212046.0,93.0,50.0
1718346212576.0,92.8,175.0
1718346213133.0,92.75,25.0
1718346213404.0,93.0,100.0
1718346214016.0,92.85,50.0
1718346214728.0,92.85,25.0
1718346215320.0,93.0,25.0
1718346215922.0,93.1,25.0
1718346216083.0,93.0,75.0
1718346216454.0,93.15,25.0
1718346217234.0,92.85,50.0
1718346217514.0,92.8,100.0
1718346218271.0,92.9,25.0
1718346218553.0,92.5,1125.0
1718346219263.0,92.8,25.0
1718346219669.0,92.7,50.0
1718346220321.0,92.95,50.0
1718346220680.0,93.15,100.0
1718346221296.0,92.85,50.0
1718346221296.0,92.85,50.0
1718346221913.0,93.15,125.0
1718346222309.0,93.15,25.0
1718346223311.0,93.1,25.0
1718346223539.0,93.3,25.0
1718346224281.0,93.3,25.0
1718346224788.0,93.45,50.0
1718346225273.0,93.45,125.0
1718346225934.0,93.45,50.0
1718346226272.0,93.45,75.0
1718346226272.0,93.45,75.0
1718346227270.0,93.5,100.0
1718346227662.0,93.5,100.0
1718346228283.0,93.5,25.0
1718346228554.0,93.85,150.0
1718346229301.0,94.0,150.0
1718346229488.0,94.0,1625.0
1718346230217.0,93.85,25.0
1718346230750.0,94.0,75.0
1718346231041.0,93.85,25.0
1718346231902.0,93.9,125.0
1718346231902.0,93.9,125.0
1718346232507.0,94.0,500.0
1718346233281.0,94.1,150.0
1718346233554.0,94.1,225.0
1718346234320.0,93.8,100.0
1718346234567.0,93.95,25.0
1718346235279.0,94.0,50.0
1718346235613.0,94.0,150.0
1718346236267.0,93.8,250.0
1718346236602.0,94.05,25.0
1718346237327.0,93.85,200.0
1718346237948.0,93.75,25.0
1718346238144.0,93.9,75.0
1718346238456.0,93.9,25.0
1718346238995.0,93.9,175.0
1718346239384.0,93.95,50.0
1718346239973.0,93.75,125.0
1718346240284.0,93.8,25.0
1718346240584.0,93.65,250.0
1718346241318.0,93.7,25.0
1718346241621.0,93.8,25.0
1718346242063.0,93.95,25.0
1718346242842.0,93.95,100.0
1718346243239.0,93.85,100.0
1718346243576.0,93.85,75.0
1718346244298.0,94.0,50.0
1718346244298.0,94.0,50.0
1718346245134.0,94.0,100.0
1718346245732.0,93.85,25.0
1718346246326.0,94.35,25.0
1718346246899.0,94.25,25.0
1718346247308.0,94.0,100.0
1718346247569.0,94.0,25.0
1718346248317.0,93.85,200.0
1718346248398.0,93.85,100.0
1718346249331.0,94.05,25.0
1718346249488.0,94.05,25.0
1718346250325.0,94.8,25.0
1718346250529.0,94.55,25.0
1718346251052.0,94.55,75.0
1718346251552.0,94.2,25.0
1718346252165.0,94.25,25.0
1718346252165.0,94.25,25.0
1718346253017.0,94.4,50.0
1718346253745.0,94.45,100.0
1718346254163.0,94.3,25.0
1718346254366.0,94.45,50.0
1718346255336.0,94.3,25.0
1718346255727.0,94.25,25.0
1718346256075.0,94.5,225.0
1718346256895.0,94.6,100.0
1718346256895.0,94.6,100.0
1718346256895.0,94.6,100.0
1718346258305.0,94.35,25.0
1718346258549.0,94.35,100.0
1718346259338.0,94.4,25.0
1718346259772.0,94.05,25.0
1718346260222.0,94.15,25.0
1718346260871.0,94.45,25.0
1718346261328.0,94.25,25.0
1718346261879.0,94.65,25.0
1718346262102.0,94.7,25.0
1718346262993.0,94.7,25.0
1718346263166.0,94.7,25.0
1718346263530.0,94.6,250.0
1718346264275.0,94.55,25.0
1718346264563.0,94.4,100.0
1718346265260.0,94.6,25.0
1718346265643.0,94.6,50.0
1718346266272.0,94.6,25.0
1718346266687.0,94.5,25.0
1718346267340.0,94.45,25.0
1718346268000.0,94.5,25.0
1718346268318.0,94.4,100.0
1718346268507.0,94.55,25.0
1718346269255.0,94.6,50.0
1718346269255.0,94.6,50.0
1718346270108.0,94.65,75.0
1718346270251.0,94.85,25.0
1718346270416.0,94.75,50.0
1718346271163.0,94.6,25.0
1718346271565.0,94.8,150.0
1718346271651.0,94.75,25.0
1718346272233.0,94.8,25.0
1718346273366.0,95.2,25.0
1718346273623.0,95.0,25.0
1718346274299.0,94.8,25.0
1718346274781.0,94.95,25.0
1718346275333.0,94.95,75.0
1718346275828.0,95.0,50.0
1718346276321.0,94.8,25.0
1718346276680.0,94.9,500.0
1718346277158.0,94.8,25.0
1718346277481.0,94.95,25.0
1718346278294.0,94.95,25.0
1718346278550.0,94.95,25.0
1718346279226.0,95.0,250.0
1718346279752.0,94.85,25.0
1718346280300.0,95.1,350.0
1718346280951.0,94.6,25.0
1718346281298.0,94.7,400.0
1718346281979.0,94.5,950.0
1718346282241.0,94.7,25.0
1718346282500.0,94.55,200.0
1718346283295.0,94.65,25.0
1718346283295.0,94.65,25.0
1718346284115.0,94.75,25.0
1718346284115.0,94.75,25.0
1718346285232.0,94.9,50.0
1718346285375.0,95.0,50.0
1718346286343.0,95.0,25.0
1718346286964.0,95.0,25.0
1718346287112.0,94.9,25.0
1718346288035.0,94.75,50.0
1718346288333.0,94.8,25.0
1718346288637.0,95.0,125.0
1718346289239.0,94.9,175.0
1718346289239.0,94.9,175.0
1718346290259.0,94.9,25.0
1718346290545.0,94.8,25.0
1718346291179.0,94.9,25.0
1718346291697.0,94.8,25.0
1718346292052.0,94.8,25.0
1718346292823.0,94.6,25.0
1718346293247.0,94.6,300.0
1718346293932.0,94.85,100.0
1718346294349.0,94.9,200.0
1718346294618.0,94.75,25.0
1718346295148.0,94.8,1000.0
1718346295536.0,94.7,150.0
1718346295780.0,94.85,25.0
1718346296666.0,94.8,25.0
1718346297051.0,94.65,200.0
1718346297668.0,94.75,50.0
1718346298294.0,94.95,75.0
1718346298527.0,95.0,75.0
1718346298964.0,94.95,50.0
1718346299655.0,95.1,275.0
1718346300098.0,94.95,25.0
1718346300319.0,95.0,75.0
1718346300653.0,95.05,25.0
1718346301065.0,95.0,25.0
1718346301490.0,94.95,25.0
1718346302158.0,95.0,250.0
1718346302751.0,94.9,75.0
1718346303271.0,95.15,50.0
1718346303773.0,94.95,25.0
1718346304364.0,94.95,50.0
1718346304881.0,94.95,225.0
1718346305318.0,95.0,50.0
1718346305549.0,94.85,25.0
1718346306322.0,94.85,100.0
1718346306322.0,94.85,100.0
1718346306322.0,94.85,100.0
1718346307797.0,94.75,25.0
1718346308332.0,94.55,75.0
1718346308332.0,94.55,75.0
1718346309323.0,94.75,25.0
1718346309639.0,94.8,50.0
1718346310330.0,94.75,25.0
1718346310692.0,95.0,100.0
1718346311092.0,94.95,50.0
1718346311665.0,94.95,250.0
1718346312322.0,94.9,25.0
1718346312511.0,94.85,175.0
1718346313031.0,94.9,25.0
1718346313625.0,95.05,50.0
1718346314365.0,95.15,50.0
1718346314581.0,95.0,25.0
1718346315311.0,95.0,25.0
1718346315866.0,95.1,25.0
1718346316355.0,95.1,25.0
1718346316907.0,95.55,25.0
1718346317321.0,95.6,25.0
1718346317636.0,95.15,25.0
1718346318280.0,95.25,25.0
1718346318848.0,95.15,100.0
1718346319370.0,95.2,25.0
1718346319839.0,95.4,25.0
1718346320312.0,95.4,100.0
1718346320816.0,95.45,25.0
1718346321242.0,95.25,25.0
1718346321725.0,95.4,25.0
1718346321941.0,95.2,200.0
1718346323057.0,95.5,25.0
1718346323228.0,95.5,25.0
1718346323646.0,95.3,75.0
1718346324246.0,95.3,25.0
1718346324571.0,95.2,25.0
1718346325330.0,95.1,25.0
1718346325886.0,95.25,150.0
1718346326279.0,95.2,25.0
1718346326715.0,95.1,25.0
1718346327105.0,95.35,100.0
1718346328101.0,95.3,50.0
1718346328385.0,95.4,25.0
1718346329115.0,95.25,25.0
1718346329355.0,95.4,125.0
1718346330158.0,95.5,25.0
1718346330200.0,95.45,25.0
1718346330375.0,95.55,25.0
1718346330504.0,95.3,75.0
1718346331324.0,95.45,50.0
1718346331699.0,95.3,300.0
1718346332136.0,95.4,25.0
1718346332513.0,95.55,25.0
1718346333369.0,95.5,25.0
1718346333627.0,95.65,50.0
1718346334348.0,95.45,350.0
1718346334348.0,95.45,350.0
1718346335296.0,95.85,200.0
1718346335748.0,95.7,25.0
1718346336374.0,95.8,25.0
1718346336656.0,95.7,75.0
1718346337140.0,95.75,25.0
1718346337817.0,95.9,25.0
1718346338367.0,95.9,25.0
1718346338720.0,95.85,25.0
1718346339315.0,95.9,25.0
1718346339696.0,95.8,25.0
1718346340381.0,95.95,25.0
1718346340712.0,95.95,25.0
1718346341206.0,96.0,25.0
1718346341648.0,95.75,150.0
1718346341772.0,95.95,200.0
1718346342404.0,95.8,75.0
1718346343354.0,95.7,25.0
1718346343584.0,95.9,25.0
1718346344352.0,95.7,50.0
1718346344756.0,95.55,275.0
1718346345306.0,95.5,25.0
1718346345710.0,95.65,25.0
1718346345941.0,95.65,25.0
1718346346718.0,95.7,50.0
1718346347216.0,95.7,100.0
1718346347690.0,95.6,25.0
1718346348344.0,95.5,225.0
1718346348544.0,95.55,25.0
1718346349280.0,95.2,75.0
1718346349508.0,95.4,25.0
1718346350387.0,95.2,200.0
1718346350672.0,95.45,50.0
1718346351366.0,94.95,50.0
1718346351695.0,95.0,25.0
1718346352310.0,95.25,75.0
1718346352660.0,95.15,25.0
1718346353310.0,95.3,375.0
1718346353753.0,95.2,225.0
1718346354343.0,95.1,375.0
1718346354598.0,95.1,25.0
1718346355347.0,95.25,50.0
1718346355535.0,95.1,25.0
1718346355915.0,95.15,25.0
1718346356703.0,95.0,25.0
1718346357064.0,95.15,25.0
1718346357714.0,95.2,200.0
1718346358277.0,95.2,25.0
1718346358462.0,95.15,50.0
1718346358982.0,95.15,25.0
1718346359938.0,95.1,350.0
1718346360121.0,95.25,25.0
1718346360307.0,95.1,25.0
1718346360950.0,95.1,125.0
1718346361375.0,95.2,25.0
1718346361683.0,95.3,25.0
1718346362188.0,95.2,25.0
1718346363399.0,95.0,25.0
1718346363399.0,95.0,25.0
1718346364349.0,95.55,25.0
1718346364569.0,95.35,25.0
1718346364962.0,95.3,25.0
1718346365713.0,95.5,25.0
1718346366264.0,95.45,25.0
1718346366679.0,95.5,25.0
1718346367225.0,95.4,25.0
1718346368159.0,95.55,50.0
1718346368258.0,95.4,25.0
1718346369384.0,95.15,75.0
1718346369745.0,95.4,100.0
1718346370148.0,95.3,25.0
1718346370502.0,95.3,75.0
1718346371164.0,95.3,25.0
1718346371856.0,95.3,25.0
1718346372202.0,95.1,25.0
1718346372725.0,95.2,25.0
1718346373384.0,95.0,300.0
1718346373775.0,95.0,200.0
1718346373775.0,95.0,200.0
1718346374767.0,94.7,25.0
1718346375396.0,94.35,250.0
1718346375856.0,94.25,375.0
1718346376385.0,94.2,50.0
1718346376967.0,94.3,100.0
1718346377299.0,94.05,225.0
1718346377960.0,93.75,50.0
1718346378399.0,93.6,250.0
1718346379173.0,93.7,25.0
1718346379392.0,93.8,25.0
1718346379741.0,93.7,75.0
1718346380406.0,93.7,25.0
1718346380662.0,93.75,50.0
1718346381299.0,94.0,175.0
1718346381631.0,94.2,75.0
1718346382231.0,94.9,25.0
1718346382723.0,95.05,25.0
1718346383384.0,94.85,125.0
1718346383472.0,95.0,50.0
1718346384363.0,95.25,50.0
1718346384573.0,95.4,100.0
1718346385282.0,95.05,50.0
1718346385956.0,95.65,25.0
1718346386325.0,95.45,50.0
1718346387037.0,95.25,75.0
1718346387300.0,95.45,150.0
1718346387590.0,95.55,25.0
1718346388294.0,95.7,100.0
1718346388710.0,95.55,100.0
1718346389364.0,95.65,25.0
1718346389718.0,95.65,25.0
1718346390130.0,95.5,50.0
1718346390414.0,95.55,50.0
1718346390741.0,95.65,100.0
1718346391342.0,95.25,25.0
1718346391827.0,95.35,250.0
1718346392211.0,95.45,25.0
1718346392520.0,95.45,25.0
1718346393326.0,95.05,175.0
1718346393875.0,95.05,50.0
1718346394299.0,95.15,50.0
1718346394823.0,95.05,125.0
1718346395361.0,95.0,75.0
1718346395768.0,94.8,75.0
1718346396339.0,95.15,25.0
1718346396616.0,95.15,25.0
1718346396616.0,95.15,25.0
1718346397783.0,95.15,25.0
1718346398196.0,95.15,25.0
1718346398514.0,95.25,100.0
1718346399190.0,95.35,100.0
1718346399568.0,95.0,100.0
1718346400345.0,95.5,200.0
1718346400991.0,95.7,25.0
1718346401395.0,95.6,100.0
1718346401900.0,95.5,25.0
1718346402112.0,95.45,50.0
1718346403070.0,95.45,75.0
1718346403342.0,95.45,250.0
1718346403451.0,95.4,25.0
1718346404389.0,95.2,50.0
1718346404787.0,95.4,100.0
1718346405107.0,95.0,325.0
1718346405719.0,95.2,100.0
1718346406272.0,95.15,25.0
1718346406658.0,95.0,25.0
1718346406658.0,95.0,25.0
1718346407437.0,95.0,25.0
1718346408179.0,95.35,25.0
1718346408758.0,95.2,250.0
1718346409225.0,95.1,25.0
1718346410069.0,95.35,25.0
1718346410311.0,95.3,25.0
1718346411131.0,95.1,75.0
1718346411324.0,95.25,25.0
1718346411714.0,95.2,300.0
1718346412225.0,95.0,175.0
1718346412756.0,95.25,25.0
1718346413335.0,95.3,25.0
1718346414011.0,95.2,100.0
1718346414011.0,95.2,100.0
1718346414740.0,95.2,25.0
1718346415284.0,95.0,25.0
1718346416217.0,94.75,50.0
1718346416265.0,94.8,25.0
1718346417046.0,95.0,25.0
1718346417046.0,95.0,25.0
1718346417775.0,94.85,25.0
1718346418214.0,94.75,25.0
1718346418813.0,94.85,25.0
1718346419060.0,94.6,25.0
1718346420135.0,94.35,25.0
1718346420229.0,94.05,175.0
1718346420724.0,94.1,25.0
1718346421433.0,94.0,75.0
1718346421606.0,94.15,50.0
1718346422079.0,94.2,25.0
1718346422720.0,94.45,25.0
1718346423333.0,94.35,150.0
1718346423333.0,94.35,150.0
1718346424282.0,94.25,50.0
1718346425188.0,94.2,25.0
1718346425398.0,94.1,25.0
1718346426191.0,94.25,125.0
1718346426316.0,94.25,50.0
1718346426531.0,94.05,25.0
1718346426810.0,94.25,25.0
1718346427929.0,94.0,25.0
1718346428424.0,94.0,25.0
1718346429008.0,94.05,25.0
1718346429374.0,94.25,200.0
1718346430144.0,94.25,50.0
1718346430421.0,94.05,50.0
1718346430457.0,94.05,25.0
1718346431109.0,94.05,25.0
1718346431109.0,94.05,25.0
1718346431109.0,94.05,25.0
1718346431109.0,94.05,25.0
1718346433297.0,94.5,25.0
1718346434232.0,94.75,25.0
1718346434232.0,94.75,25.0
1718346435364.0,95.25,25.0
1718346435820.0,95.25,25.0
1718346436385.0,95.05,25.0
1718346436706.0,95.35,25.0
1718346437114.0,95.25,25.0
1718346437783.0,95.25,25.0
1718346438385.0,95.2,25.0
1718346438874.0,95.2,25.0
1718346439264.0,95.15,50.0
1718346440058.0,95.15,50.0
1718346440394.0,95.05,225.0
1718346441237.0,95.25,250.0
1718346441320.0,95.15,25.0
1718346441628.0,95.25,25.0
1718346442219.0,95.15,25.0
1718346442812.0,95.05,25.0
1718346443414.0,95.25,25.0
1718346444035.0,95.3,25.0
1718346444336.0,95.35,600.0
1718346445265.0,95.05,25.0
1718346445265.0,95.05,25.0
1718346445852.0,95.05,25.0
1718346446314.0,95.5,25.0
1718346446314.0,95.5,25.0
1718346447150.0,95.5,250.0
1718346448060.0,95.45,75.0
1718346448324.0,95.5,225.0
1718346449213.0,95.5,50.0
1718346449334.0,95.4,25.0
1718346449717.0,95.2,100.0
