time,price,volume
1719895352821,51.65,100
1719895353783,51.65,25
1719895354704,51.45,25
1719895355093,51.45,25
1719895356035,51.45,325
1719895356220,51.45,125
1719895356814,51.35,25
1719895357336,51.45,25
1719895357631,51.7,200
1719895358229,51.7,25
1719895358835,51.5,25
1719895359420,51.45,25
1719895359820,51.3,25
1719895360852,51.3,50
1719895361482,51.3,25
1719895361945,51.4,25
1719895362663,51.3,25
1719895362948,51.25,50
1719895363708,51.05,25
1719895364395,51.15,150
1719895364829,51.3,825
1719895365326,51.3,100
1719895365989,51.3,25
1719895366511,51.5,25
1719895366802,51.6,50
1719895367813,51.4,25
1719895368875,51.15,25
1719895369787,51.35,175
1719895370733,51.05,25
1719895371190,51.0,150
1719895371891,50.8,25
1719895372630,50.8,50
1719895372854,50.85,100
1719895373766,50.8,50
1719895374809,50.8,25
1719895374925,50.7,75
1719895375828,50.6,50
1719895375898,50.8,25
1719895376863,50.9,125
1719895377183,51.0,50
1719895378065,50.9,25
1719895378500,51.05,25
1719895378825,50.95,25
1719895379820,51.35,25
1719895380851,51.05,75
1719895382042,50.9,25
1719895382270,50.85,25
1719895382839,50.9,75
1719895383619,50.75,25
1719895383619,50.75,25
1719895384826,50.5,25
1719895384924,50.4,125
1719895385973,50.6,225
1719895386304,50.8,75
1719895386875,50.05,100
1719895387781,50.25,25
1719895388018,50.15,25
1719895388879,50.1,25
1719895389666,50.0,25
1719895389999,50.2,25
1719895390540,50.1,250
1719895390884,50.3,150
1719895391872,50.75,25
1719895392876,50.85,25
1719895393090,51.35,25
1719895393852,51.0,25
1719895394166,50.95,25
1719895395069,50.75,25
1719895395354,50.5,100
1719895395835,50.65,25
1719895396668,51.05,25
1719895396854,51.0,25
1719895397878,51.15,25
1719895398893,51.35,25
1719895399100,51.6,25
1719895399903,51.9,25
1719895400530,51.95,25
1719895400763,51.85,25
1719895401728,51.75,25
1719895402077,51.6,50
1719895402810,51.35,25
1719895402991,51.2,75
1719895403824,51.25,100
1719895404323,51.0,25
1719895404814,51.2,50
1719895405813,51.1,25
1719895405813,51.1,25
1719895406849,51.45,25
1719895406849,51.45,25
1719895407949,51.1,25
1719895408860,51.05,25
1719895409307,51.25,25
1719895409848,51.3,75
1719895410380,51.5,25
1719895410774,51.3,50
1719895411681,51.55,100
1719895411681,51.55,100
1719895412931,51.7,175
1719895412931,51.7,175
1719895413790,51.75,150
1719895413790,51.75,150
1719895414831,51.9,25
1719895414909,51.9,25
1719895415026,51.9,100
1719895415829,52.05,100
1719895416556,51.9,100
1719895416773,52.05,75
1719895417534,51.65,25
1719895417786,51.65,25
1719895418749,51.85,25
1719895418749,51.85,25
1719895419838,51.65,25
1719895420883,51.55,25
1719895420934,51.5,50
1719895421137,51.6,100
1719895421778,51.65,50
1719895422449,51.6,50
1719895422837,51.6,175
1719895423828,51.7,50
1719895423828,51.7,50
1719895424857,51.6,100
1719895425515,51.55,25
1719895425884,51.6,25
1719895426624,51.65,50
1719895426624,51.65,50
1719895452447,51.95,25
1719895453882,52.25,25
1719895454828,52.25,25
1719895455018,52.3,25
1719895455802,51.85,300
1719895456363,51.9,100
1719895456827,51.6,25
1719895457890,51.65,25
1719895458713,51.65,25
1719895459009,51.65,25
1719895459832,51.5,100
1719895460761,51.3,50
1719895461829,51.6,25
1719895461964,51.55,25
1719895462843,51.8,25
1719895463517,51.8,25
1719895463839,51.85,25
1719895464656,52.0,25
1719895464996,52.05,25
1719895465479,52.05,25
1719895465479,52.05,25
1719895466868,51.95,25
1719895467599,52.05,25
1719895467848,51.85,25
1719895469028,51.6,25
1719895469990,51.7,50
1719895469990,51.7,50
1719895470705,51.8,50
1719895471301,51.9,50
1719895471894,51.75,175
1719895472214,51.85,25
1719895472920,51.85,50
1719895473107,51.9,25
1719895473820,51.9,25
1719895474605,51.6,25
1719895474605,51.6,25
1719895475011,51.55,75
1719895475927,51.4,75
1719895476623,51.15,25
1719895476774,51.05,50
1719895477693,51.1,25
1719895477932,51.0,200
1719895478791,51.1,50
1719895479759,51.2,25
1719895479759,51.2,25
1719895480862,51.35,25
1719895480944,51.35,25
1719895480944,51.35,25
1719895481882,51.55,50
1719895481882,51.55,50
1719895482913,51.55,25
1719895483373,51.85,25
1719895483373,51.85,25
1719895484681,51.25,175
1719895485782,51.4,25
1719895486806,51.35,50
1719895486806,51.35,50
1719895487703,51.3,25
1719895487958,51.3,25
1719895488333,51.3,25
1719895488899,51.2,25
1719895489472,51.3,25
1719895489472,51.3,25
1719895490432,51.4,25
1719895490927,51.25,50
1719895491738,51.25,75
1719895491966,51.2,25
1719895492850,51.45,75
1719895492850,51.45,75
1719895493616,51.35,25
1719895494230,51.4,50
1719895494747,51.35,25
1719895495401,51.4,25
1719895495825,51.3,200
1719895496723,51.0,25
1719895502451,51.15,25
1719895502863,51.0,75
1719895503544,51.15,75
1719895503820,51.1,25
1719895505149,51.4,50
1719895505862,51.25,100
1719895506238,51.75,25
1719895506741,51.8,25
1719895507600,51.75,25
1719895507600,51.75,25
1719895508880,51.9,75
1719895509116,51.75,25
1719895509933,51.95,500
1719895510884,51.85,25
1719895510963,51.4,25
1719895511551,51.5,25
1719895512296,51.25,100
1719895513049,51.2,25
1719895513968,51.15,125
1719895514767,51.25,25
1719895514967,51.35,25
1719895515645,51.35,25
1719895516705,51.0,50
1719895517118,50.75,50
1719895517890,50.75,25
1719895518106,50.65,25
1719895518907,50.5,450
1719895519709,50.45,100
1719895519958,50.65,25
1719895520927,50.8,25
1719895521020,50.7,100
1719895521875,50.9,25
1719895522384,50.75,25
1719895522864,50.55,125
1719895523907,50.4,25
1719895524085,50.3,25
1719895525103,50.25,25
1719895525154,50.2,325
1719895525748,50.35,50
1719895526310,50.45,25
1719895526580,50.35,25
1719895527674,50.3,25
1719895527915,50.35,25
1719895528926,50.4,25
1719895529919,50.25,50
1719895530211,50.2,25
1719895530748,50.15,25
1719895530748,50.15,25
1719895531492,50.25,25
1719895531909,50.25,25
1719895532927,50.0,200
1719895532973,50.05,25
1719895533961,50.0,50
1719895534371,50.05,250
1719895534963,50.15,25
1719895535728,50.15,175
1719895535955,50.15,25
1719895536912,50.5,25
1719895537021,50.5,25
1719895537901,50.4,25
1719895542940,50.15,75
1719895542940,50.15,75
1719895544155,49.85,25
1719895544522,49.7,75
1719895545345,49.95,125
1719895572997,51.25,50
1719895573410,51.2,100
1719895573846,51.25,125
1719895574923,51.7,275
1719895576194,51.9,50
1719895576401,51.8,25
1719895576841,51.85,25
1719895577815,52.2,50
1719895578720,52.1,250
1719895579608,52.15,25
1719895579986,52.25,50
1719895580817,52.2,25
1719895580935,52.6,400
1719895582140,52.0,75
1719895582411,52.05,25
1719895582555,51.95,75
1719895583282,51.95,125
1719895583906,52.05,250
1719895584760,51.9,50
1719895584760,51.9,50
1719895585913,51.9,100
1719895586141,52.0,25
1719895586974,51.9,100
1719895587363,52.0,200
1719895587918,52.25,25
1719895588998,52.0,25
1719895589235,52.05,50
1719895589791,52.0,475
1719895590833,52.25,150
1719895590904,52.35,50
1719895591953,52.3,25
1719895592526,52.15,25
1719895592962,52.25,25
1719895594191,52.0,25
1719895594759,51.9,100
1719895596039,51.55,150
1719895596742,51.8,50
1719895597209,51.9,25
1719895597985,52.0,200
1719895598603,52.1,50
1719895598901,52.15,25
1719895599830,52.05,25
1719895601013,52.05,25
1719895601212,52.0,25
1719895601914,51.75,25
1719895602357,52.05,25
1719895602357,52.05,25
1719895603895,52.0,25
1719895603895,52.0,25
1719895605017,51.9,100
1719895605017,51.9,100
1719895605993,52.0,50
1719895606219,52.05,175
1719895606378,52.0,25
1719895606378,52.0,25
1719895607324,52.2,75
1719895608105,52.15,25
1719895608592,52.05,100
1719895608909,52.0,100
1719895609844,52.0,25
1719895610900,52.1,125
1719895610900,52.1,125
1719895611752,52.2,725
1719895612216,52.1,25
1719895612740,52.35,150
1719895613661,52.4,175
1719895613661,52.4,175
1719895614617,52.3,175
1719895615010,52.35,100
1719895615815,52.45,25
1719895615970,52.3,150
1719895616953,52.5,250
1719895617908,52.35,800
1719895618985,52.0,25
1719895619137,51.8,25
1719895619835,51.95,25
1719895620244,51.9,25
1719895620713,51.8,50
1719895621021,51.9,25
1719895621201,52.2,25
1719895621993,52.15,175
1719895622034,52.2,100
1719895622978,52.2,50
1719895623479,52.4,25
1719895623676,52.2,25
1719895624783,52.15,50
1719895625002,52.2,125
1719895625896,52.25,25
1719895625896,52.25,25
1719895626772,52.3,25
1719895626772,52.3,25
1719895627946,52.45,25
1719895628265,52.45,25
1719895628991,52.3,375
1719895629073,52.15,250
1719895629782,52.2,25
1719895629782,52.2,25
1719895630845,52.1,25
1719895631442,52.15,25
1719895632016,51.95,25
1719895632568,52.15,125
1719895633017,52.2,25
1719895633623,52.35,25
1719895633623,52.35,25
1719895635043,52.35,75
1719895635980,52.35,25
1719895636987,52.4,100
1719895636987,52.4,100
1719895637643,52.0,100
1719895638464,51.4,25
1719895638976,51.45,25
1719895639663,51.15,375
1719895639994,51.0,425
1719895640853,50.9,25
1719895641125,50.75,25
1719895641862,50.55,25
1719895643138,50.75,75
1719895643327,50.6,25
1719895643957,50.7,25
1719895644709,50.75,25
1719895644744,50.95,25
1719895646003,50.75,25
1719895646003,50.75,25
1719895646909,50.8,25
1719895646909,50.8,25
1719895648084,50.75,25
1719895649012,50.6,25
1719895649012,50.6,25
1719895649981,50.6,25
1719895650657,50.4,100
1719895650957,50.45,225
1719895651985,50.25,25
1719895653045,50.15,25
1719895653107,50.3,150
1719895653990,50.45,25
1719895654946,50.7,50
1719895655269,50.6,225
1719895705798,49.5,125
1719895706089,49.75,25
1719895732014,49.2,75
1719895732284,49.35,25
1719895733039,49.2,25
1719895733228,49.25,50
1719895733900,49.3,50
1719895733900,49.3,50
1719895735096,49.55,25
1719895735105,49.5,25
1719895736013,49.4,25
1719895736349,49.3,25
1719895736949,49.15,25
1719895742160,49.75,25
1719895742726,49.9,25
1719895742957,49.95,100
1719895743899,50.15,50
1719895745084,50.1,25
1719895745410,50.0,25
1719895745775,50.1,25
1719895746401,50.0,25
1719895747114,49.95,25
1719895761972,49.75,25
1719895763077,49.55,25
1719895763258,49.65,25
1719895764107,49.5,50
1719895764236,49.65,100
1719895765094,49.7,25
1719895765487,50.0,25
1719895765516,49.95,50
1719895766180,49.9,125
1719895766945,49.85,50
1719895767761,49.9,25
1719895768009,49.9,175
1719895768478,49.75,50
1719895769446,49.75,25
1719895769446,49.75,25
1719895770830,49.65,50
1719895771120,49.85,25
1719895771120,49.85,25
1719895771792,49.6,25
1719895771792,49.6,25
1719895772891,49.55,25
1719895773306,49.65,25
1719895773915,49.7,25
1719895774331,50.3,200
1719895774894,50.15,25
1719895776001,50.2,125
1719895776294,50.4,250
1719895777069,50.55,25
1719895777265,50.4,50
1719895778081,50.55,25
1719895778418,50.5,300
1719895778901,50.55,1200
1719895779405,50.5,75
1719895779952,50.7,75
1719895780534,50.85,50
1719895780534,50.85,50
1719895782060,50.95,25
1719895782060,50.95,25
1719895783129,51.6,25
1719895783514,51.6,25
1719895784122,51.4,100
1719895784517,51.35,50
1719895785099,51.3,25
1719895786047,51.35,25
1719895786047,51.35,25
1719895787028,51.3,150
1719895787495,51.2,200
1719895788103,51.35,25
1719895788350,51.3,25
1719895789089,51.3,25
1719895789484,51.4,25
1719895790025,51.6,125
1719895790374,51.5,25
1719895791063,51.65,25
1719895791668,51.75,25
1719895792076,51.8,25
1719895792919,51.85,75
1719895794143,51.9,75
1719895794244,52.15,150
1719895795257,52.15,250
1719895795257,52.15,250
1719895795858,52.25,25
1719895796326,52.15,50
1719895797108,52.0,50
1719895797810,51.95,25
1719895798273,52.1,25
1719895798932,52.0,25
1719895799127,51.75,300
1719895800080,51.75,25
1719895800799,51.55,50
1719895801089,51.5,25
1719895801548,51.45,200
1719895801639,51.35,25
1719895802364,51.5,300
1719895803082,51.4,50
1719895803542,51.35,25
1719895804119,51.9,225
1719895804649,51.7,50
1719895804996,51.8,25
1719895806008,51.75,50
1719895807057,51.95,75
1719895807305,51.9,50
1719895808014,51.7,25
1719895808560,51.75,25
1719895809136,51.6,25
1719895809785,51.65,25
1719895810126,51.8,50
1719895811339,51.5,125
1719895811339,51.5,125
1719895811941,51.5,100
1719895812538,51.5,25
1719895813002,51.55,25
1719895813390,51.5,400
1719895813971,51.55,25
1719895814524,51.6,25
1719895815006,51.4,25
1719895815572,51.45,25
1719895816292,51.75,25
1719895816991,51.65,25
1719895818109,52.1,250
1719895819039,52.0,25
1719895819545,52.15,50
1719895820332,52.3,200
1719895820981,52.2,25
1719895821087,52.15,25
1719895821942,52.25,75
1719895821997,52.15,50
1719895823119,52.5,25
1719895823212,52.4,200
1719895824217,52.7,25
1719895824713,52.5,325
1719895825033,52.2,25
1719895826136,52.05,200
1719895826380,52.15,100
1719895826807,52.0,150
1719895827831,51.7,25
1719895828280,51.95,150
1719895829141,51.85,25
1719895829166,51.85,25
1719895829934,51.85,25
1719895830382,51.85,25
1719895830868,51.7,25
1719895831086,51.8,400
1719895831436,51.75,25
1719895832085,51.75,50
1719895832085,51.75,50
1719895833067,51.6,25
1719895833542,51.85,25
1719895834070,51.85,50
1719895835339,51.85,25
1719895835339,51.85,25
1719895835942,52.1,25
1719895836551,52.1,25
1719895837118,52.05,25
1719895838019,51.85,25
1719895839139,52.1,150
1719895839220,52.1,25
1719895840133,51.75,50
1719895840578,51.7,25
1719895841005,51.7,50
1719895841739,52.25,25
1719895842339,52.35,25
1719895842806,52.2,225
1719895843154,52.3,150
1719895844009,52.35,25
1719895845206,52.25,25
1719895846157,52.3,25
1719895846571,52.5,100
1719895847082,52.45,50
1719895847823,52.4,25
1719895848200,52.4,25
1719895849435,52.3,25
1719895849610,52.2,250
1719895850969,52.15,25
1719895852431,52.0,25
1719895853044,52.15,75
1719895853397,52.1,50
1719895854144,52.3,50
1719895854568,52.2,50
1719895855043,52.1,425
1719895856010,52.25,50
1719895856010,52.25,50
1719895856926,52.4,25
1719895857318,52.45,25
1719895858157,52.15,225
1719895858356,52.35,200
1719895859362,52.2,175
1719895859592,52.35,50
1719895860039,52.4,25
1719895860592,52.4,100
1719895860716,52.45,275
1719895861187,52.7,150
1719895862050,52.7,25
1719895862179,52.8,125
1719895863157,52.75,25
1719895863441,52.7,50
1719895895750,52.55,25
1719895896341,52.35,25
1719895897258,52.55,200
1719895898089,52.45,50
1719895898368,52.35,25
1719895899183,52.2,25
1719895899667,52.3,25
1719895900175,52.6,25
1719895900629,52.45,100
1719895901189,52.55,25
1719895902144,52.55,100
1719895902263,52.4,100
1719895903205,52.05,25
1719895903277,52.05,50
1719895904173,52.1,50
1719895904340,52.0,250
1719895911180,53.0,25
1719895911180,53.0,25
1719895912150,52.85,75
1719895912462,53.0,200
1719895913055,53.25,50
1719895913511,53.15,25
1719895914290,53.25,125
1719895914626,53.2,100
1719895914934,53.35,25
1719895915593,53.1,25
1719895916097,53.3,75
1719895916813,53.0,25
1719895916813,53.0,25
1719895917781,53.0,75
1719895918392,53.05,400
1719895918699,52.95,25
1719895919068,52.8,25
1719895920089,52.8,25
1719895920529,52.65,25
1719895921194,52.5,275
1719895921293,52.65,25
1719895922192,52.7,175
1719895922547,52.7,25
1719895923469,52.95,25
1719895923817,52.9,50
1719895924434,53.0,25
1719895925162,53.25,200
1719895925562,53.35,500
1719895926205,53.35,25
1719895926735,53.5,250
1719895927158,53.45,100
1719895927950,53.45,25
1719895928387,53.5,25
1719895929013,53.3,25
1719895929294,53.25,25
1719895930192,53.4,150
1719895930532,53.35,25
1719895931377,53.35,25
1719895931570,53.2,200
1719895932221,53.5,25
1719895932732,53.5,75
1719895933006,53.45,75
1719895933743,53.4,25
1719895934162,53.55,50
1719895934743,53.6,25
1719895935413,53.85,50
1719895935720,53.75,50
1719895936201,53.75,25
1719895936940,53.9,25
1719895937066,53.85,150
1719895937836,53.8,50
1719895938281,53.7,75
1719895939414,53.8,25
1719895940192,53.7,25
1719895940499,53.75,75
1719895941072,53.45,125
1719895941570,53.6,150
1719895942105,53.45,75
1719895942570,53.5,25
1719895943366,53.45,25
1719895943712,53.55,25
1719895944227,53.6,25
1719895944256,53.6,50
1719895945209,53.75,25
1719895945418,53.9,25
1719895946077,53.65,25
1719895947120,53.85,25
1719895947264,53.9,150
1719895948200,54.05,250
1719895948375,54.2,25
1719895948953,54.2,75
1719895949374,54.2,25
1719895950406,54.8,25
1719895950842,55.25,25
1719895950969,55.2,25
1719895951162,55.15,25
1719895952234,55.35,25
1719895952734,55.6,25
1719895953382,55.7,150
1719895954197,55.5,75
1719895954400,55.65,25
1719895955224,55.45,25
1719895955782,54.9,50
1719895956434,55.1,25
1719895957171,55.2,225
1719895958366,55.3,50
1719895958449,55.15,25
1719895959210,54.8,25
1719895959784,55.0,50
1719895960236,54.55,25
1719895961337,54.3,25
1719895962167,54.5,50
1719895962721,54.65,75
1719895963138,54.65,50
1719895964205,54.8,25
1719895964418,54.8,150
1719895965104,54.9,25
1719895965392,55.05,50
1719895966196,55.2,25
1719895966762,55.25,25
1719895967107,55.2,50
1719895968024,55.1,25
1719895968299,55.05,50
1719895969218,55.15,25
1719895969413,55.15,25
1719895970178,55.05,25
1719895970777,55.2,25
1719895971200,54.95,50
1719895972044,54.75,25
1719895972336,54.9,25
1719895973214,54.5,25
1719895973609,54.5,50
1719895974190,54.3,25
1719895974833,54.35,75
1719895975232,54.4,50
1719895976153,54.65,25
1719895976618,54.9,175
1719895977430,54.85,50
1719895977621,54.75,50
1719895978252,55.0,25
1719895994430,55.1,25
1719895995251,55.05,25
1719895996196,54.95,25
1719895996619,54.95,25
1719895997075,54.8,25
1719895997764,54.85,25
1719895998256,54.7,75
1719895998860,54.35,25
1719895999132,54.4,200
1719895999945,54.35,25
1719896000130,54.35,25
1719896006125,54.65,25
1719896006892,54.7,25
1719896007434,54.75,125
1719896007862,54.65,50
1719896007993,54.7,25
1719896008225,54.35,25
1719896008886,54.5,25
1719896009225,54.5,25
1719896010438,54.3,50
1719896010786,54.35,25
1719896011230,54.45,50
1719896011878,54.3,25
1719896012128,54.25,25
1719896012722,54.3,75
1719896013467,54.2,25
1719896014193,54.4,25
1719896015199,54.35,75
1719896015409,54.55,25
1719896016472,54.6,25
1719896016698,54.75,175
1719896017110,54.4,100
1719896017680,54.35,75
1719896018155,54.3,25
1719896018911,54.4,800
1719896019128,54.5,25
1719896020291,54.4,125
1719896020315,54.4,25
1719896020934,54.5,25
1719896021500,54.4,25
1719896022036,54.3,50
1719896022678,54.6,75
1719896023132,55.05,25
1719896023724,54.9,25
1719896024437,55.2,25
1719896024553,55.25,125
1719896025284,55.2,75
1719896041329,54.8,50
1719896041863,54.75,25
1719896042257,54.7,25
1719896053217,54.1,25
1719896053358,53.95,25
1719896054241,54.15,25
1719896054956,54.15,25
1719896055258,54.0,25
1719896056338,53.55,50
1719896057172,53.5,25
1719896057712,53.85,25
1719896058200,53.7,225
1719896058704,53.7,25
1719896059376,53.4,25
1719896059751,53.55,25
1719896059751,53.55,25
1719896061298,53.7,25
1719896061513,53.7,25
1719896062294,53.45,25
1719896062603,53.3,25
1719896063196,53.55,25
1719896063775,53.7,25
1719896064232,53.65,50
1719896064696,53.5,175
1719896065202,53.2,25
1719896065638,53.05,25
1719896070079,53.0,25
1719896070277,53.2,175
1719896070803,53.35,75
1719896071408,53.4,25
1719896072309,53.35,25
1719896072309,53.35,25
1719896072929,53.3,50
1719896073597,53.45,200
1719896074301,53.55,150
1719896074504,53.45,25
1719896074987,53.15,50
1719896075804,53.0,25
1719896076502,52.8,25
1719896076502,52.8,25
1719896077210,52.95,25
1719896077391,52.9,25
1719896078156,53.05,25
1719896078965,52.95,25
1719896079313,53.15,25
1719896080170,53.05,25
1719896080170,53.05,25
1719896080736,53.15,25
1719896080736,53.15,25
1719896082315,52.9,50
1719896082495,53.0,25
1719896083282,52.95,50
1719896083817,53.1,25
1719896084027,53.0,25
1719896084873,52.85,25
1719896085289,53.1,150
1719896085452,52.95,25
1719896085452,52.95,25
1719896085452,52.95,25
1719896087090,52.5,25
1719896088260,52.35,100
1719896088260,52.35,100
1719896089402,52.45,100
1719896089402,52.45,100
1719896090323,51.9,100
1719896090829,51.95,25
1719896091326,51.95,50
1719896091797,52.2,50
1719896092224,52.3,25
1719896092822,52.6,25
1719896093200,52.6,50
1719896093762,52.6,25
1719896094490,52.7,25
1719896094818,52.8,25
1719896095319,52.85,175
1719896096304,53.2,25
1719896096397,53.3,25
1719896096996,53.3,75
1719896097999,53.15,25
1719896098296,53.25,25
1719896099179,53.1,25
1719896099179,53.1,25
1719896100245,52.75,25
1719896100593,52.9,125
1719896100849,52.85,25
1719896101437,52.85,50
1719896102227,53.0,300
1719896102739,52.9,25
1719896103296,52.9,50
1719896103750,53.15,75
1719896104070,53.25,25
1719896104070,53.25,25
1719896105253,53.6,25
1719896105253,53.6,25
1719896106522,53.2,25
1719896107272,53.15,25
1719896107614,53.1,25
1719896108003,52.7,50
1719896108738,52.7,25
1719896109321,52.6,25
1719896109800,52.85,50
1719896110322,52.85,50
1719896110842,52.95,25
1719896111267,52.9,100
1719896111835,52.9,25
1719896112464,53.0,25
1719896113022,53.25,100
1719896113292,53.25,25
1719896114299,53.3,100
1719896115175,53.3,200
1719896115409,53.25,100
1719896116301,53.3,25
1719896116671,53.35,25
1719896117025,53.3,25
1719896117602,53.3,100
1719896118479,53.45,25
1719896118614,53.4,75
1719896119211,53.5,25
1719896119913,53.55,200
1719896119913,53.55,200
1719896121253,53.55,100
1719896122221,53.35,75
1719896122362,53.35,100
1719896156688,54.65,75
1719896157137,54.8,25
1719896157833,55.0,25
1719896158126,54.95,50
1719896158923,55.0,25
1719896159499,55.0,25
1719896160247,55.4,25
1719896160458,55.55,25
1719896160851,55.75,50
1719896161368,56.0,25
1719896162076,55.95,25
1719896162364,55.65,50
1719896163360,55.6,25
1719896163658,55.55,350
1719896164570,55.75,50
1719896164851,55.8,25
1719896165280,55.9,50
1719896165932,55.6,25
1719896166294,55.7,50
1719896167327,55.85,125
1719896168166,55.8,25
1719896221986,54.2,25
1719896222340,54.25,50
1719896223003,54.05,50
1719896223245,54.1,50
1719896223885,54.35,25
1719896224373,54.25,75
1719896225026,54.3,25
1719896225576,54.25,25
1719896226205,54.35,150
1719896226205,54.35,150
1719896227191,53.7,75
1719896227403,53.7,150
1719896228386,53.75,25
1719896228547,53.7,100
1719896229196,53.8,25
1719896229696,53.8,125
1719896230416,54.0,25
1719896231034,53.95,25
1719896231194,53.75,50
1719896232031,53.5,25
1719896232230,53.25,25
1719896232989,53.35,25
1719896233290,53.2,25
1719896234036,53.2,25
1719896234409,53.15,25
1719896235388,53.05,225
1719896235642,53.0,25
1719896236379,53.15,25
1719896236807,53.0,25
1719896237414,53.05,75
1719896237982,53.3,175
1719896238366,52.6,25
1719896239020,52.75,50
1719896239395,52.45,225
1719896240054,52.65,50
1719896240583,52.75,25
1719896241394,52.5,50
1719896242431,52.4,25
1719896242431,52.4,25
1719896243370,52.6,25
1719896243512,52.5,50
1719896243919,52.7,25
1719896244830,52.85,25
1719896245356,53.15,25
1719896246036,53.05,250
1719896246428,53.05,25
1719896247017,53.1,25
1719896247363,52.95,25
1719896247776,53.0,25
1719896248064,52.95,250
1719896249232,53.0,300
1719896249296,53.0,25
1719896250271,52.9,100
1719896250426,52.85,125
1719896250651,52.8,25
1719896251242,52.55,200
1719896251242,52.55,200
1719896252391,52.3,50
1719896253094,52.4,50
1719896253633,52.15,25
1719896253934,52.2,150
1719896254627,52.35,75
1719896255272,52.65,25
1719896255844,52.5,25
1719896256096,52.45,25
1719896256096,52.45,25
1719896257413,52.6,100
1719896257861,52.65,25
1719896258429,52.3,25
1719896258883,52.2,50
1719896259388,52.35,100
1719896259890,52.3,50
1719896260434,52.65,25
1719896260867,52.5,25
1719896261371,52.55,25
1719896261943,52.35,25
1719896262287,52.4,25
1719896262874,52.3,25
1719896262874,52.3,25
1719896263465,52.2,75
1719896264341,52.5,200
1719896264679,52.5,125
1719896265632,52.75,25
1719896266004,53.0,25
1719896266373,53.05,50
1719896266872,53.3,25
1719896267317,53.5,25
1719896268393,53.4,75
1719896269133,53.55,25
1719896269133,53.55,25
1719896270211,53.6,275
1719896270337,53.8,25
1719896271208,53.5,25
1719896272507,53.2,25
1719896272507,53.2,25
1719896273366,52.6,25
1719896274278,52.6,25
1719896274278,52.6,25
1719896275399,52.35,25
1719896275399,52.35,25
1719896275959,52.45,50
1719896275959,52.45,50
1719896277481,52.5,50
1719896277775,52.45,25
1719896278361,52.35,225
1719896278877,52.5,75
1719896279189,52.45,175
1719896279792,52.6,25
1719896280389,52.55,75
1719896280707,52.45,375
1719896281436,52.25,50
1719896282106,52.15,775
1719896282361,52.25,25
1719896283085,52.2,25
1719896283428,52.25,100
1719896284096,52.35,25
1719896284139,52.5,175
1719896285076,52.65,25
1719896285076,52.65,25
1719896286321,52.7,75
1719896286321,52.7,75
1719896287273,52.9,50
1719896287511,52.65,25
1719896288690,52.45,25
1719896289070,52.3,25
1719896289753,52.45,25
1719896290315,52.35,25
1719896290850,52.3,200
1719896291327,52.4,25
1719896291967,52.5,25
1719896292421,52.4,100
1719896292637,52.3,25
1719896293376,52.5,50
1719896294313,52.6,225
1719896294313,52.6,225
1719896294313,52.6,225
1719896295375,52.35,25
1719896295901,52.15,225
1719896296120,52.25,25
1719896297334,52.4,25
1719896297600,52.5,25
1719896298318,52.55,150
1719896298450,52.5,25
1719896299542,52.25,25
1719896300166,52.2,50
1719896300664,52.3,100
1719896300847,52.35,25
1719896301745,52.3,100
1719896302451,51.85,25
1719896302888,51.95,50
1719896303013,52.05,25
1719896304167,51.9,25
1719896304426,51.9,25
1719896305135,52.05,25
1719896305446,51.85,25
1719896306452,51.85,25
1719896307639,51.5,25
1719896307689,51.35,25
1719896308406,51.15,25
1719896309376,51.15,50
1719896310484,51.05,75
1719896310806,51.2,75
1719896311567,51.2,25
1719896311912,51.1,425
1719896312414,50.95,25
1719896313180,51.25,50
1719896313439,51.4,200
1719896314180,51.25,25
1719896314295,51.25,50
1719896315093,51.2,225
1719896315628,51.2,25
1719896316157,51.25,25
1719896316472,51.0,50
1719896317371,51.2,25
1719896317371,51.2,25
1719896318262,51.3,25
1719896318746,51.5,50
1719896319575,51.6,25
1719896319937,51.55,125
1719896320437,51.55,25
1719896320956,51.7,25
1719896321479,51.8,25
1719896322048,51.5,25
1719896322201,51.55,25
1719896322798,51.6,25
1719896323312,51.55,50
1719896324168,51.45,25
1719896324437,51.35,25
1719896325161,51.1,25
1719896325323,51.1,150
1719896326238,51.35,50
1719896326636,51.3,50
1719896327475,51.3,25
1719896328412,51.25,25
1719896329327,51.4,25
1719896330754,51.25,50
1719896331255,51.35,150
1719896331619,51.3,25
1719896332363,51.25,25
1719896333208,51.2,25
1719896333436,51.3,25
1719896334248,51.25,25
1719896334248,51.25,25
1719896335348,51.0,75
1719896335566,51.0,400
1719896336247,51.05,100
1719896337368,50.9,325
1719896337586,51.05,25
1719896338468,50.7,50
1719896338653,50.75,25
1719896339469,50.95,50
1719896340141,51.2,25
1719896340389,51.25,25
1719896340821,51.3,25
1719896341223,51.1,250
1719896341640,50.95,50
1719896342460,51.0,25
1719896343356,51.1,25
1719896344403,51.0,50
1719896344403,51.0,50
1719896345448,51.05,200
1719896346490,50.8,25
1719896346816,50.7,50
1719896347545,50.85,25
1719896347771,51.0,125
1719896348429,50.75,25
1719896348873,50.75,25
1719896349449,50.6,25
1719896350382,50.7,325
1719896350440,50.7,25
1719896351669,50.75,25
1719896351992,50.9,75
1719896351992,50.9,75
1719896353438,50.65,25
1719896353472,50.75,25
1719896354180,50.75,100
1719896354480,50.5,25
1719896355453,50.8,150
1719896356492,50.15,75
1719896356599,50.15,25
1719896357668,49.95,25
1719896358133,50.1,25
1719896358439,50.2,25
1719896359199,50.3,25
1719896359481,50.45,75
1719896360473,50.35,25
1719896360473,50.35,25
1719896361660,50.0,300
1719896361784,50.1,50
1719896362368,50.1,25
1719896363257,49.5,50
1719896363432,49.65,25
1719896364395,49.8,25
1719896364593,49.85,75
1719896365629,49.8,25
1719896365813,49.6,25
1719896366358,49.7,75
1719896367251,49.9,25
1719896367470,49.9,75
1719896368438,49.85,50
1719896369644,49.95,25
1719896370462,49.95,600
1719896370824,49.9,200
1719896371125,49.8,350
1719896371324,49.8,25
1719896372259,50.05,25
1719896372479,50.0,75
1719896373478,50.05,25
1719896374505,50.45,75
1719896375452,50.45,100
1719896376356,50.4,25
1719896377641,50.7,600
1719896377766,50.95,275
1719896377936,50.7,50
1719896379284,51.0,25
1719896379424,51.0,25
1719896380454,51.45,25
1719896381435,51.4,125
1719896381707,51.65,100
1719896382407,51.55,125
1719896382954,51.45,75
1719896383331,51.4,50
1719896384314,51.4,25
1719896385263,51.3,25
1719896386190,51.2,25
1719896386556,51.15,25
1719896387495,51.1,25
1719896387855,51.3,75
1719896388487,51.4,375
1719896389018,51.55,25
1719896389384,51.5,175
1719896390478,51.6,25
1719896390713,51.55,250
1719896391350,51.35,50
1719896391350,51.35,50
1719896392454,51.35,150
1719896392976,51.2,100
1719896393387,51.35,150
1719896393831,51.45,225
1719896394468,51.45,25
1719896394805,51.45,25
1719896395611,51.7,25
1719896396200,51.6,25
1719896396200,51.6,25
1719896397414,51.6,200
1719896398470,51.55,25
1719896399353,51.55,25
1719896399670,51.35,25
1719896400382,51.35,25
1719896400908,51.4,50
1719896401659,51.5,25
1719896402214,51.55,25
1719896402378,51.5,25
1719896403406,51.25,125
1719896403838,51.05,50
1719896404658,50.95,100
1719896405103,50.75,25
1719896405519,51.05,25
1719896406271,51.0,25
1719896406484,51.0,25
1719896407452,51.45,25
1719896408498,51.15,100
1719896408690,51.15,25
1719896409621,50.95,25
1719896409895,51.05,50
1719896410415,51.0,25
1719896411467,51.0,50
1719896412734,51.15,100
1719896413185,51.05,25
1719896414082,51.0,75
1719896414497,50.85,25
1719896415338,50.65,50
1719896415681,50.35,75
1719896416330,50.25,25
1719896416931,50.25,25
1719896417485,50.45,50
1719896418455,50.65,25
1719896419225,50.7,50
1719896419225,50.7,50
1719896420299,50.9,25
1719896421391,50.85,100
1719896422114,50.9,25
1719896422295,51.0,25
1719896423500,51.1,50
1719896424529,51.4,50
1719896424529,51.4,50
1719896425116,51.3,150
1719896425928,51.45,100
1719896426640,51.4,25
1719896427070,51.45,75
1719896427490,51.35,50
1719896427850,51.3,100
1719896428429,51.35,25
1719896429480,50.9,150
1719896430436,51.05,25
1719896431422,50.9,150
1719896432561,51.0,500
1719896432685,51.1,25
1719896433549,51.15,25
1719896434366,51.3,25
1719896434366,51.3,25
1719896435539,51.3,25
1719896436047,51.3,50
1719896436183,51.5,425
1719896437024,51.45,25
1719896437342,51.45,25
1719896437958,51.5,500
1719896438284,51.35,25
1719896439198,51.6,25
1719896439198,51.6,25
1719896440162,51.55,75
1719896440517,51.4,25
1719896441500,51.8,75
1719896441955,51.85,125
1719896442334,52.0,25
1719896452501,52.3,75
1719896452992,52.35,25
1719896453539,52.1,25
1719896454141,52.1,25
1719896454532,52.1,125
1719896455082,52.3,200
1719896455082,52.3,200
1719896456245,52.25,25
1719896456245,52.25,25
1719896457305,52.35,50
1719896462188,52.5,25
1719896462483,52.6,25
1719896463082,52.5,150
1719896464301,52.5,100
1719896464502,52.5,25
1719896465608,52.4,75
1719896466292,52.25,25
1719896467501,52.65,25
1719896467501,52.65,25
1719896468502,52.65,25
1719896469571,52.7,50
1719896470517,52.65,25
1719896470517,52.65,25
1719896471331,52.5,100
1719896472159,52.55,100
1719896472592,52.55,50
1719896473404,52.35,50
1719896473504,52.4,25
1719896474427,52.65,25
1719896475621,52.2,25
1719896476520,52.45,50
1719896476520,52.45,50
1719896477233,52.65,25
1719896478509,52.65,25
1719896479548,52.65,25
1719896479992,52.75,50
1719896480505,53.1,25
1719896481523,53.25,25
1719896482285,53.4,50
1719896482771,53.1,225
1719896483439,53.0,25
1719896483523,53.1,50
1719896484338,53.15,50
1719896484541,53.0,100
1719896484876,53.15,50
1719896485475,53.0,50
1719896485924,53.0,50
1719896486340,53.1,50
1719896493484,52.85,125
1719896494551,52.9,25
1719896494551,52.9,25
1719896494551,52.9,25
1719896495545,53.0,250
1719896495787,53.0,25
1719896496559,52.8,25
1719896497458,53.35,200
1719896497690,53.35,25
1719896498629,53.4,50
1719896499445,53.4,50
1719896500594,53.05,25
1719896500594,53.05,25
1719896501519,52.85,350
1719896501786,52.9,25
1719896502450,53.0,25
1719896503061,52.95,150
1719896503564,52.95,25
1719896504118,52.9,25
1719896504569,53.0,25
1719896505524,52.8,50
1719896506519,52.85,450
1719896506613,52.75,25
1719896507503,52.95,75
1719896508575,52.85,25
1719896508575,52.85,25
1719896509543,53.0,250
1719896510060,53.0,250
1719896510415,53.0,25
1719896510815,53.0,25
1719896511611,52.6,25
1719896512259,52.6,25
1719896512381,52.65,25
1719896513415,52.5,150
1719896513509,52.65,25
1719896514355,52.55,25
1719896514355,52.55,25
1719896515854,52.6,50
1719896516289,52.75,50
1719896516761,52.7,50
1719896534484,52.75,25
1719896535448,52.9,25
1719896535448,52.9,25
1719896536594,52.75,25
1719896536748,52.7,125
1719896536748,52.7,125
1719896538427,53.0,25
1719896538744,53.1,25
1719896539411,52.95,25
1719896540290,52.7,25
1719896540654,52.75,25
1719896541676,52.75,25
1719896542597,52.35,25
1719896542935,52.25,25
1719896543501,52.3,25
1719896544302,51.9,25
1719896544483,51.75,75
1719896544626,52.0,100
1719896545598,52.05,25
1719896546468,51.9,25
1719896546468,51.9,25
1719896547431,52.2,25
1719896548580,52.15,25
1719896548580,52.15,25
1719896549390,52.25,25
1719896550518,52.15,75
1719896550783,52.0,100
1719896551570,51.9,25
1719896551906,51.85,25
1719896552569,51.8,125
1719896553206,52.0,25
1719896553546,52.1,25
1719896553974,51.9,50
1719896554604,51.85,75
1719896554943,51.8,50
1719896555554,52.0,25
1719896556204,51.5,25
1719896556204,51.5,25
1719896556981,51.65,25
1719896557451,51.9,250
1719896557717,51.75,50
1719896558371,51.7,50
1719896559477,51.85,25
1719896559801,51.85,25
1719896560655,51.3,400
1719896561487,51.5,225
1719896562588,51.4,50
1719896562588,51.4,50
1719896563688,51.2,150
1719896564553,51.35,75
1719896564553,51.35,75
1719896565584,51.95,175
1719896565734,51.7,25
1719896566533,51.65,25
1719896566951,51.7,25
1719896567530,51.7,25
1719896568343,51.7,25
1719896568405,51.7,25
1719896569178,51.75,50
1719896569178,51.75,50
1719896570101,51.7,250
1719896570405,51.85,225
1719896571153,51.9,25
1719896571153,51.9,25
1719896572686,51.55,25
1719896572913,51.4,150
1719896573289,51.45,25
1719896574009,51.45,50
1719896574619,51.6,25
1719896575243,51.5,25
1719896575492,51.65,25
1719896576109,51.55,50
1719896576398,51.65,25
1719896577497,51.55,25
1719896578200,51.65,50
1719896578200,51.65,50
1719896578798,51.6,25
1719896578798,51.6,25
1719896580592,51.25,75
1719896580690,51.25,25
1719896581532,51.3,50
1719896581532,51.3,50
1719896582590,50.9,25
1719896582702,50.95,50
1719896582955,50.9,25
1719896583205,51.05,25
1719896584368,51.1,25
1719896584616,51.1,25
1719896585001,51.0,25
1719896585464,51.0,100
1719896586289,51.3,125
1719896586289,51.3,125
1719896587313,51.1,25
1719896587648,51.05,25
1719896588354,50.85,25
1719896588354,50.85,25
1719896589340,51.05,125
1719896589615,50.9,25
1719896589615,50.9,25
1719896590636,50.85,275
1719896591249,50.85,225
1719896591608,50.7,100
1719896592171,50.7,25
1719896592618,50.75,75
1719896593330,50.7,25
1719896593608,50.65,50
1719896594182,50.65,100
1719896594426,50.6,25
1719896595627,50.6,75
1719896596067,50.5,25
1719896596619,50.6,25
1719896597356,50.55,200
1719896597410,50.65,25
1719896598498,50.45,25
1719896599205,50.3,25
1719896599625,50.4,150
1719896600336,50.55,25
1719896600731,50.45,25
1719896601378,50.3,25
1719896601540,50.4,25
1719896602370,50.5,25
1719896602637,50.55,150
1719896603381,50.5,75
1719896603381,50.5,75
1719896604379,50.3,75
1719896604543,50.25,25
1719896605559,50.3,25
1719896605628,50.45,25
1719896606598,50.5,25
1719896607551,50.65,25
1719896607551,50.65,25
1719896607551,50.65,25
1719896608021,50.45,100
1719896609397,50.7,25
1719896609434,50.65,50
1719896610639,50.8,25
1719896610639,50.8,25
1719896611648,51.0,25
1719896611648,51.0,25
1719896612246,50.85,25
1719896612246,50.85,25
1719896613555,51.15,200
1719896614569,50.55,25
1719896614765,50.4,50
1719896614765,50.4,50
1719896614765,50.4,50
1719896616400,50.3,100
1719896616615,50.4,25
1719896617630,50.45,75
1719896618111,50.55,25
1719896618111,50.55,25
1719896619373,50.3,100
1719896620490,50.5,25
1719896620862,50.55,25
1719896621558,50.7,25
1719896622208,50.75,50
1719896622522,50.75,25
1719896623068,50.7,50
1719896623068,50.7,50
1719896624591,50.8,100
1719896624591,50.8,100
1719896625541,51.0,900
1719896625823,50.8,25
1719896626333,51.25,100
1719896626690,51.5,25
1719896627437,51.2,50
1719896628205,51.4,25
1719896628546,51.25,25
1719896629084,51.2,100
1719896629084,51.2,100
1719896630584,51.15,25
1719896630791,51.15,25
1719896631596,51.1,50
1719896631756,51.05,75
1719896632494,51.15,175
1719896632986,51.25,25
1719896632986,51.25,25
1719896634637,51.2,25
1719896635612,51.0,50
1719896636638,50.9,100
1719896636638,50.9,100
1719896637575,51.05,25
1719896637776,51.15,25
1719896638473,51.05,25
1719896638839,51.05,25
1719896639676,51.1,50
1719896658149,52.0,125
1719896658149,52.0,125
1719896659202,52.1,300
1719896659654,52.2,25
1719896660682,52.15,25
1719896661520,52.35,25
1719896662642,52.0,100
1719896662742,52.05,25
1719896663617,51.85,25
1719896663826,51.85,25
1719896663901,51.65,625
1719896664646,51.8,25
1719896664969,51.95,25
1719896665528,52.05,75
1719896665895,52.1,25
1719896666503,52.1,25
1719896666894,52.0,25
1719896667667,51.95,25
1719896668446,51.85,50
1719896668446,51.85,50
1719896669372,52.0,25
1719896670599,52.15,25
1719896670599,52.15,25
1719896671043,52.1,25
1719896671648,52.25,250
1719896672464,52.25,125
1719896672464,52.25,125
1719896673191,52.15,25
1719896674599,51.95,25
1719896675708,52.1,25
1719896676629,51.8,25
1719896676708,51.85,25
1719896676708,51.85,25
1719896677655,51.9,25
1719896677655,51.9,25
1719896678883,51.95,100
1719896678883,51.95,100
1719896680526,52.0,25
1719896680688,52.25,25
1719896681713,52.2,150
1719896682442,51.95,75
1719896682442,51.95,75
1719896683440,51.9,50
1719896683440,51.9,50
1719896684417,52.05,75
1719896685692,52.0,25
1719896685742,51.9,25
1719896685742,51.9,25
1719896686413,51.95,25
1719896687043,52.2,125
1719896687237,52.25,25
1719896688262,52.25,25
1719896688417,52.1,25
1719896689062,52.15,50
1719896689843,52.25,50
1719896689843,52.25,50
1719896690702,52.25,25
1719896691641,52.35,25
1719896692445,52.3,50
1719896692445,52.3,50
1719896693713,52.4,100
1719896693713,52.4,100
1719896694427,52.2,25
1719896694427,52.2,25
1719896695348,52.35,25
1719896695674,52.2,150
1719896696690,52.15,75
1719896697484,52.25,75
1719896697484,52.25,75
1719896698434,52.1,150
1719896698834,52.15,25
1719896699084,52.3,75
1719896699438,52.2,25
1719896700151,52.1,225
1719896700641,52.5,75
1719896700868,52.55,25
1719896701693,52.6,50
1719896701724,52.6,25
1719896702623,52.8,25
1719896703702,52.95,25
1719896703826,52.9,25
1719896704526,52.9,100
1719896704526,52.9,100
1719896705655,53.0,150
1719896706356,52.95,25
1719896706648,52.9,25
1719896707519,52.85,25
1719896707519,52.85,25
1719896708561,52.7,50
1719896708561,52.7,50
1719896709664,52.5,50
1719896709928,52.7,50
1719896710707,52.6,25
1719896710707,52.6,25
1719896711586,52.6,25
1719896712176,52.65,25
1719896712539,52.85,25
1719896713004,52.7,25
1719896713704,52.75,25
1719896714164,52.8,25
1719896714708,52.7,50
1719896715102,52.85,50
1719896715651,52.9,50
1719896716366,52.85,75
1719896716366,52.85,75
1719896717738,52.95,25
1719896718744,53.05,25
1719896719647,53.25,100
1719896719647,53.25,100
1719896720657,53.4,25
1719896721255,53.3,200
1719896721640,53.2,25
1719896722581,52.85,25
1719896722907,52.9,50
1719896723244,52.9,50
1719896723667,52.8,150
1719896724666,52.9,25
1719896725445,53.1,25
1719896725756,53.15,25
1719896726708,53.25,200
1719896726948,53.25,25
1719896727341,53.4,300
1719896727341,53.4,300
1719896728243,53.3,50
1719896728693,53.3,25
1719896729278,53.3,150
1719896729726,53.4,225
1719896730753,53.45,25
1719896730753,53.45,25
1719896731703,53.3,25
1719896731810,53.4,25
1719896732721,53.35,25
1719896732829,53.2,250
1719896733747,53.35,250
1719896734801,53.2,75
1719896735344,53.25,50
1719896735548,53.25,25
1719896736157,53.3,275
1719896736157,53.3,275
1719896737702,53.45,50
1719896738198,53.25,25
1719896738730,53.5,25
1719896739558,53.55,50
1719896739703,53.45,25
1719896740657,53.55,75
1719896741693,53.85,50
1719896741771,53.7,100
1719896742332,53.8,25
1719896743022,54.1,25
1719896743704,54.2,50
1719896744115,54.05,250
1719896744924,54.0,25
1719896745593,53.85,25
1719896745593,53.85,25
1719896746713,53.85,25
1719896746914,53.75,50
1719896747711,53.75,50
1719896747711,53.75,50
1719896748896,54.0,50
1719896749039,53.95,25
1719896749505,54.05,25
1719896750153,54.15,25
1719896750721,54.15,25
1719896751555,54.05,25
1719896751555,54.05,25
1719896752708,54.05,25
1719896752784,54.15,50
1719896753580,54.25,25
1719896753580,54.25,25
1719896754613,54.05,25
1719896754856,54.05,25
1719896755357,54.1,75
1719896756018,53.8,50
1719896756591,54.0,250
1719896757361,53.9,25
1719896757666,54.1,25
1719896758818,54.1,25
1719896759544,54.0,25
1719896759774,54.1,25
1719896760653,54.25,25
1719896760724,54.3,300
1719896760785,54.15,50
1719896761150,54.3,25
1719896761464,54.1,25
1719896762626,54.05,25
1719896763326,54.05,25
1719896763599,54.05,75
1719896764694,54.05,25
1719896765689,54.15,25
1719896765689,54.15,25
1719896766709,54.0,100
1719896766975,54.1,25
1719896767794,54.2,50
1719896768644,54.05,25
1719896769712,54.3,150
1719896770028,54.4,25
1719896770255,54.35,25
1719896770619,54.35,75
1719896771381,54.4,25
1719896771632,54.45,50
1719896772312,54.3,200
1719896772744,54.4,25
1719896773752,54.85,25
1719896773886,54.75,175
1719896774538,54.7,25
1719896774946,54.65,25
1719896776564,54.7,25
1719896777226,54.55,75
1719896777466,54.6,75
1719896778399,54.3,25
1719896778633,54.5,125
1719896779726,54.6,25
1719896780739,54.25,25
1719896780860,54.4,125
1719896781950,53.75,25
1719896782750,53.35,175
1719896783079,53.45,125
1719896783720,53.25,50
1719896784003,53.25,50
1719896784149,53.25,25
1719896784777,53.3,50
1719896785281,53.3,25
1719896785517,53.45,25
1719896786367,53.35,50
1719896786563,53.45,25
1719896787736,53.5,25
1719896788853,53.65,300
1719896789520,53.75,50
1719896789880,53.8,50
1719896790771,53.5,150
1719896790782,53.5,25
1719896790973,53.5,25
1719896791884,53.1,75
1719896792712,53.15,50
1719896793023,53.3,25
1719896793170,53.15,25
1719896793594,53.1,25
1719896794382,52.85,25
1719896794673,52.7,150
1719896795439,52.65,125
1719896795968,52.45,50
1719896796177,52.6,25
1719896796718,52.7,25
1719896797712,52.7,25
1719896797712,52.7,25
1719896798656,52.7,75
1719896799702,52.95,25
1719896800685,52.75,25
1719896800751,52.7,25
1719896801561,52.75,25
1719896802581,52.7,100
1719896802902,52.55,25
1719896803563,52.45,25
1719896803901,52.45,125
1719896804754,52.4,100
1719896804938,52.7,25
1719896805722,52.85,25
1719896806071,52.85,50
1719896806511,53.1,25
1719896807042,52.95,50
1719896807270,52.95,25
1719896807270,52.95,25
1719896808474,53.0,50
1719896809299,53.4,100
1719896809778,53.4,25
1719896810458,53.5,150
1719896810563,53.45,25
1719896811252,53.75,25
1719896811631,53.7,25
1719896812507,53.75,25
1719896812507,53.75,25
1719896813690,53.8,50
1719896813690,53.8,50
1719896814423,53.85,25
1719896815773,53.7,50
1719896815800,53.8,25
1719896816160,53.85,75
1719896817053,53.7,25
1719896817431,53.8,75
1719896817431,53.8,75
1719896818723,53.7,50
1719896818775,53.7,25
1719896819147,53.75,25
1719896819804,53.9,25
1719896820757,54.7,25
1719896820953,54.9,25
1719896821763,54.55,25
1719896822751,54.4,25
1719896822889,54.1,100
1719896823771,54.3,50
1719896823916,54.4,25
1719896824688,54.4,125
1719896824933,54.25,25
1719896825657,54.4,25
1719896825908,54.3,25
1719896826682,54.5,50
1719896826682,54.5,50
1719896827439,54.45,50
1719896827832,54.45,25
1719896833306,54.45,25
1719896833678,54.3,125
1719896834389,54.2,25
1719896834683,53.95,25
1719896835612,54.1,50
1719896835612,54.1,50
1719896836583,53.95,25
1719896836951,53.95,25
1719896837723,53.45,50
1719896838585,53.45,25
1719896838923,53.35,25
1719896839655,53.3,25
1719896839891,53.15,25
1719896840800,53.7,25
1719896841119,53.55,25
1719896841763,53.5,375
1719896841887,53.55,50
1719896841887,53.55,50
1719896843504,53.75,100
1719896843504,53.75,100
1719896844686,53.8,250
1719896844928,54.05,125
1719896845977,53.95,75
1719896846571,54.05,25
1719896846571,54.05,25
1719896847648,54.1,100
1719896847965,53.95,25
1719896848781,54.1,175
1719896849771,54.0,25
1719896849894,54.0,175
1719896850794,54.1,25
1719896850794,54.1,25
1719896850794,54.1,25
1719896851803,54.3,25
1719896851803,54.3,25
1719896852968,54.2,25
1719896853162,54.35,25
1719896853721,54.5,25
1719896854593,54.65,75
1719896854742,54.65,25
1719896855803,54.45,25
1719896855976,54.5,25
1719896856602,54.4,25
1719896856964,54.4,25
1719896857784,54.5,25
1719896857916,54.5,25
1719896859018,54.7,25
1719896859170,54.75,25
1719896868737,55.35,50
1719896869003,55.4,25
1719896869809,55.45,25
1719896869951,55.5,50
1719896870728,55.7,25
1719896871389,55.5,25
1719896871831,55.75,25
1719896872571,55.7,50
1719896873003,55.55,25
1719896873710,55.5,25
1719896874586,55.65,25
1719896875827,55.45,200
1719896875894,55.4,50
1719896876766,55.4,25
1719896877125,55.6,25
1719896877376,55.5,50
1719896877676,55.6,475
1719896878408,55.45,150
1719896878717,55.45,25
1719896879334,55.3,25
1719896879791,55.25,50
1719896880804,55.3,100
1719896880878,55.1,25
1719896880878,55.1,25
1719896881811,55.0,25
1719896882023,55.3,25
1719896882811,55.05,50
1719896883179,55.05,250
1719896883817,55.25,25
1719896884240,55.3,25
1719896884798,55.45,25
1719896885256,55.55,25
1719896885813,55.4,200
1719896886233,55.35,50
1719896887025,55.2,75
1719896887126,55.25,50
1719896887670,54.65,25
1719896888250,54.8,75
1719896888804,54.9,25
1719896889410,54.9,25
1719896889824,55.05,100
1719896890403,55.4,25
1719896891030,55.6,25
1719896891798,55.85,25
1719896892816,56.0,50
1719896892977,56.0,25
1719896893832,55.65,25
1719896894179,55.65,175
1719896895045,55.45,50
1719896895224,55.6,25
1719896895787,55.6,25
1719896896210,55.4,125
1719896896757,55.45,25
1719896897372,55.35,75
1719896897372,55.35,75
1719896898429,55.35,25
1719896898810,55.4,75
1719896899855,55.4,1600
1719896899855,55.4,1600
1719896900771,55.3,25
1719896900924,55.2,25
1719896901828,55.4,50
1719896902006,55.25,25
1719896902660,55.05,25
1719896903045,54.95,25
1719896903530,55.1,25
1719896904185,55.3,25
1719896904604,55.35,25
1719896904604,55.35,25
1719896905644,55.3,50
1719896906891,55.2,25
1719896907822,55.35,25
1719896907822,55.35,25
1719896909053,55.05,25
1719896909681,55.25,425
1719896910032,55.35,25
1719896910780,55.2,50
1719896911060,55.1,50
1719896911778,54.95,25
1719896912033,54.7,225
1719896912669,54.4,50
1719896912788,54.55,25
1719896913662,54.35,225
1719896913741,54.2,100
1719896914799,54.4,25
1719896915024,54.4,25
1719896915923,54.6,25
1719896916776,54.35,275
1719896917678,54.15,50
1719896918070,54.1,300
1719896918771,54.15,25
1719896919095,54.15,25
1719896919809,54.0,25
1719896919962,53.9,75
1719896920805,54.1,25
1719896921018,54.05,25
1719896921742,54.45,50
1719896921742,54.45,50
1719896922429,54.15,125
1719896922827,54.1,50
1719896923684,54.2,100
1719896923684,54.2,100
1719896924732,54.45,25
1719896925464,54.2,25
1719896926436,54.3,25
1719896927561,54.15,25
1719896928081,54.1,25
1719896928844,53.8,50
1719896929139,53.85,25
1719896929484,54.0,25
1719896929642,53.85,100
1719896930709,53.7,25
1719896931014,53.8,25
1719896931819,53.6,25
1719896932802,53.65,25
1719896932802,53.65,25
1719896933389,53.6,575
1719896933389,53.6,575
1719896934795,53.75,25
1719896935097,53.9,25
1719896935802,54.0,25
1719896936090,54.0,100
1719896936794,53.95,25
1719896937329,54.2,25
1719896977780,53.4,25
1719896978786,53.25,75
1719896978786,53.25,75
1719896979761,53.45,25
1719896980678,53.35,75
1719896980678,53.35,75
1719896981743,53.4,25
1719896981743,53.4,25
1719896982783,53.25,825
1719896982783,53.25,825
1719896983704,53.3,25
1719896984093,53.35,25
1719896984715,53.5,25
1719896985232,53.55,25
1719896985447,53.7,175
1719896986383,53.45,75
1719896986383,53.45,75
1719896987067,53.5,25
1719896987827,53.5,50
1719896988387,53.55,100
1719896988561,53.5,25
1719896988721,53.45,25
1719896989770,53.35,75
1719896989770,53.35,75
1719896990796,53.35,25
1719896990796,53.35,25
1719896991665,53.4,75
1719896991852,53.45,125
1719896992752,53.15,25
1719896993001,53.3,50
1719896993833,53.2,25
1719896994172,53.2,25
1719896994885,53.15,25
1719896995260,53.0,50
1719896996042,52.95,25
1719896996383,53.0,25
1719896996383,53.0,25
1719896996829,53.0,75
1719896997747,53.2,25
1719896997747,53.2,25
1719896998718,53.1,25
1719896998718,53.1,25
1719896999882,53.4,25
1719897000154,53.35,250
1719897000705,53.6,25
1719897001819,54.05,25
1719897002312,53.8,25
1719897003025,54.05,200
1719897003230,54.2,50
1719897003802,54.1,25
1719897004886,53.8,175
1719897005543,53.35,25
1719897005543,53.35,25
1719897006488,53.4,25
1719897007213,53.4,25
1719897007778,53.4,50
1719897008042,53.35,75
1719897008868,53.15,50
1719897008868,53.15,50
1719897009710,53.25,50
1719897010121,53.25,25
1719897010817,53.3,25
1719897011729,53.1,25
1719897011729,53.1,25
1719897012971,53.2,25
1719897012971,53.2,25
1719897013747,53.35,25
1719897014163,53.25,50
1719897014633,53.35,425
1719897014795,53.5,225
1719897015635,53.85,25
1719897015635,53.85,25
1719897016816,54.2,25
1719897016846,54.2,25
1719897017911,54.25,50
1719897017975,54.3,25
1719897018674,54.4,150
1719897018674,54.4,150
1719897019990,54.1,50
1719897021225,53.6,25
1719897021901,53.35,25
1719897022117,53.25,25
1719897022870,53.25,25
1719897023239,53.45,25
1719897023623,53.35,125
1719897024230,53.45,25
1719897024810,53.35,25
1719897025212,53.6,25
1719897025806,53.75,25
1719897025806,53.75,25
1719897027925,54.7,25
1719897028024,55.0,100
1719897029106,54.85,25
1719897029573,54.75,150
1719897029839,54.8,25
1719897030910,54.75,25
1719897031017,54.7,50
1719897031811,54.55,50
1719897032233,54.45,250
1719897032628,54.35,25
1719897033394,54.3,150
1719897033899,54.25,1075
1719897034901,54.15,225
1719897035448,54.0,225
1719897035682,54.1,200
1719897036672,54.3,25
1719897037130,54.3,25
1719897037858,54.25,50
1719897037961,54.15,50
1719897039055,54.5,25
1719897039819,54.65,50
1719897040420,54.75,25
1719897040640,54.85,25
1719897041333,54.65,25
1719897041761,54.85,25
1719897042385,55.0,25
1719897042896,54.95,175
1719897043863,55.25,25
1719897044130,55.2,25
1719897044924,55.1,25
1719897045911,55.15,75
1719897045911,55.15,75
1719897046889,55.15,25
1719897047279,55.05,25
1719897047909,55.0,25
1719897048284,55.05,25
1719897049003,55.15,50
1719897049444,55.15,25
1719897049908,55.25,25
1719897050472,55.3,25
1719897050794,55.25,25
1719897051304,55.1,25
1719897051928,54.9,75
1719897052690,54.9,25
1719897052921,55.0,25
1719897053923,55.0,50
1719897054892,55.1,50
1719897055916,55.15,50
1719897055916,55.15,50
1719897056804,55.0,125
1719897060711,55.15,25
1719897061121,55.35,25
1719897061947,55.05,100
1719897062323,55.05,50
1719897062656,55.05,25
1719897062944,55.05,200
1719897063641,54.95,50
1719897063908,55.0,75
1719897064723,54.95,25
1719897065895,55.1,25
1719897065895,55.1,25
1719897066927,54.85,25
1719897067034,54.9,125
1719897067940,54.5,25
1719897068136,54.6,200
1719897068700,54.4,25
1719897069140,54.7,25
1719897069883,54.75,25
1719897070494,54.5,50
1719897070709,54.65,100
1719897071005,54.6,125
1719897071898,54.85,250
1719897072821,54.15,50
1719897073839,54.15,25
1719897074072,54.0,25
1719897074906,53.85,25
1719897075185,53.75,25
1719897075932,53.95,25
1719897076409,54.15,25
1719897076871,54.1,50
1719897077359,54.0,25
1719897077359,54.0,25
1719897078331,53.8,300
1719897167844,52.5,25
1719897167844,52.5,25
1719897168797,52.3,200
1719897169182,52.1,175
1719897169182,52.1,175
1719897170105,52.35,25
1719897170973,52.2,75
1719897171401,52.15,25
1719897171954,52.05,25
1719897172073,52.2,125
1719897172957,52.15,150
1719897173318,52.15,50
1719897173318,52.15,50
1719897175040,52.2,25
1719897175913,52.15,125
1719897175913,52.15,125
1719897176645,52.25,25
1719897177075,52.25,25
1719897181643,52.5,25
1719897181889,52.5,175
1719897181889,52.5,175
1719897182960,52.35,25
1719897183267,52.25,50
1719897183985,52.2,200
1719897184061,52.3,25
1719897184837,52.35,25
1719897185214,52.0,25
1719897185898,52.2,25
1719897186253,52.1,25
1719897186253,52.1,25
1719897187442,52.1,25
1719897187887,52.1,25
1719897188267,51.95,25
1719897188579,52.0,25
1719897189493,52.0,25
1719897189959,52.0,25
1719897190040,52.1,25
1719897190783,52.0,25
1719897191089,52.0,50
1719897191945,52.0,500
1719897192176,52.15,25
1719897192980,52.0,250
1719897193080,52.15,25
1719897193505,52.1,25
1719897194436,52.2,150
1719897194436,52.2,150
1719897195483,52.15,25
1719897195998,51.7,50
1719897196465,51.9,275
1719897196798,52.0,75
1719897196798,52.0,75
1719897197906,51.85,75
1719897198194,51.9,25
1719897198194,51.9,25
1719897198194,51.9,25
1719897199961,51.8,50
1719897200596,52.25,50
1719897200596,52.25,50
1719897202075,51.95,200
1719897202892,51.95,25
1719897202892,51.95,25
1719897203958,51.85,25
1719897204047,51.8,400
1719897205023,52.1,25
1719897205470,52.1,200
1719897205707,52.1,50
1719897206360,52.05,25
1719897206902,52.0,150
1719897207580,52.0,25
1719897207580,52.0,25
1719897207580,52.0,25
1719897208856,52.45,25
1719897208856,52.45,25
1719897209922,52.3,25
1719897210319,52.55,50
1719897210805,52.7,75
1719897210939,52.7,250
1719897210939,52.7,250
1719897211931,52.25,125
1719897211931,52.25,125
1719897212979,52.25,25
1719897212979,52.25,25
1719897213932,52.0,300
1719897214182,51.85,25
1719897214836,51.75,25
1719897215571,51.9,475
1719897215930,51.8,50
1719897216605,51.65,200
1719897216760,51.65,25
1719897217006,51.65,25
1719897217972,51.85,50
1719897218176,51.85,50
1719897218981,52.05,75
1719897219178,51.95,50
1719897220000,52.05,125
1719897220062,52.2,75
1719897220901,52.2,100
1719897221145,52.35,25
1719897221779,52.35,25
1719897221779,52.35,25
1719897223085,52.2,25
1719897223743,52.15,50
1719897223743,52.15,50
1719897224732,52.1,25
1719897224911,52.0,375
1719897225496,52.0,75
1719897226324,51.9,75
1719897227177,51.9,150
1719897228055,52.0,25
1719897228291,52.05,50
1719897228651,52.0,50
1719897228651,52.0,50
1719897229767,52.0,150
1719897229767,52.0,150
1719897231002,52.0,50
1719897231678,51.9,25
1719897231678,51.9,25
1719897231977,51.9,75
1719897269511,52.0,25
1719897269993,52.0,25
1719897270744,51.95,50
1719897270744,51.95,50
1719897271030,51.95,25
1719897271692,52.15,25
1719897271692,52.15,25
1719897272625,52.2,25
1719897272625,52.2,25
1719897273782,52.1,50
1719897273782,52.1,50
1719897275058,52.1,50
1719897275183,52.1,25
1719897275950,51.85,25
1719897276403,51.75,75
1719897276959,51.95,25
1719897276959,51.95,25
1719897278052,51.55,100
1719897278553,51.65,50
1719897279112,51.45,25
1719897279625,51.3,50
1719897279907,51.35,50
1719897280892,51.55,125
1719897280892,51.55,125
1719897281999,51.45,75
1719897281999,51.45,75
1719897283053,51.45,25
1719897283126,51.4,175
1719897283703,51.4,100
1719897284373,51.1,25
1719897285245,51.05,100
1719897285641,51.35,25
1719897285999,51.35,75
1719897286485,51.25,50
1719897286940,51.15,25
1719897287496,51.15,100
1719897287962,51.15,75
1719897288820,51.35,150
1719897289024,51.3,100
1719897290158,51.4,50
1719897291062,51.4,25
1719897291168,51.35,50
1719897292087,51.4,125
1719897292282,51.55,575
1719897292282,51.55,575
1719897293784,51.3,50
1719897293784,51.3,50
1719897294957,51.35,75
1719897295378,51.3,25
1719897295944,51.35,25
1719897296297,51.3,50
1719897297075,51.4,50
1719897297511,51.45,25
1719897302064,51.5,25
1719897302467,51.55,50
1719897303095,51.45,25
1719897303095,51.45,25
1719897304056,51.6,25
1719897304597,51.35,25
1719897304794,51.4,25
1719897305644,51.35,25
1719897306037,51.2,75
1719897307038,51.05,50
1719897307264,51.1,25
1719897308070,51.15,50
1719897308263,50.8,100
1719897309099,50.75,25
1719897309099,50.75,25
1719897310086,51.45,25
1719897310454,51.4,50
1719897311294,51.3,25
1719897311643,51.2,75
1719897311959,51.25,25
1719897312709,51.45,25
1719897312910,51.45,25
1719897313956,51.8,25
1719897314110,51.75,25
1719897314773,51.7,25
1719897315269,51.45,25
1719897316069,51.65,25
1719897316251,51.7,25
1719897316702,51.6,25
1719897317334,51.65,25
1719897317942,51.5,50
1719897318364,51.15,50
1719897318896,51.3,25
1719897319679,51.15,50
1719897320062,51.2,25
1719897321028,51.45,25
1719897321274,51.25,50
1719897322201,50.9,25
1719897322201,50.9,25
1719897322973,50.95,100
1719897323709,50.95,25
1719897324147,51.0,175
1719897324503,50.95,25
1719897325104,51.0,75
1719897325858,51.05,25
1719897326088,50.95,25
1719897326598,50.85,25
1719897326961,50.85,25
1719897327654,50.9,50
1719897327967,50.9,50
1719897328226,51.0,25
1719897329110,51.0,25
1719897329275,51.15,225
1719897330111,50.85,25
1719897330662,50.9,25
1719897330662,50.9,25
1719897330662,50.9,25
1719897331646,50.8,25
1719897331819,50.85,50
1719897332793,51.0,50
1719897332961,51.05,100
1719897333811,50.85,200
1719897334404,50.95,75
1719897335122,51.05,50
1719897335122,51.05,50
1719897335993,51.5,25
1719897336681,51.6,300
1719897337071,51.65,25
1719897337872,51.5,25
1719897338092,51.55,100
1719897338429,51.5,150
1719897338931,51.4,125
1719897339683,51.45,25
1719897339902,51.45,25
1719897340585,51.2,50
1719897340585,51.2,50
1719897341266,51.15,25
1719897341805,51.35,75
1719897341805,51.35,75
1719897342835,51.4,100
1719897343355,51.4,25
1719897344056,51.25,25
1719897344533,51.4,25
1719897345065,51.95,25
1719897345929,51.7,375
1719897346014,51.7,25
1719897346323,51.7,25
1719897347420,51.85,25
1719897348307,51.7,25
1719897349303,51.8,75
1719897349413,51.9,25
1719897350064,51.85,50
1719897350743,51.9,50
1719897351062,52.1,75
1719897351303,51.8,25
1719897351875,51.8,50
1719897352281,51.8,25
1719897352953,51.8,50
1719897353713,51.7,25
1719897354100,51.5,25
1719897354836,51.05,50
1719897355133,51.25,450
1719897355261,51.4,25
1719897356048,51.4,75
1719897356340,51.4,25
1719897357112,51.1,600
1719897357209,51.25,25
1719897358082,51.35,25
1719897358523,51.4,50
1719897359062,51.35,150
1719897359492,51.25,200
1719897359492,51.25,200
1719897359492,51.25,200
1719897360796,51.15,25
1719897361055,51.1,25
1719897361546,51.05,25
1719897361830,51.0,175
1719897362716,51.0,300
1719897362936,51.1,75
1719897363867,51.2,25
1719897363867,51.2,25
1719897363867,51.2,25
1719897364409,51.2,25
1719897365530,51.2,25
1719897365988,51.0,250
1719897366578,51.0,75
1719897366822,51.0,50
1719897367418,51.0,25
1719897368126,50.8,25
1719897368872,50.95,25
1719897368872,50.95,25
1719897369920,50.75,125
1719897370079,50.9,25
1719897370982,50.95,75
1719897371064,50.9,25
1719897371904,51.25,25
1719897372305,51.25,25
1719897372842,51.05,175
1719897373577,51.15,100
1719897374107,51.15,75
1719897374568,51.05,25
1719897375099,51.25,50
1719897375366,51.1,75
1719897376056,51.1,25
1719897376577,51.1,50
1719897377099,51.15,25
1719897377790,51.15,25
1719897378121,50.95,25
1719897378575,50.95,50
1719897379041,50.9,50
1719897379779,51.1,500
1719897379779,51.1,500
1719897380911,51.2,125
1719897381086,51.0,250
1719897381668,51.25,25
1719897382005,51.05,75
1719897382723,51.0,25
1719897383082,50.85,100
1719897384037,50.65,25
1719897384600,50.5,25
1719897385149,50.7,50
1719897385949,50.75,550
1719897386140,50.75,25
1719897387212,50.75,25
1719897387810,50.75,100
1719897388403,50.6,25
1719897388897,50.65,25
1719897389411,50.5,100
1719897390066,50.65,25
1719897390554,50.45,75
1719897390866,50.5,25
1719897390866,50.5,25
1719897391813,50.65,25
1719897392145,50.55,100
1719897392800,50.75,25
1719897393004,50.85,25
1719897393675,50.8,25
1719897393982,50.6,50
1719897394560,50.85,100
1719897395154,50.9,50
1719897395789,50.7,50
1719897395789,50.7,50
1719897397255,50.75,100
1719897398021,50.75,675
1719897398457,50.85,25
1719897398884,50.7,25
1719897399311,50.85,25
1719897399311,50.85,25
1719897400942,50.55,25
1719897400942,50.55,25
1719897400942,50.55,25
1719897402167,50.5,50
1719897403148,50.55,100
1719897403338,50.65,150
1719897404052,50.5,50
1719897404309,50.5,25
1719897404852,50.45,25
1719897405465,50.35,50
1719897406152,50.45,100
1719897406818,50.55,25
1719897407156,50.5,25
1719897407821,50.35,75
1719897408154,50.25,100
1719897409149,50.25,25
1719897410016,50.2,25
1719897410262,50.25,50
1719897410968,50.3,275
1719897411241,50.25,25
1719897412152,50.15,25
1719897412400,50.15,25
1719897413163,50.15,25
1719897413563,50.25,25
1719897414096,50.6,125
1719897414586,50.6,25
1719897415163,50.7,50
1719897415452,50.7,25
1719897416332,50.65,25
1719897416597,50.7,25
1719897416945,50.8,25
1719897417624,51.05,50
1719897418125,51.05,50
1719897418777,50.75,25
1719897419051,51.0,75
1719897419730,51.2,475
1719897420229,51.05,25
1719897420709,50.8,125
1719897421066,50.95,75
1719897421899,50.9,25
1719897421899,50.9,25
1719897423141,51.15,50
1719897423141,51.15,50
1719897423975,51.6,25
1719897423975,51.6,25
1719897424998,51.35,25
1719897425458,51.55,25
1719897426102,51.65,200
1719897426608,51.4,25
1719897427051,51.55,25
1719897427265,51.4,25
1719897427894,51.6,50
1719897427894,51.6,50
1719897428829,51.5,25
1719897428829,51.5,25
1719897430247,50.75,25
1719897431176,50.5,125
1719897431264,50.5,150
1719897432091,50.65,150
1719897432091,50.65,150
1719897433049,50.6,25
1719897433636,50.75,25
1719897434164,50.95,25
1719897434347,51.1,25
1719897435132,51.05,50
1719897435469,51.05,125
1719897436105,50.9,25
1719897436105,50.9,25
1719897437141,50.95,25
1719897437554,50.8,150
1719897438068,50.75,25
1719897438742,50.7,25
1719897438742,50.7,25
1719897439883,50.45,25
1719897440202,50.35,75
1719897440202,50.35,75
1719897441183,50.3,175
1719897441606,50.25,475
1719897442084,50.4,25
1719897442512,50.45,25
1719897443054,50.45,75
1719897443381,50.6,100
1719897444084,50.55,50
1719897444720,50.9,675
1719897444720,50.9,675
1719897446185,51.0,25
1719897446260,51.0,25
1719897447079,51.1,25
1719897447489,51.1,25
1719897448148,51.2,25
1719897456621,51.9,175
1719897456857,52.05,50
1719897457726,52.0,50
1719897458034,51.8,425
1719897458761,51.9,25
1719897459015,52.0,100
1719897459875,52.0,1425
1719897460016,52.1,25
1719897461112,52.6,125
1719897461876,52.75,25
1719897461876,52.75,25
1719897463184,52.85,50
1719897463824,53.0,25
1719897464035,52.9,25
1719897464820,52.85,25
1719897464919,52.7,100
1719897465609,52.65,25
1719897466011,52.6,50
1719897466595,52.65,25
1719897466595,52.65,25
1719897467979,52.75,50
1719897467979,52.75,50
1719897468803,52.75,125
1719897469272,52.65,525
1719897470027,53.0,25
1719897470722,52.9,250
1719897471378,52.95,25
1719897471821,52.9,25
1719897472145,53.15,100
1719897472930,53.25,100
1719897473184,53.2,125
1719897473964,53.35,100
1719897475100,53.3,25
1719897475100,53.3,25
1719897475100,53.3,25
1719897476277,53.2,25
1719897476931,52.95,200
1719897477465,53.0,25
1719897478163,53.05,25
1719897478881,52.8,25
1719897479116,52.95,25
1719897479841,53.1,100
1719897480033,53.1,50
1719897480844,53.1,25
1719897480981,53.05,225
1719897481247,53.0,25
1719897482173,52.9,25
1719897482324,53.05,150
1719897482987,53.0,25
1719897482987,53.0,25
1719897484123,53.05,100
1719897484339,53.2,200
1719897485212,53.15,150
1719897485256,53.15,50
1719897486216,53.3,25
1719897486452,53.3,25
1719897487174,53.05,25
1719897487620,53.05,350
1719897488087,53.3,50
1719897488822,53.2,25
1719897489097,53.4,125
1719897489904,53.5,1500
1719897490071,53.45,25
1719897490973,53.55,225
1719897490973,53.55,225
1719897492083,53.45,100
1719897492327,53.3,75
1719897493222,53.45,25
1719897493728,53.5,50
1719897494294,53.65,25
1719897494889,53.7,25
1719897494889,53.7,25
1719897495835,53.45,75
1719897496047,53.35,25
1719897496930,53.15,50
1719897497199,53.05,50
1719897498206,53.1,150
1719897498312,53.1,25
1719897499201,52.85,75
1719897499332,52.95,25
1719897500162,53.0,25
1719897500713,53.1,25
1719897501096,53.05,25
1719897501943,53.1,25
1719897501985,53.1,125
1719897503104,53.65,125
1719897503104,53.65,125
1719897504176,54.0,250
1719897504176,54.0,250
1719897505203,53.85,25
1719897505203,53.85,25
1719897506012,53.95,50
1719897506338,54.15,25
1719897507170,54.0,50
1719897507688,54.0,100
1719897508142,53.95,25
1719897508679,53.95,25
1719897509174,54.05,425
1719897509759,53.95,25
1719897510030,53.75,550
1719897510628,53.7,50
1719897511179,53.65,100
1719897511960,54.05,25
1719897512167,54.1,150
1719897513185,54.35,25
1719897513705,54.3,25
1719897514151,54.4,25
1719897514978,54.65,25
1719897515070,54.65,50
1719897516160,54.5,25
1719897517218,54.65,25
1719897518203,54.3,25
1719897518203,54.3,25
1719897519187,54.05,25
1719897519413,53.95,50
1719897519413,53.95,50
1719897520224,54.1,25
1719897520606,54.05,50
1719897521024,54.0,25
1719897521974,54.1,25
1719897522176,54.15,25
1719897523120,54.15,50
1719897523371,54.15,25
1719897524164,54.35,250
1719897524273,54.4,125
1719897525030,54.2,75
1719897525610,54.2,25
1719897526079,54.3,50
1719897526475,54.15,25
1719897527213,54.15,25
1719897527991,54.15,25
1719897528163,54.1,150
1719897528980,54.1,50
1719897529804,54.2,25
1719897530108,54.3,25
1719897531136,54.3,25
1719897531404,54.4,50
1719897531974,54.5,25
1719897532609,54.3,50
1719897533164,54.55,25
1719897534031,54.45,25
1719897535109,54.5,425
1719897536132,54.75,25
1719897536763,54.75,100
1719897537199,54.7,25
1719897538005,54.5,175
1719897542152,54.9,25
1719897543224,54.9,100
1719897544148,54.55,50
1719897545210,54.75,225
1719897545407,54.75,25
1719897546169,54.7,150
1719897546379,54.8,100
1719897547241,54.8,25
1719897547628,54.75,250
1719897548447,54.6,50
1719897548637,54.65,25
1719897549093,54.7,175
1719897549511,54.7,525
1719897550185,54.75,50
1719897550839,54.75,100
1719897551001,54.85,50
1719897551987,54.85,25
1719897552180,54.8,75
1719897552860,54.8,75
1719897553244,54.8,50
1719897554043,54.75,25
1719897555228,54.95,25
1719897556047,54.85,200
1719897556251,55.15,25
1719897557180,55.15,25
1719897557453,55.25,175
1719897558231,55.15,25
1719897558637,55.3,25
1719897559244,55.4,25
1719897559648,55.35,125
1719897560243,55.35,25
1719897560659,55.45,75
1719897561250,55.35,25
1719897561652,55.15,25
1719897562148,54.95,25
1719897562627,55.15,25
1719897563236,55.0,125
1719897563735,55.2,25
1719897564126,55.1,25
1719897565073,55.25,25
1719897565204,55.35,25
1719897566067,55.45,25
1719897566450,55.45,25
1719897567175,55.4,150
1719897567459,55.4,25
1719897568262,55.35,25
1719897568597,55.3,50
1719897569176,55.35,200
1719897569778,55.4,25
1719897570264,55.25,75
1719897570691,55.3,100
1719897570691,55.3,100
1719897571254,55.1,50
1719897572036,54.8,25
1719897572132,54.9,75
1719897572848,54.8,25
1719897573134,54.75,200
1719897574052,54.45,75
1719897574206,54.45,25
1719897575084,54.3,75
1719897575256,54.15,25
1719897575685,53.75,100
1719897576178,53.75,25
1719897576886,53.95,75
1719897577455,53.8,25
1719897577875,54.0,25
1719897578249,54.35,25
1719897579103,54.6,25
1719897579443,54.55,25
1719897580202,54.55,75
1719897580870,54.45,25
1719897581275,54.5,25
1719897581975,54.4,25
1719897582453,54.25,25
1719897583254,54.1,50
1719897583420,54.25,25
1719897583677,54.1,50
1719897584561,54.1,150
1719897584561,54.1,150
1719897585789,54.2,450
1719897586026,54.25,25
1719897586824,54.45,25
1719897587220,54.5,25
1719897588008,54.55,50
1719897588271,54.45,50
1719897589027,54.45,50
1719897589167,54.35,50
1719897590192,54.4,75
1719897590829,54.25,175
1719897591264,54.0,125
1719897591915,54.0,50
1719897592472,54.15,50
1719897592904,54.1,25
1719897593075,53.95,100
1719897593912,53.95,25
1719897594026,54.1,50
1719897594971,54.4,50
1719897595194,54.5,125
1719897595774,54.7,200
1719897596456,54.5,150
1719897597123,54.65,25
1719897597705,54.8,25
1719897598144,54.65,25
1719897598537,54.75,150
1719897599228,54.65,50
1719897599948,54.65,25
1719897600174,54.6,25
1719897600923,54.6,100
1719897601220,54.4,75
1719897601681,54.3,650
1719897601681,54.3,650
1719897603103,54.2,25
1719897603103,54.2,25
1719897603482,54.05,200
1719897603482,54.05,200
1719897604888,54.15,25
1719897605297,54.0,1500
1719897606235,53.95,125
1719897606718,53.9,25
1719897607103,53.7,50
1719897607884,53.8,50
1719897608042,53.8,75
1719897608747,53.7,25
1719897609196,53.9,50
1719897609851,53.7,150
1719897609995,53.75,25
1719897610419,53.95,25
1719897611243,53.95,25
1719897612104,54.1,200
1719897612253,54.05,25
1719897613276,54.15,25
1719897613276,54.15,25
1719897613354,54.2,25
1719897614109,54.1,25
1719897614988,54.4,250
1719897615265,54.25,25
1719897615954,54.05,25
1719897616321,54.1,75
1719897616738,54.1,25
1719897617172,53.9,25
1719897617414,54.15,25
1719897617414,54.15,25
1719897619244,53.95,25
1719897619244,53.95,25
1719897620103,53.9,100
1719897620317,53.9,50
1719897621353,54.0,50
1719897622132,53.95,50
1719897622354,53.8,100
1719897622755,53.85,75
1719897623163,53.7,200
1719897623955,53.8,25
1719897624101,53.75,25
1719897624936,53.7,150
1719897624958,53.85,100
1719897625843,53.85,25
1719897625843,53.85,25
1719897627328,53.85,75
1719897627957,53.8,50
1719897627957,53.8,50
1719897628962,53.85,25
1719897629306,53.8,150
1719897629856,53.7,25
1719897629856,53.7,25
1719897630964,53.6,25
1719897631278,53.6,25
1719897631978,53.7,25
1719897632220,53.8,25
1719897632654,53.5,25
1719897633206,53.45,25
1719897633951,53.35,25
1719897634266,53.35,25
1719897634617,53.3,75
1719897635244,53.6,25
1719897635880,53.7,475
1719897636261,53.8,25
1719897637079,53.85,25
1719897637473,53.6,100
1719897638308,53.55,25
1719897638662,53.65,50
1719897639091,53.65,100
1719897639883,53.7,100
1719897640253,53.8,125
1719897640253,53.8,125
1719897641282,53.65,25
1719897642008,53.8,25
1719897642302,53.7,75
1719897642998,53.6,50
1719897644027,53.4,50
1719897644027,53.4,50
1719897644027,53.4,50
1719897645147,53.55,150
1719897645738,53.55,125
1719897646279,53.5,875
1719897646597,53.55,125
1719897646597,53.55,125
1719897647704,53.75,75
1719897647999,53.45,25
1719897648524,53.65,25
1719897648524,53.65,25
1719897649950,53.6,50
1719897649950,53.6,50
1719897650963,53.65,25
1719897651258,53.5,850
1719897651996,53.3,50
1719897652308,53.45,150
1719897653052,53.5,175
1719897653052,53.5,175
1719897653052,53.5,175
1719897654021,53.55,75
1719897654424,53.25,100
1719897654923,53.4,25
1719897656147,53.0,350
1719897656885,53.15,25
1719897657269,53.2,25
1719897658162,53.1,25
1719897658162,53.1,25
1719897659041,53.0,25
1719897659352,53.15,25
1719897660405,53.6,25
1719897660883,53.6,175
1719897661068,53.4,25
1719897662200,53.3,25
1719897662200,53.3,25
1719897662561,53.2,25
1719897663285,53.0,75
1719897663994,53.1,250
1719897664221,52.9,25
1719897665108,53.0,75
1719897665108,53.0,75
1719897666279,53.25,50
1719897666279,53.25,50
1719897667071,53.35,25
1719897667819,53.4,25
1719897668312,53.45,50
1719897668876,53.4,125
1719897668876,53.4,125
1719897669696,53.2,300
1719897670125,53.2,25
1719897671025,53.15,25
1719897671311,53.1,25
1719897671336,53.15,75
1719897671336,53.15,75
1719897672934,53.0,25
1719897672934,53.0,25
1719897672934,53.0,25
1719897674133,52.95,25
1719897674927,52.95,50
1719897674927,52.95,50
1719897676408,52.9,25
1719897677095,52.8,25
1719897677095,52.8,25
1719897678334,52.55,25
1719897678334,52.55,25
1719897679197,52.65,25
1719897679625,52.6,100
1719897680273,52.25,25
1719897680795,52.25,50
1719897681221,52.35,25
1719897681846,52.35,25
1719897682161,52.5,25
1719897683169,52.6,25
1719897684050,52.7,75
1719897684050,52.7,75
1719897684991,52.7,75
1719897684991,52.7,75
1719897685541,52.7,25
1719897686046,52.7,150
1719897686046,52.7,150
1719897687029,52.4,25
1719897687029,52.4,25
1719897688152,52.35,25
1719897688676,52.35,25
1719897689318,52.25,250
1719897689652,52.3,75
1719897690803,52.3,400
1719897690803,52.3,400
1719897691308,52.05,25
1719897691814,52.3,25
1719897693008,52.25,25
1719897693104,52.25,50
1719897694132,52.3,50
1719897694132,52.3,50
1719897695308,52.4,25
1719897695308,52.4,25
1719897695483,52.35,25
1719897696245,52.3,25
1719897697015,52.4,25
1719897697275,52.35,25
1719897697814,52.4,25
1719897698342,52.4,50
1719897698881,52.4,25
1719897699070,52.45,25
1719897700344,52.65,25
1719897700817,52.7,25
1719897700817,52.7,25
1719897701948,52.55,25
1719897702373,52.55,25
1719897702652,52.7,100
1719897703338,52.8,150
1719897703368,52.65,50
1719897704283,52.6,25
1719897704958,52.65,25
1719897705180,52.7,875
1719897706024,52.4,25
1719897706318,52.4,25
1719897707083,52.55,500
1719897707987,52.55,50
1719897708346,52.45,25
1719897709115,52.45,75
1719897709115,52.45,75
1719897709115,52.45,75
1719897710602,52.45,25
1719897711041,52.45,25
1719897711199,52.5,450
1719897712287,52.5,150
1719897712287,52.5,150
1719897712969,52.5,25
1719897713389,52.5,25
1719897714172,52.75,500
1719897714172,52.75,500
1719897714666,52.65,75
1719897715297,52.6,25
1719897716011,52.5,225
1719897716326,52.5,150
1719897717258,52.4,75
1719897717903,52.25,50
1719897718409,52.35,200
1719897718409,52.35,200
1719897719336,52.3,25
1719897720282,52.35,100
1719897720738,52.15,25
1719897721251,52.3,50
1719897721364,52.3,25
1719897721975,52.5,25
1719897722441,52.55,175
1719897722672,52.55,25
1719897723215,53.05,25
1719897723601,52.95,25
1719897724324,53.3,25
1719897724901,53.2,25
1719897725307,53.4,250
1719897726267,53.15,25
1719897726495,53.05,100
1719897726495,53.05,100
1719897728038,52.95,75
1719897728395,53.0,50
1719897728864,53.0,150
1719897728864,53.0,150
1719897728864,53.0,150
1719897730342,52.95,225
1719897730748,53.0,25
1719897731311,53.0,25
1719897732248,53.2,25
1719897733363,53.5,50
1719897734319,53.9,25
1719897734402,53.9,175
1719897735325,53.8,25
1719897735325,53.8,25
1719897735325,53.8,25
1719897736296,53.75,25
1719897737030,53.55,25
1719897737271,53.55,50
1719897737909,53.5,25
1719897738373,52.95,25
1719897739101,53.15,125
1719897739275,53.2,50
1719897740203,53.1,25
1719897740203,53.1,25
1719897741293,53.0,75
1719897741466,53.1,25
1719897742501,53.9,125
1719897742501,53.9,125
1719897743297,53.6,25
1719897744123,53.6,75
1719897744932,53.75,50
1719897745416,53.8,25
1719897746365,53.9,225
1719897746365,53.9,225
1719897747073,54.0,25
1719897747578,53.85,25
1719897748124,53.65,75
1719897748764,53.8,25
1719897749163,53.9,50
1719897749843,54.05,75
1719897750366,54.0,75
1719897750693,54.1,50
1719897751043,54.0,50
1719897751309,54.0,25
1719897752265,53.7,150
1719897752755,53.7,25
1719897753310,53.6,25
1719897754029,53.7,25
1719897754276,53.75,50
1719897754899,53.9,25
1719897755246,53.95,50
1719897756051,53.75,25
1719897757266,54.4,25
1719897757489,54.4,25
1719897758301,54.35,1200
1719897758301,54.35,1200
1719897759302,54.3,150
1719897759410,54.4,25
1719897760370,54.25,25
1719897760555,54.2,100
1719897760686,54.35,25
1719897761237,54.3,25
1719897761882,54.5,175
1719897762266,54.5,50
1719897762952,54.65,25
1719897763322,54.8,225
1719897764342,54.9,75
1719897764521,55.0,25
1719897765316,55.0,50
1719897765740,54.95,25
1719897766385,54.6,125
1719897766777,54.7,50
1719897767378,54.7,25
1719897767979,54.65,25
1719897768019,54.65,50
1719897769120,54.65,25
1719897770023,54.6,50
1719897771164,54.4,25
1719897771583,54.45,450
1719897771913,54.45,75
1719897780777,53.55,75
1719897786112,53.2,25
1719897786112,53.2,25
1719897787403,53.4,25
1719897787662,53.35,25
1719897788318,53.3,25
1719897789321,52.95,150
1719897789321,52.95,150
1719897790009,52.75,25
1719897790454,52.85,50
1719897792532,52.45,50
1719897793320,52.25,125
1719897793609,52.25,25
1719897793882,52.35,25
1719897794223,52.15,75
1719897794955,51.9,25
1719897795245,51.9,25
1719897796400,52.0,25
1719897797411,51.95,25
1719897892149,51.7,25
1719897892899,51.85,925
1719897894302,51.7,25
1719897894302,51.7,25
1719897895188,51.85,50
1719897895188,51.85,50
1719897896247,51.85,50
1719897897121,51.9,50
1719897897535,51.9,50
1719897898262,51.85,25
1719897899416,52.0,25
1719897900452,52.0,75
1719897900452,52.0,75
1719897900871,52.0,25
1719897901141,51.8,25
1719897901317,51.75,50
1719897902257,51.85,25
1719897903329,51.65,50
1719897903460,51.65,50
1719897911881,52.05,25
1719897912467,52.2,200
1719897913104,52.35,25
1719897913322,52.3,75
1719897913908,52.25,1375
1719897914319,52.1,25
1719897915390,52.1,100
1719897915390,52.1,100
1719897916369,52.0,50
1719897916369,52.0,50
1719897917338,51.7,25
1719897920789,52.65,225
1719897921354,52.5,25
1719897921354,52.5,25
1719897922411,52.5,50
1719897923005,52.45,25
1719897923439,52.1,250
1719897924469,51.85,25
1719897925173,52.05,25
1719897925535,52.05,25
1719897925744,52.05,50
1719897926798,52.3,50
1719897927476,52.1,25
1719897927611,52.1,25
1719897928443,52.05,100
1719897928722,52.2,175
1719897929041,52.15,25
1719897929041,52.15,25
1719897930467,51.95,50
1719897930886,52.0,25
1719897931144,52.0,25
1719897931144,52.0,25
1719897932404,52.0,50
1719897932404,52.0,50
1719897933360,51.85,25
1719897934190,52.1,350
1719897934339,52.4,25
1719897935633,52.5,25
1719897935633,52.5,25
1719897936460,52.9,50
1719897937228,52.7,25
1719897937496,52.9,150
1719897938431,52.95,50
1719897938431,52.95,50
1719897939413,52.65,25
1719897939413,52.65,25
1719897940327,52.75,25
1719897940637,52.9,75
1719897940637,52.9,75
1719897941475,52.75,25
1719897942390,52.8,25
1719897942390,52.8,25
1719897943045,52.85,25
1719897944084,53.0,25
1719897944381,53.05,25
1719897945442,53.0,450
1719897945442,53.0,450
1719897945795,53.15,25
1719897947280,52.95,25
1719897947280,52.95,25
1719897948494,53.1,25
1719897948494,53.1,25
1719897948805,53.05,25
1719897949807,53.0,100
1719897950064,53.25,150
1719897950445,53.25,25
1719897951485,53.1,50
1719897952343,53.25,50
1719897953341,53.2,50
1719897953341,53.2,50
1719897954476,53.2,25
1719897955332,53.0,25
1719897956217,53.0,50
1719897956217,53.0,50
1719897956857,53.0,25
1719897956857,53.0,25
1719897956857,53.0,25
1719897956857,53.0,25
1719897959919,53.05,25
1719897960281,53.35,25
1719897960515,53.35,25
1719897960662,53.2,25
1719897961029,53.25,150
1719897961029,53.25,150
1719897962163,53.35,25
1719897962163,53.35,25
1719897962728,53.3,25
1719897962728,53.3,25
1719897964641,53.5,300
1719897965320,53.75,25
1719897965845,53.55,25
1719897966044,53.7,225
1719897966546,53.7,50
1719897967048,53.7,25
1719897967745,53.8,50
1719897968501,54.0,425
1719897968906,54.1,25
1719897969468,53.85,75
1719897970093,53.95,25
1719897970429,53.85,25
1719897971298,53.65,25
1719897971298,53.65,25
1719897972174,53.65,25
1719897973215,53.8,50
1719897973334,53.8,75
1719897974245,53.95,25
1719897975462,53.95,25
1719897975462,53.95,25
1719897976412,53.95,25
1719897976710,53.95,25
1719897977397,53.9,25
1719897977925,53.9,25
1719897978461,54.0,25
1719897979070,54.05,175
1719897979391,54.15,25
1719897979960,53.9,375
1719897980389,53.9,25
1719897981313,53.85,75
1719897981684,53.7,25
1719897982118,53.65,50
1719897982350,53.75,50
1719897983082,53.8,25
1719897983082,53.8,25
1719897984531,53.6,25
1719897984531,53.6,25
1719897985421,53.65,25
1719897985636,53.6,25
1719897986516,53.8,75
1719897986901,53.75,50
1719897987132,53.9,100
1719897987132,53.9,100
1719897988012,54.0,75
1719897988500,54.0,25
1719897989056,53.95,75
1719897989056,53.95,75
1719897990283,54.0,225
1719897990283,54.0,225
1719897990820,54.15,25
1719897991488,54.0,1500
1719897992288,54.05,250
1719897993527,53.95,25
1719897994491,53.9,75
1719897995070,53.85,25
1719897995070,53.85,25
1719897995964,53.75,50
1719897995964,53.75,50
1719897997235,53.7,50
1719897997363,53.55,50
1719897998310,53.65,300
1719897999362,53.7,25
1719898000535,53.15,25
1719898001201,53.2,25
1719898001457,53.15,75
1719898002507,52.8,75
1719898002507,52.8,75
1719898003269,52.9,50
1719898003640,52.65,25
1719898004670,52.5,25
1719898005419,52.55,25
1719898005419,52.55,25
1719898006532,52.65,25
1719898006532,52.65,25
1719898006949,52.7,50
1719898007681,52.75,25
1719898008470,52.6,25
1719898008901,52.8,50
1719898009533,52.8,25
1719898009945,53.0,125
1719898010184,52.9,25
1719898011082,52.85,75
1719898011430,52.8,25
1719898011430,52.8,25
1719898012470,52.8,25
1719898013351,52.85,25
1719898013351,52.85,25
1719898014323,52.95,25
1719898014434,52.85,25
1719898015142,52.9,25
1719898015530,52.95,50
1719898016451,52.8,50
1719898017665,52.75,75
1719898018433,52.7,25
1719898018923,52.5,100
1719898019170,52.35,25
1719898020120,52.5,25
1719898020120,52.5,25
1719898020120,52.5,25
1719898021185,52.45,25
1719898021185,52.45,25
1719898022110,52.4,25
1719898022453,52.25,25
1719898023554,52.2,150
1719898024506,52.4,25
1719898024736,52.55,25
1719898025356,52.7,25
1719898025733,52.7,75
1719898026394,52.8,175
1719898026975,52.7,25
1719898027370,52.65,50
1719898027546,52.8,150
1719898027546,52.8,150
1719898029104,53.1,100
1719898029230,53.2,25
1719898029762,53.75,25
1719898030481,53.7,150
1719898030923,53.7,25
1719898031450,53.8,100
1719898031661,53.85,50
1719898032242,53.6,100
1719898032242,53.6,100
1719898033257,53.7,200
1719898034418,53.8,25
1719898034719,53.9,125
1719898035307,53.7,25
1719898035307,53.7,25
1719898036571,54.0,25
1719898037514,54.35,75
1719898038093,54.1,75
1719898038805,54.15,50
1719898039378,54.25,50
1719898039639,54.3,25
1719898040557,54.25,25
1719898040860,54.25,25
1719898041378,54.1,150
1719898041378,54.1,150
1719898042539,54.4,50
1719898043431,54.4,25
1719898044559,54.6,25
1719898045349,54.6,25
1719898045579,54.6,25
1719898046522,54.6,25
1719898046848,54.55,25
1719898047510,54.6,25
1719898048031,54.95,25
1719898048502,54.75,175
1719898049093,54.85,25
1719898050754,54.8,25
1719898050754,54.8,25
1719898051083,54.8,25
1719898051794,54.7,100
1719898052764,55.0,200
1719898052999,54.8,25
1719898053530,54.4,150
1719898054167,54.6,50
1719898054167,54.6,50
1719898055419,54.75,100
1719898055419,54.75,100
1719898056568,54.6,25
1719898056676,54.75,25
1719898057686,54.6,125
1719898058302,54.7,100
1719898058871,54.7,25
1719898059346,54.6,25
1719898059802,54.75,25
1719898060476,54.8,150
1719898061000,54.7,25
1719898061000,54.7,25
1719898061243,54.85,50
1719898062414,54.75,25
1719898062414,54.75,25
1719898063237,54.85,100
1719898063237,54.85,100
1719898064570,54.8,25
1719898064618,54.8,25
1719898065526,54.75,100
1719898065666,54.75,900
1719898066499,54.8,75
1719898066944,54.95,25
1719898067391,54.95,25
1719898067985,54.85,50
1719898068062,54.85,300
1719898068505,54.95,25
1719898069483,54.9,25
1719898069602,54.9,50
1719898070538,54.7,175
1719898070713,54.75,25
1719898071405,54.9,75
1719898071876,54.85,75
1719898072405,55.0,25
1719898072942,54.8,25
1719898072942,54.8,25
1719898073584,54.7,25
1719898074275,54.95,25
1719898074591,54.85,75
1719898075483,54.7,25
1719898075483,54.7,25
1719898076565,54.9,25
1719898076853,54.8,100
1719898077573,54.8,175
1719898077833,54.75,50
1719898078525,54.7,100
1719898078781,54.5,25
1719898079121,54.85,50
1719898079643,54.65,25
1719898080838,54.7,25
1719898081042,54.85,50
1719898081263,55.05,25
1719898081332,55.0,575
1719898082571,55.8,100
1719898082659,55.6,25
1719898083522,55.5,25
1719898084058,55.5,75
1719898084575,55.5,25
1719898085054,55.5,50
1719898085550,55.6,25
1719898086281,55.7,25
1719898086767,55.5,50
1719898087278,55.1,75
1719898087497,54.9,300
1719898088175,55.15,100
1719898088377,55.3,25
1719898089129,55.4,325
1719898089551,55.4,25
1719898090368,55.5,25
1719898090595,55.55,50
1719898091530,55.4,25
1719898091621,55.3,25
1719898092522,55.3,50
1719898092841,55.45,25
1719898093560,55.8,25
1719898093879,55.7,50
1719898094536,56.1,75
1719898095250,55.65,25
1719898095522,55.65,25
1719898096382,55.8,25
1719898097595,55.8,25
1719898097684,56.0,75
1719898098609,55.8,25
1719898099450,55.3,50
1719898099450,55.3,50
1719898100521,55.7,25
1719898100521,55.7,25
1719898101540,55.3,25
1719898101895,55.25,50
1719898102611,55.5,50
1719898103593,55.45,25
1719898104034,55.45,125
1719898104620,55.75,25
1719898104678,55.95,150
1719898105290,55.95,75
1719898105910,55.95,25
1719898106596,56.0,25
1719898107104,56.4,75
1719898107590,56.6,25
1719898108515,56.4,25
1719898108576,56.3,50
1719898109589,56.35,250
1719898109758,56.35,25
1719898110588,56.2,75
1719898110896,56.15,175
1719898111605,56.35,50
1719898111879,56.4,25
1719898112400,56.25,25
1719898112870,56.25,150
1719898113610,56.6,25
1719898113837,56.45,25
1719898114609,56.45,25
1719898115072,55.95,250
1719898115684,55.6,25
1719898116102,55.5,75
1719898116597,55.5,50
1719898117681,55.8,100
1719898118588,55.75,25
1719898118942,55.6,25
1719898119502,55.7,250
1719898119841,55.75,25
1719898120601,55.65,50
1719898121073,55.65,50
1719898121296,55.75,25
1719898121593,55.7,25
1719898122320,55.9,25
1719898122402,55.8,50
1719898123593,55.95,200
1719898124622,55.75,25
1719898124887,55.7,25
1719898125335,55.6,25
1719898125855,55.6,25
1719898126588,55.4,75
1719898126755,55.45,50
1719898127357,55.5,50
1719898127941,55.4,25
1719898128606,55.45,100
1719898129035,55.5,25
1719898129586,55.3,125
1719898130088,55.3,200
1719898130261,55.15,25
1719898130567,55.3,25
1719898131609,55.45,25
1719898132559,55.1,25
1719898132742,55.1,25
1719898133584,55.25,100
1719898133584,55.25,100
1719898134608,55.25,25
1719898134948,55.25,25
1719898135187,55.15,25
1719898136128,55.05,75
1719898136128,55.05,75
1719898137309,55.0,25
1719898137628,55.2,225
1719898138422,55.1,25
1719898138422,55.1,25
1719898139614,55.2,475
1719898140609,55.0,25
1719898140609,55.0,25
1719898141633,54.85,25
1719898141719,54.95,50
1719898142623,55.0,25
1719898142969,54.8,125
1719898143452,54.9,125
1719898143452,54.9,125
1719898144660,54.7,25
1719898145354,54.8,75
1719898145739,54.85,150
1719898146607,55.1,25
1719898146869,55.1,25
1719898147501,55.15,525
1719898147774,54.95,25
1719898148454,55.1,25
1719898149308,55.4,125
1719898149308,55.4,125
1719898150581,55.6,25
1719898150581,55.6,25
1719898151436,55.75,50
1719898151743,55.7,50
1719898152597,55.85,25
1719898152751,55.75,25
1719898153566,55.65,25
1719898153566,55.65,25
1719898154837,54.9,25
1719898154924,54.75,25
1719898155610,54.9,25
1719898155967,55.0,75
1719898156246,55.0,25
1719898156918,55.0,50
1719898157348,55.0,25
1719898157954,54.95,25
1719898158630,55.05,25
1719898159096,55.05,25
1719898159306,55.15,25
1719898159534,55.2,100
1719898160402,55.35,50
1719898161068,55.6,25
1719898161793,55.4,50
1719898162562,55.5,25
1719898162562,55.5,25
1719898163574,55.75,250
1719898163777,55.6,25
1719898164403,55.5,50
1719898164793,55.5,400
1719898165482,55.35,25
1719898165903,55.5,25
1719898166404,55.6,25
1719898167591,55.5,75
1719898168627,55.5,25
1719898168627,55.5,25
1719898169561,55.6,25
1719898170513,55.6,50
1719898170917,55.55,50
1719898171646,55.55,25
1719898172011,55.55,25
1719898172386,55.6,25
1719898172539,55.6,100
1719898173397,55.5,50
1719898174584,55.6,25
1719898174584,55.6,25
1719898175625,55.5,50
1719898175991,55.45,25
1719898176576,55.4,25
1719898176965,55.5,50
1719898177624,55.55,25
1719898178121,55.6,25
1719898178592,55.7,50
1719898179448,55.85,25
1719898179767,55.75,250
1719898180601,56.0,25
1719898180601,56.0,25
1719898181604,56.3,25
1719898181765,56.3,50
1719898182008,56.5,25
1719898182679,56.1,125
1719898183609,56.55,50
1719898183863,56.65,25
1719898184771,57.0,50
1719898185650,57.35,775
1719898186600,57.4,25
1719898187011,57.65,25
1719898187526,57.7,100
1719898188183,57.5,125
1719898188654,57.45,25
1719898189424,56.85,225
1719898189865,56.8,25
1719898190369,57.0,125
1719898190642,57.0,75
1719898191629,56.95,25
1719898192603,57.45,25
1719898193514,57.5,150
1719898193514,57.5,150
1719898194647,57.6,25
1719898194863,57.7,75
1719898195542,57.6,25
1719898195841,57.5,25
1719898196841,57.55,200
1719898196961,57.6,25
1719898197589,57.4,125
1719898198025,57.45,25
1719898198652,57.65,25
1719898199422,57.65,600
1719898199660,57.7,25
1719898200642,57.7,25
1719898200834,57.8,75
1719898201835,57.65,175
1719898202613,58.2,25
1719898203040,58.15,100
1719898203668,58.45,1000
1719898204239,58.3,50
1719898204883,58.0,25
1719898205638,58.25,50
1719898206483,58.5,25
1719898207664,57.9,25
1719898208682,57.95,25
1719898208923,58.05,25
1719898209660,57.9,50
1719898210255,58.2,25
1719898210871,58.15,25
1719898211260,58.2,50
1719898211678,58.3,50
1719898212649,58.65,25
1719898213647,58.55,125
1719898214277,58.5,75
1719898214538,58.45,25
1719898215437,58.1,50
1719898215819,58.05,100
1719898216660,58.1,25
1719898217659,58.0,25
1719898217724,58.0,50
1719898218679,57.7,25
1719898219079,57.65,25
1719898219648,57.15,25
1719898220232,56.75,75
1719898220888,56.95,200
1719898221407,57.1,25
1719898221676,57.15,50
1719898222303,57.55,50
1719898222646,57.6,100
1719898223650,57.65,450
1719898223854,57.7,25
1719898224583,57.45,50
1719898224848,57.3,125
1719898225636,57.35,75
1719898225636,57.35,75
1719898226660,57.2,50
1719898226866,57.15,75
1719898227666,56.95,25
1719898228077,56.75,25
1719898228820,56.5,75
1719898229062,56.65,250
1719898229680,56.75,225
1719898230061,56.55,150
1719898230661,56.55,100
1719898230904,56.65,25
1719898231042,56.8,25
1719898231679,56.95,25
1719898232065,56.8,225
1719898232676,56.9,25
1719898233114,56.95,25
1719898233620,57.1,50
1719898234179,57.1,25
1719898234570,56.85,25
1719898235293,56.65,200
1719898235478,56.85,25
1719898235649,56.75,25
1719898236679,56.6,25
1719898236706,56.55,25
1719898237668,56.05,50
1719898238603,56.2,75
1719898238891,56.05,50
1719898239602,55.85,25
1719898239766,56.0,100
1719898240552,56.2,25
1719898240877,56.3,25
1719898241632,56.75,25
1719898242069,56.85,50
1719898242680,56.65,25
1719898242901,56.85,50
1719898243678,57.1,25
1719898244318,57.25,25
1719898244655,57.3,150
1719898244945,57.4,25
1719898245469,57.55,225
1719898245776,57.95,300
1719898246660,58.3,25
1719898247080,58.2,200
1719898247658,58.3,25
1719898248691,57.65,25
1719898248904,57.6,50
1719898249659,57.7,25
1719898250496,57.35,25
1719898250872,57.25,25
1719898251507,57.15,25
1719898251656,57.2,25
1719898252576,56.95,25
1719898252898,57.0,75
1719898253729,57.0,100
1719898254598,56.85,25
1719898254824,56.85,125
1719898255681,56.65,200
1719898255914,56.7,25
1719898256660,56.4,25
1719898257114,56.45,25
1719898257515,56.55,25
1719898258101,56.7,25
1719898258690,56.85,25
1719898259312,57.1,175
1719898259727,56.95,50
1719898260660,56.75,25
1719898260874,56.8,75
1719898261653,56.65,25
1719898261915,56.65,25
1719898262701,56.6,100
1719898263060,56.65,25
1719898263593,56.85,25
1719898264162,56.85,25
1719898264576,56.95,50
1719898266700,56.4,475
1719898267514,56.65,50
1719898267670,56.65,25
1719898268746,56.25,400
1719898269529,56.3,25
1719898270121,56.1,25
1719898270693,56.1,25
1719898271096,56.0,25
1719898271579,56.25,75
1719898272039,56.0,25
1719898272598,56.05,175
1719898273357,56.4,50
1719898273704,56.25,25
1719898274177,56.0,25
1719898274489,56.05,25
1719898275556,56.05,200
1719898275615,56.05,875
1719898276505,56.4,25
1719898276505,56.4,25
1719898277404,56.35,25
1719898277404,56.35,25
1719898278561,56.3,200
1719898278835,56.5,25
1719898279725,56.5,75
1719898279940,56.55,25
1719898280324,56.35,25
1719898280801,56.25,200
1719898281349,56.35,25
1719898281943,56.35,25
1719898282598,56.3,50
1719898282923,56.2,25
1719898283556,56.35,125
1719898283556,56.35,125
1719898284495,56.15,25
1719898285326,56.25,50
1719898285443,56.2,25
1719898285725,56.35,175
1719898286486,56.45,100
1719898286710,56.45,275
1719898287753,56.3,25
1719898288230,55.95,50
1719898289082,56.15,25
1719898289718,56.25,25
1719898290309,56.15,275
1719898290565,56.1,50
1719898290565,56.1,50
1719898291201,56.15,25
1719898291901,56.0,500
1719898291901,56.0,500
1719898292602,56.0,25
1719898293201,56.1,25
1719898293617,56.0,25
1719898293988,56.05,25
1719898294588,56.3,25
1719898295408,56.75,50
1719898296723,56.75,50
1719898297008,56.75,25
1719898297653,57.0,25
1719898297951,57.1,25
1719898298687,56.6,25
1719898299057,56.65,25
1719898299695,56.65,50
1719898300471,56.6,400
1719898301790,56.6,100
1719898302716,56.75,25
1719898302999,56.75,125
1719898303459,56.95,75
1719898303970,56.9,50
1719898304652,57.0,100
1719898305009,56.8,200
1719898305716,56.85,50
1719898306192,57.0,25
1719898306648,57.1,25
1719898307322,57.25,225
1719898307560,57.15,100
1719898307631,57.2,50
1719898308708,56.95,50
1719898308948,56.95,25
1719898309734,56.95,25
1719898309745,56.8,75
1719898310670,56.9,50
1719898311082,57.0,200
1719898311373,56.75,75
1719898312006,56.95,25
1719898312729,56.7,25
1719898313139,57.0,25
1719898313887,57.0,275
1719898314424,57.3,100
1719898314698,57.35,25
1719898314907,57.45,325
1719898315678,57.4,50
1719898316225,57.6,50
1719898316663,57.65,25
1719898317373,58.0,25
1719898317677,57.9,50
1719898318735,57.75,25
1719898319578,57.8,25
1719898319729,57.8,25
1719898320737,57.45,25
1719898320901,57.45,25
1719898320991,57.45,25
1719898321710,57.3,25
1719898322235,57.35,25
1719898322733,57.4,50
1719898323151,57.3,25
1719898323687,57.15,475
1719898324446,57.1,25
1719898324722,57.2,25
1719898325640,57.2,25
1719898325720,57.2,25
1719898326748,57.0,25
1719898327662,57.15,25
1719898327813,57.0,25
1719898328706,57.0,50
1719898328842,57.0,100
1719898329695,57.1,25
1719898330261,57.05,25
1719898330687,56.8,25
1719898331019,56.75,25
1719898331642,56.8,25
1719898332080,56.7,75
1719898332663,56.75,75
1719898332825,56.75,50
1719898333706,56.8,75
1719898334247,56.5,25
1719898334524,56.6,25
1719898335240,56.55,25
1719898335761,56.7,25
1719898336424,56.9,25
1719898336573,56.85,25
1719898337738,56.7,50
1719898338065,56.65,25
1719898338729,56.8,100
1719898338871,56.7,25
1719898339739,57.0,200
1719898340012,56.9,25
1719898340680,56.6,200
1719898341209,56.6,25
1719898341937,56.6,25
1719898342258,56.6,75
1719898342686,56.55,50
1719898343376,56.6,25
1719898343740,56.8,600
1719898344602,56.5,125
1719898344723,56.65,25
1719898345667,56.55,25
1719898345762,56.6,25
1719898346693,56.8,25
1719898346911,56.75,25
1719898347725,56.9,25
1719898348015,57.1,25
1719898348628,57.1,25
1719898349277,57.05,25
1719898349715,57.1,25
1719898350472,56.9,25
1719898350729,56.6,25
1719898350888,56.55,25
1719898351736,56.5,50
1719898352046,56.5,25
1719898352739,56.65,25
1719898352996,56.6,25
1719898353750,56.1,50
1719898354232,56.2,25
1719898354645,56.25,75
1719898355280,55.8,75
1719898355335,56.0,25
1719898355819,55.9,25
1719898356677,56.0,25
1719898356890,56.0,200
1719898357729,55.95,100
1719898358118,55.8,100
1719898358118,55.8,100
1719898359311,56.0,100
1719898362097,55.7,125
1719898362763,55.95,25
1719898362763,55.95,25
1719898363735,55.8,75
1719898364085,55.25,25
1719898364758,55.5,175
1719898364849,55.3,650
1719898365702,55.5,125
1719898366128,55.55,25
1719898366540,55.5,25
1719898367349,55.1,25
1719898367703,55.3,25
1719898367919,55.3,125
1719898368508,55.05,50
1719898368874,55.1,100
1719898369667,55.25,25
1719898370602,55.5,25
1719898371109,55.2,100
1719898372023,55.25,50
1719898372744,55.2,50
1719898373308,55.3,25
1719898373786,55.1,50
1719898373858,55.1,325
1719898374770,55.15,25
1719898375230,55.0,325
1719898375715,55.0,25
1719898376122,54.95,25
1719898376757,54.95,25
1719898377267,54.9,100
1719898377595,55.05,25
1719898378272,54.9,25
1719898378762,55.2,100
1719898379169,55.35,100
1719898379711,55.25,25
1719898380146,55.3,25
1719898380624,55.25,100
1719898380834,55.25,150
1719898381330,55.15,150
1719898381803,55.0,25
1719898382510,55.2,75
1719898382739,55.15,25
1719898383378,55.1,25
1719898383768,55.15,25
1719898384186,55.15,25
1719898384758,55.4,50
1719898385357,55.55,50
1719898385650,55.8,75
1719898386791,55.7,25
1719898386924,55.75,25
1719898387788,56.15,250
1719898387788,56.15,250
1719898388676,55.8,25
1719898388676,55.8,25
1719898389633,55.7,250
1719898390150,55.55,25
1719898390716,55.5,25
1719898391122,55.65,25
1719898391697,55.75,25
1719898392344,55.85,25
1719898392788,55.7,50
1719898393541,55.75,425
1719898393774,55.75,25
1719898394726,55.55,25
1719898395596,55.7,25
1719898395596,55.7,25
1719898396303,55.55,100
1719898397160,55.15,25
1719898397725,55.55,175
1719898398319,55.05,25
1719898398646,55.05,175
1719898399446,55.05,25
1719898399446,55.05,25
1719898399446,55.05,25
1719898400730,54.85,25
1719898401126,54.75,275
1719898401769,54.6,25
1719898402133,54.65,75
1719898402751,54.85,50
1719898403165,54.75,25
1719898403795,54.75,75
1719898404069,54.9,825
1719898404797,54.85,75
1719898405531,55.0,25
1719898405785,54.9,25
1719898406297,55.0,975
1719898406604,55.0,425
1719898407557,55.15,25
1719898407614,55.25,50
1719898407862,55.15,25
1719898407862,55.15,25
1719898408975,55.35,25
1719898410740,55.3,25
1719898410888,55.2,75
1719898411376,55.1,25
1719898411981,55.2,50
1719898412808,55.25,25
1719898413546,55.15,25
1719898413699,55.15,25
1719898413809,55.15,25
1719898414640,55.05,25
1719898414950,55.25,250
1719898415779,55.1,75
1719898415779,55.1,75
1719898416548,55.0,50
1719898416548,55.0,50
1719898417759,55.05,25
1719898417759,55.05,25
1719898418777,55.3,50
1719898419140,55.1,25
1719898419658,55.2,25
1719898420369,55.5,650
1719898420726,55.65,50
1719898421271,55.75,25
1719898421806,55.75,1275
1719898422094,55.8,25
1719898422740,55.75,25
1719898423309,55.95,25
1719898423666,56.05,25
1719898424280,56.05,50
1719898424598,55.9,25
1719898425137,55.9,25
1719898425598,55.8,25
1719898426600,55.55,25
1719898426647,55.6,25
1719898427727,55.7,25
1719898428736,55.75,50
1719898428828,55.7,50
1719898429655,55.6,25
1719898429962,55.65,25
1719898430598,55.75,75
1719898431002,55.65,25
1719898431792,55.5,25
1719898432180,55.65,50
1719898432729,55.75,50
1719898433112,55.75,25
1719898433428,55.75,25
1719898434131,55.75,25
1719898434694,55.65,150
1719898435582,55.75,50
1719898435717,55.8,25
1719898436536,55.8,25
1719898436536,55.8,25
1719898442512,55.25,25
1719898442734,55.15,25
1719898443246,55.35,25
1719898443740,55.3,75
1719898444751,55.2,25
1719898445794,55.15,75
1719898445996,55.15,25
1719898446942,54.85,125
1719898447239,55.0,25
1719898447829,55.1,25
1719898448351,55.15,75
1719898448692,55.0,25
1719898449344,55.1,25
1719898449744,55.45,750
1719898449966,55.4,25
1719898450619,55.35,25
1719898451396,55.35,75
1719898451780,55.2,75
1719898452206,55.35,25
1719898453019,55.3,25
1719898453368,55.15,50
1719898453571,55.1,75
1719898454632,55.1,100
1719898454632,55.1,100
1719898454632,55.1,100
1719898455452,55.15,25
1719898455452,55.15,25
1719898456808,54.95,25
1719898457081,54.95,25
1719898457816,54.95,75
1719898458242,55.0,25
1719898458671,54.9,25
1719898459172,55.15,75
1719898459483,55.05,50
1719898460420,55.15,50
1719898460420,55.15,50
1719898461379,55.35,75
1719898461715,55.4,25
1719898462338,55.25,25
1719898462667,55.3,50
1719898463434,55.35,100
1719898463434,55.35,100
1719898463970,55.2,25
1719898464731,55.15,50
1719898464731,55.15,50
1719898465806,55.15,50
1719898466177,55.35,50
1719898466799,55.2,25
1719898467236,55.2,25
1719898467793,55.05,75
1719898468057,55.1,175
1719898468660,54.95,100
1719898469109,55.1,200
1719898469831,55.15,50
1719898470162,55.2,25
1719898470487,55.3,25
1719898470864,55.3,25
1719898471407,55.05,50
1719898471534,55.05,200
1719898472106,55.15,50
1719898472832,55.1,25
1719898473817,55.1,725
1719898474124,55.05,25
1719898475073,55.1,25
1719898475535,54.9,25
1719898475854,54.85,25
1719898476825,54.95,25
1719898477289,54.95,50
1719898477664,55.1,25
1719898478236,55.05,25
1719898478236,55.05,25
1719898479751,55.7,50
1719898479866,55.85,50
1719898480814,56.25,25
1719898481232,56.2,50
1719898481724,56.3,150
1719898482445,56.4,25
1719898482732,56.7,25
1719898483491,56.75,100
1719898483734,56.8,100
1719898484460,56.65,100
1719898484777,56.65,25
1719898485251,56.7,100
1719898485847,56.5,25
1719898485962,56.65,25
1719898486651,56.7,25
1719898487264,56.95,100
1719898487550,56.95,900
1719898488285,57.3,175
1719898488745,57.1,25
1719898488986,57.1,200
1719898489763,57.3,50
1719898490340,57.2,50
1719898490716,57.4,25
1719898491651,57.4,200
1719898491808,57.25,25
1719898492502,57.35,25
1719898492782,57.25,25
1719898493842,57.45,25
1719898493842,57.45,25
1719898494333,57.35,25
1719898495089,57.35,25
1719898495803,57.75,125
1719898496296,57.8,25
1719898497058,57.9,150
1719898497255,57.8,800
1719898497767,57.8,25
1719898498071,57.8,25
1719898498847,58.05,100
1719898499077,57.95,25
1719898499854,57.65,25
1719898500499,57.65,25
1719898500847,57.6,25
1719898500903,57.6,25
1719898501698,57.8,25
1719898501808,57.7,25
1719898502683,57.6,25
1719898502823,57.6,25
1719898503891,57.9,100
1719898504836,58.3,525
1719898505106,58.25,25
1719898505772,58.55,75
1719898506298,58.25,25
1719898506860,58.2,25
1719898507510,58.4,25
1719898507813,58.4,25
1719898508432,58.45,150
1719898508687,58.25,50
1719898509631,58.15,25
1719898510058,58.1,25
1719898510562,58.1,350
1719898510859,58.15,150
1719898510914,58.05,25
1719898511853,57.9,25
1719898512059,57.9,75
1719898512858,58.05,150
1719898513097,58.4,25
1719898513772,58.6,25
1719898513772,58.6,25
1719898514702,58.5,100
1719898515116,58.4,25
1719898515774,58.3,25
1719898516285,58.25,75
1719898516783,58.3,25
1719898517298,58.05,250
1719898517870,58.2,50
1719898518715,57.9,75
1719898518852,58.0,25
1719898519625,57.85,25
1719898519806,57.85,25
1719898520688,58.0,25
1719898520930,58.05,25
1719898521804,58.0,500
1719898522867,58.1,25
1719898522891,58.05,75
1719898523851,58.05,100
1719898523851,58.05,100
1719898524794,58.05,25
1719898525332,58.0,50
1719898525735,58.0,50
1719898526522,58.0,25
1719898526722,58.0,25
1719898527535,57.85,100
1719898527839,58.05,25
1719898528494,57.95,25
1719898528723,57.75,25
1719898529502,58.15,25
1719898529711,58.2,300
1719898530683,58.0,25
1719898530886,58.0,100
1719898531844,58.0,25
1719898532141,57.7,25
1719898532736,58.15,25
1719898533077,58.1,150
1719898533868,58.2,50
1719898534320,58.2,25
1719898534848,58.0,25
1719898535304,58.15,200
1719898535847,58.3,100
1719898536294,58.05,75
1719898536779,58.0,150
1719898537527,58.3,1000
1719898537527,58.3,1000
1719898538513,58.15,25
1719898538793,58.2,25
1719898539545,58.0,25
1719898539805,58.15,25
1719898540550,58.0,25
1719898540756,58.0,25
1719898541368,58.05,50
