time,price,volume
1719461503534,17.0,75
1719461504501,17.1,600
1719461504639,17.2,500
1719461505537,17.05,25
1719461505681,17.0,25
1719461506541,17.1,50
1719461506801,17.1,75
1719461507543,17.1,25
1719461507890,17.0,125
1719461508548,16.8,25
1719461509059,16.85,125
1719461509293,16.9,125
1719461509565,16.8,175
1719461510284,16.85,25
1719461510730,17.05,25
1719461511300,17.0,25
1719461511524,16.85,50
1719461512543,16.8,50
1719461512727,17.0,25
1719461513549,16.8,50
1719461513708,16.85,100
1719461514554,16.6,50
1719461514903,16.65,25
1719461515550,16.55,25
1719461516116,16.4,50
1719461516328,16.0,50
1719461516635,16.05,25
1719461517754,16.6,125
1719461518553,16.7,25
1719461518910,17.05,25
1719461519525,16.9,25
1719461519912,16.8,25
1719461520047,16.8,50
1719461520530,16.95,25
1719461520914,16.85,25
1719461521754,16.95,75
1719461521920,17.0,100
1719461522326,16.9,25
1719461522544,16.95,25
1719461523528,16.9,50
1719461523555,16.85,250
1719461524564,17.0,25
1719461524931,16.95,25
1719461525559,16.95,25
1719461525929,17.15,25
1719461526529,17.2,50
1719461527121,17.3,50
1719461527340,17.5,25
1719461527734,17.75,50
1719461528345,17.75,25
1719461528548,17.8,75
1719461529535,17.75,125
1719461529535,17.75,125
1719461530549,17.65,150
1719461531548,17.6,225
1719461532576,17.6,50
1719461532740,17.55,50
1719461533555,17.65,25
1719461534560,17.6,25
1719461535546,17.65,50
1719461535752,17.7,550
1719461536525,17.65,25
1719461536730,17.65,25
1719461537546,17.6,125
1719461537680,17.65,100
1719461538490,17.65,25
1719461538714,17.55,25
1719461539560,17.75,150
1719461539958,17.8,25
1719461540353,17.9,50
1719461540528,17.9,25
1719461541578,18.05,25
1719461542574,18.2,25
1719461543773,18.1,25
1719461544559,18.15,25
1719461544726,18.2,50
1719461545562,18.25,25
1719461545968,18.6,25
1719461546373,18.6,50
1719461546582,18.55,50
1719461547367,18.25,75
1719461547569,18.2,700
1719461548373,18.15,450
1719461548535,18.15,25
1719461549574,18.1,100
1719461550036,18.2,75
1719461550559,18.2,100
1719461551509,18.25,25
1719461552541,18.2,375
1719461552778,18.3,25
1719461553571,18.25,25
1719461553985,18.3,200
1719461554575,18.05,75
1719461554974,18.0,75
1719461555574,18.1,175
1719461555986,18.0,150
1719461556538,18.1,25
1719461556937,18.15,75
1719461557400,17.95,125
1719461557575,18.05,50
1719461558572,17.85,50
1719461559571,17.9,625
1719461560584,17.9,25
1719461561589,18.0,50
1719461562540,18.05,150
1719461562770,18.15,125
1719461563562,18.35,200
1719461563770,18.35,50
1719461564583,18.55,325
1719461564970,18.6,25
1719461565558,18.5,50
1719461566173,18.3,50
1719461566387,18.4,50
1719461566555,18.4,75
1719461567393,18.65,300
1719461567558,18.4,25
1719461568419,18.55,75
1719461568576,18.5,100
1719461569584,18.5,50
1719461569770,18.55,50
1719461570588,18.55,300
1719461570957,18.4,25
1719461571564,18.1,25
1719461572177,18.1,25
1719461572373,18.1,25
1719461572563,18.05,50
1719461573324,18.3,25
1719461573714,18.3,50
1719461574611,18.3,100
1719461575550,18.3,25
1719461575550,18.3,25
1719461576615,17.95,50
1719461577609,18.0,50
1719461577789,18.1,25
1719461578544,17.95,75
1719461578987,18.0,100
1719461579574,18.0,25
1719461580066,17.8,50
1719461580564,17.9,100
1719461581032,17.85,75
1719461581575,17.95,50
1719461581967,17.9,75
1719461582631,17.85,25
1719461583549,17.8,200
1719461583814,17.75,800
1719461584561,17.8,50
1719461585083,17.9,100
1719461585585,18.15,50
1719461585912,18.15,100
1719461586600,18.4,200
1719461587016,18.35,50
1719461587437,18.35,475
1719461587577,18.35,25
1719461588589,18.55,50
1719461588819,18.6,25
1719461589578,18.5,100
1719461589822,18.6,25
1719461590534,18.8,225
1719461590835,18.8,250
1719461591577,18.75,25
1719461591849,18.9,100
1719461592580,18.85,350
1719461592846,18.85,25
1719461593827,18.55,25
1719461594035,18.5,25
1719461594444,18.4,50
1719461594602,18.35,25
1719461595579,18.35,75
1719461595844,18.35,325
1719461596562,18.05,50
1719461596779,18.1,50
1719461597620,18.2,175
1719461598427,18.25,25
1719461598572,18.3,25
1719461599587,18.2,25
1719461599591,18.25,25
1719461600330,18.2,300
1719461600558,18.15,50
1719461605797,17.95,75
1719461606603,18.05,250
1719461606603,18.05,250
1719461607598,18.5,100
1719461607853,18.55,275
1719461608537,18.55,200
1719461608845,18.5,25
1719461609605,18.35,50
1719461610079,18.25,550
1719461610672,18.6,100
1719461611638,18.25,25
1719461612467,18.3,50
1719461612610,18.3,25
1719461613605,18.35,50
1719461613821,18.4,100
1719461614584,18.4,100
1719461615066,18.45,50
1719461615552,18.5,175
1719461616057,18.3,475
1719461616591,18.35,300
1719461617064,18.35,1000
1719461617550,18.35,325
1719461618598,18.5,25
1719461618635,18.6,100
1719461619596,18.25,25
1719461619722,18.25,50
1719461620580,18.25,50
1719461621076,18.0,1050
1719461621578,18.0,25
1719461622050,18.05,25
1719461622491,18.0,200
1719461622594,18.05,25
1719461623560,17.95,50
1719461624816,17.5,25
1719461625089,17.3,25
1719461625609,17.25,200
1719461626269,17.45,100
1719461626491,17.45,25
1719461626628,17.55,25
1719461627606,17.25,75
1719461627709,17.25,75
1719461628574,17.0,50
1719461628694,17.05,125
1719461629603,17.15,300
1719461629892,17.15,300
1719461630627,17.05,25
1719461631087,17.1,25
1719461631568,17.35,225
1719461632052,17.6,25
1719461632629,17.4,25
1719461633073,17.25,25
1719461633600,17.5,300
1719461634311,17.45,100
1719461634514,17.5,225
1719461634573,17.4,25
1719461635698,17.55,25
1719461636626,17.5,50
1719461637665,17.45,25
1719461637868,17.4,25
1719461638529,17.5,25
1719461638849,17.5,25
1719461639611,17.5,300
1719461639843,17.4,25
1719461640061,17.35,75
1719461640626,17.45,50
1719461641108,17.45,25
1719461641606,17.65,400
1719461642118,17.6,50
1719461642620,17.6,200
1719461643124,17.45,25
1719461643498,17.55,300
1719461643598,17.45,125
1719461644510,17.6,25
1719461644635,17.55,75
1719461645709,17.75,25
1719461645767,17.75,25
1719461646597,17.65,50
1719461646671,17.65,225
1719461647614,17.6,25
1719461647922,17.7,125
1719461648624,17.6,25
1719461648784,17.6,25
1719461649611,17.7,100
1719461650323,17.75,25
1719461650519,17.75,25
1719461650596,17.75,225
1719461651590,17.55,25
1719461651708,17.55,25
1719461652615,17.35,175
1719461652743,17.4,200
1719461653626,17.15,25
1719461653907,17.3,25
1719461654619,17.2,25
1719461654915,17.05,25
1719461655614,17.3,25
1719461655919,17.15,350
1719461656605,17.15,25
1719461656928,17.05,25
1719461657606,17.0,150
1719461657943,17.1,25
1719461658596,17.25,50
1719461659151,17.65,350
1719461659544,17.55,25
1719461659644,17.55,25
1719461660625,17.8,25
1719461661626,17.85,25
1719461661662,18.0,1675
1719461662616,18.1,250
1719461662951,18.25,25
1719461663628,18.3,25
1719461663952,17.95,50
1719461664606,18.15,500
1719461664954,18.2,25
1719461665588,18.0,175
1719461666277,18.0,100
1719461666626,18.0,25
1719461667157,17.95,25
1719461667630,17.95,475
1719461668126,17.65,200
1719461668652,17.75,25
1719461669336,17.9,25
1719461669635,17.75,25
1719461670047,17.65,25
1719461670561,17.8,1100
1719461670839,17.85,25
1719461671538,17.75,25
1719461671648,17.75,50
1719461672638,17.95,50
1719461672745,17.95,25
1719461673628,17.65,25
1719461673772,17.75,100
1719461674601,17.85,25
1719461674965,17.9,150
1719461675613,17.75,25
1719461675716,17.65,150
1719461676654,17.55,25
1719461676947,17.5,200
1719461677656,17.45,25
1719461677981,17.55,25
1719461678654,17.65,525
1719461679148,17.85,25
1719461679562,17.9,25
1719461680100,17.9,275
1719461680612,18.0,375
1719461681168,17.8,75
1719461681537,17.7,100
1719461682637,17.65,175
1719461683568,17.25,50
1719461683648,17.25,525
1719461684799,17.2,75
1719461685640,17.3,100
1719461685979,17.25,25
1719461686645,17.2,500
1719461686965,17.15,175
1719461687620,17.25,275
1719461688158,17.4,25
1719461688645,17.4,25
1719461689115,17.45,25
1719461689579,17.15,150
1719461689638,17.1,600
1719461690640,17.15,25
1719461690774,17.1,25
1719461691660,17.05,25
1719461692000,17.15,150
1719461692621,17.15,150
1719461693166,17.35,25
1719461693653,17.2,100
1719461694162,17.1,50
1719461694643,17.2,25
1719461695378,17.05,25
1719461695657,17.15,150
1719461696646,17.2,25
1719461697643,17.15,25
1719461697973,17.2,25
1719461698640,17.45,25
1719461699009,17.7,25
1719461699670,17.5,100
1719461700054,17.25,900
1719461700657,17.1,500
1719461701208,16.9,25
1719461701835,16.95,25
1719461702420,16.55,25
1719461702668,16.85,25
1719461703652,17.1,25
1719461704649,16.95,75
1719461704817,16.95,125
1719461705820,17.25,200
1719461706009,17.25,25
1719461706645,17.45,50
1719461706990,17.45,100
1719461707656,17.65,100
1719461708022,17.85,25
1719461708661,17.55,75
1719461708993,17.6,850
1719461709675,17.8,75
1719461710023,17.45,50
1719461710583,17.35,25
1719461711018,17.05,325
1719461711659,17.05,250
1719461712204,17.25,100
1719461712650,17.2,100
1719461713624,17.6,75
1719461713844,17.55,25
1719461714619,17.45,75
1719461714651,17.45,400
1719461715646,17.4,175
1719461716000,17.45,225
1719461716662,17.45,25
1719461716819,17.5,350
1719461717650,17.45,25
1719461717802,17.4,25
1719461718580,17.3,25
1719461718820,17.2,275
1719461719670,16.95,25
1719461720037,16.85,100
1719461720668,16.8,25
1719461721026,16.7,1150
1719461721651,16.8,75
1719461722209,16.75,25
1719461722664,16.75,875
1719461723203,16.85,25
1719461723628,16.85,25
1719461724194,16.65,150
1719461724674,16.65,50
1719461725239,16.6,25
1719461725607,16.6,25
1719461726247,16.55,50
1719461726637,16.55,75
1719461726671,16.55,50
1719461727786,16.65,25
1719461728626,16.6,25
1719461728860,16.6,25
1719461729563,16.65,50
1719461729847,16.55,25
1719461730065,16.45,100
1719461730682,16.5,125
1719461731055,16.45,100
1719461731657,16.15,25
1719461732064,16.0,750
1719461732699,15.55,275
1719461733267,15.55,25
1719461733677,15.5,25
1719461734454,15.05,500
1719461734672,15.1,75
1719461735667,15.3,25
1719461735893,15.1,175
1719461736690,15.15,200
1719461736876,15.2,75
1719461737685,15.3,25
1719461738059,15.45,200
1719461738678,15.45,50
1719461739061,15.55,25
1719461739678,15.5,75
1719461740478,15.6,25
1719461740659,15.55,175
1719461741446,15.65,100
1719461741689,15.6,200
1719461742269,15.75,425
1719461742884,15.85,25
1719461743273,15.8,25
1719461743664,15.85,25
1719461744477,15.95,150
1719461744658,15.75,275
1719461745652,15.85,75
1719461745816,15.8,25
1719461746841,15.85,25
1719461747049,15.85,500
1719461747677,15.7,25
1719461748040,15.7,25
1719461748702,15.75,75
1719461749269,15.65,175
1719461749679,15.6,300
1719461750270,15.6,75
1719461750705,15.3,25
1719461751293,15.35,25
1719461751703,15.2,150
1719461763875,15.2,100
1719461764111,15.1,25
1719461764702,14.8,25
1719461765084,14.9,100
1719461765880,15.2,175
1719461766501,15.05,100
1719461766700,15.05,25
1719461767306,15.05,25
1719461767699,15.15,225
1719461768487,15.15,25
1719461768685,15.1,25
1719461768906,14.95,25
1719461769694,15.1,25
1719461770688,14.95,25
1719461771675,15.05,125
1719461771911,15.05,150
1719461772905,15.0,75
1719461773089,15.05,275
1719461773687,15.05,50
1719461774076,15.15,25
1719461774705,15.15,25
1719461775324,15.05,50
1719461775712,15.0,50
1719461776307,15.05,50
1719461776698,15.1,25
1719461777291,15.1,100
1719461777707,15.1,25
1719461778321,15.1,50
1719461778692,15.0,25
1719461779490,15.1,25
1719461779702,15.15,25
1719461780688,15.05,25
1719461780888,15.15,200
1719461781705,15.2,75
1719461781918,15.05,25
1719461782720,14.9,25
1719461783064,15.1,325
1719461783704,14.8,25
1719461784131,14.9,425
1719461784717,14.95,100
1719461785110,14.9,200
1719461785664,14.75,475
1719461786338,14.65,50
1719461786726,14.3,25
1719461787526,14.4,100
1719461787709,14.35,25
1719461788902,14.3,25
1719461789722,14.2,250
1719461789927,14.15,100
1719461792906,14.55,25
1719461793095,14.5,25
1719461793734,14.45,25
1719461794325,14.6,300
1719461794736,14.45,250
1719461795338,14.45,100
1719461795686,14.55,100
1719461796298,14.4,150
1719461796707,14.45,500
1719461797348,14.45,25
1719461797723,14.45,25
1719461797938,14.3,125
1719461798730,14.25,25
1719461798949,14.25,25
1719461799713,14.35,25
1719461800146,14.4,25
1719461800718,14.4,125
1719461801355,14.3,50
1719461801721,14.25,25
1719461802151,14.45,225
1719461802892,14.35,100
1719461803720,14.2,50
1719461804147,14.25,25
1719461804712,14.3,125
1719461805142,14.3,750
1719461805700,14.25,775
1719461806553,14.2,125
1719461806725,14.2,25
1719461806743,14.2,550
1719461807758,14.2,400
1719461808723,14.3,125
1719461808926,14.35,50
1719461809731,14.2,25
1719461809947,14.35,50
1719461810718,14.3,25
1719461811160,14.25,50
1719461811719,14.25,50
1719461812146,14.4,50
1719461812866,14.4,25
1719461813125,14.35,100
1719461813715,14.2,25
1719461814339,14.25,25
1719461814766,14.25,25
1719461817713,14.5,150
1719461818170,14.55,75
1719461818719,14.55,75
1719461860703,15.3,225
1719461861755,15.05,75
1719461862037,15.05,25
1719461862820,15.1,25
1719461863721,15.2,50
1719461864043,15.15,50
1719461864762,15.1,25
1719461865207,15.1,400
1719461865759,15.05,25
1719461872764,15.2,250
1719461873454,15.3,25
1719461873971,15.35,25
1719461874637,15.35,25
1719461874850,15.5,75
1719461875850,15.45,75
1719461876931,15.4,25
1719461877258,15.4,25
1719461877768,15.45,100
1719461878238,15.45,150
1719461878750,15.4,50
1719461879239,15.4,25
1719461879770,15.45,25
1719461880053,15.4,25
1719461880379,15.35,25
1719461880782,15.15,100
1719461881454,15.2,25
1719461881874,15.45,400
1719461881944,15.4,50
1719461882764,15.45,75
1719461883058,15.4,50
1719461883748,15.4,25
1719461884082,15.25,50
1719461884755,15.3,50
1719461885248,15.25,25
1719461885776,15.25,25
1719461886058,15.3,25
1719461886768,15.25,25
1719461887273,15.3,25
1719461887753,15.25,25
1719461888057,15.4,150
1719461888766,15.45,50
1719461889038,15.25,275
1719461889742,15.3,25
1719461890208,15.4,25
1719461890974,15.4,25
1719461891467,15.4,25
1719461891726,15.45,25
1719461892473,15.4,25
1719461892773,15.5,25
1719461893476,15.45,125
1719461893667,15.45,250
1719461894476,15.4,75
1719461894785,15.4,25
1719461894864,15.45,600
1719461895843,15.4,25
1719461896066,15.35,25
1719461896769,15.3,200
1719461897102,15.3,25
1719461897780,15.3,500
1719461898060,15.3,250
1719461898757,15.4,425
1719461899082,15.5,25
1719461899686,15.45,50
1719461900047,15.45,25
1719461900785,15.35,50
1719461901283,15.35,25
1719461901776,15.4,25
1719461902419,15.3,100
1719461902764,15.35,150
1719461903480,15.25,100
1719461903801,15.3,50
1719461904085,15.3,25
1719461904765,15.35,25
1719461904877,15.45,50
1719461905801,15.45,150
1719461906106,15.5,25
1719461906727,15.65,25
1719461907312,15.55,50
1719461907800,15.4,25
1719461908497,15.5,125
1719461908733,15.55,25
1719461908916,15.5,25
1719461909776,15.45,25
1719461910102,15.5,375
1719461910796,15.7,75
1719461911304,15.8,300
1719461911959,15.9,25
1719461912518,15.8,150
1719461912796,15.8,25
1719461913305,15.75,25
1719461913752,15.8,50
1719461914475,16.05,25
1719461914781,16.05,25
1719461915512,16.1,75
1719461915795,15.95,700
1719461916323,15.95,25
1719461916790,16.2,250
1719461917522,15.8,675
1719461917787,15.8,50
1719461918120,15.9,125
1719461918794,15.95,50
1719461919117,15.85,25
1719461919777,15.9,25
1719461920332,15.9,25
1719461921005,15.85,75
1719461921333,15.75,50
1719461921803,15.65,500
1719461922318,15.6,25
1719461922768,15.7,25
1719461923273,15.7,25
1719461923794,15.7,25
1719461924520,15.8,25
1719461924804,15.8,25
1719461925114,15.8,75
1719461925795,15.55,100
1719461926133,15.5,75
1719461926806,15.65,25
1719461927339,15.7,25
1719461927769,15.7,25
1719461928545,15.55,25
1719461928813,15.55,300
1719461929321,15.6,25
1719461929792,15.65,100
1719461930411,15.65,50
1719461930799,15.6,50
1719461931497,15.6,25
1719461931812,15.7,100
1719461932521,15.6,75
1719461932807,15.65,25
1719461933138,15.7,25
1719461933794,15.75,25
1719461934157,15.75,100
1719461934728,15.6,25
1719461935145,15.7,75
1719461935788,15.65,375
1719461936364,15.75,25
1719461936766,15.8,50
1719461937359,15.8,300
1719461937809,15.8,25
1719461938561,15.8,50
1719461938801,15.75,150
1719461939948,15.65,25
1719461940810,15.5,200
1719461941125,15.5,50
1719461941786,15.6,650
1719461942154,15.6,25
1719461942794,15.5,25
1719461943130,15.45,75
1719461943798,15.4,50
1719461944375,15.6,25
1719461945004,15.5,75
1719461945544,15.4,75
1719461945799,15.4,25
1719461946369,15.2,50
1719461946789,15.2,50
1719461947562,15.2,425
1719461947782,15.25,50
1719461948570,15.15,75
1719461948800,15.2,25
1719461949807,15.15,25
1719461949952,15.15,50
1719461950813,15.15,75
1719461950905,15.15,25
1719461951799,15.15,25
1719461952129,15.05,175
1719461952803,15.1,25
1719461953181,15.05,25
1719461953799,15.05,575
1719461954292,15.05,300
1719461954806,15.1,25
1719461955808,15.15,25
1719461956000,15.05,200
1719461956777,15.15,125
1719461956927,15.1,550
1719461957798,15.1,50
1719461957994,15.0,150
1719461958793,14.75,300
1719461958973,14.7,25
1719461959746,14.75,25
1719461960387,14.5,50
1719461961013,14.4,25
1719461961180,14.3,175
1719461961815,13.85,25
1719461962386,13.95,25
1719461962822,14.0,350
1719461963388,13.75,100
1719461963827,13.9,25
1719461964400,14.05,275
1719461965028,13.9,25
1719461965356,13.9,25
1719461965818,14.0,75
1719461966352,14.1,50
1719461966807,14.2,50
1719461967804,14.15,100
1719461967991,14.25,200
1719461968850,14.15,200
1719461968939,14.2,125
1719461969824,14.05,25
1719461970061,14.0,25
1719461970089,14.05,25
1719461971016,14.15,50
1719461971823,14.05,50
1719461972209,14.05,25
1719461972827,14.1,25
1719461973011,14.1,200
1719461973821,14.2,100
1719461974000,14.2,25
1719461974829,14.25,50
1719461975179,14.1,400
1719461975810,14.2,75
1719461976096,14.15,125
1719461976804,14.2,200
1719461977405,14.1,25
1719461977808,14.05,25
1719461978591,14.1,50
1719461978825,14.2,50
1719461979822,14.05,25
1719461980032,14.0,25
1719461980828,14.05,400
1719461981037,14.0,25
1719461981802,14.0,50
1719461981989,13.95,50
1719461982831,13.9,25
1719461983248,13.85,475
1719461983835,13.55,50
1719461984419,13.45,50
1719461984835,13.4,25
1719461985405,13.5,50
1719461985827,13.65,25
1719461986631,13.6,650
1719461986815,13.6,25
1719461987650,13.6,25
1719461987855,13.7,50
1719461988598,13.65,250
1719461988831,13.65,50
1719461989035,13.7,25
1719461989808,13.65,50
1719461990171,13.5,25
1719461990845,13.65,100
1719461991225,13.7,50
1719461991793,13.7,325
1719461992027,13.65,325
1719461992822,13.7,50
1719461993040,13.8,175
1719461993847,13.65,25
1719461994429,13.55,25
1719461994814,13.6,25
1719461995454,13.55,750
1719461995841,13.45,450
1719461996828,13.8,25
1719461997038,13.75,150
1719461997797,13.65,25
1719461998058,13.65,25
1719461998763,13.75,325
1719461999043,13.6,75
1719461999828,13.6,50
1719462000038,13.6,25
1719462000226,13.5,50
1719462000795,13.55,25
1719462001459,13.55,25
1719462001843,13.25,25
1719462002872,13.3,100
1719462003053,13.3,50
1719462003833,13.5,25
1719462004850,13.45,100
1719462005244,13.45,125
1719462005803,13.4,25
1719462006252,13.4,25
1719462006846,13.35,25
1719462007649,13.1,25
1719462007846,13.05,75
1719462008664,12.95,50
1719462008846,12.9,1575
1719462009636,13.15,100
1719462009855,13.0,25
1719462010846,13.1,1175
1719462011040,13.05,25
1719462011267,13.1,750
1719462011836,13.15,25
1719462012055,13.25,25
1719462012846,13.05,25
1719462013062,13.05,500
1719462013847,13.1,125
1719462014257,13.05,100
1719462014835,13.1,50
1719462015272,13.0,75
1719462016071,12.9,25
1719462016840,13.05,100
1719462017057,13.0,100
1719462017867,12.9,100
1719462018652,12.8,25
1719462018851,12.85,600
1719462019488,12.95,50
1719462019836,12.95,100
1719462020475,12.85,900
1719462021059,12.9,25
1719462021676,12.9,175
1719462021828,12.9,25
1719462022658,13.2,975
1719462022858,13.3,25
1719462023674,13.35,25
1719462023861,13.3,200
1719462024074,13.15,25
1719462025045,13.4,50
1719462025289,13.4,500
1719462025839,13.3,25
1719462026436,13.35,50
1719462026859,13.45,275
1719462027664,13.5,75
1719462027847,13.45,600
1719462028081,13.45,25
1719462028822,13.35,25
1719462029077,13.3,100
1719462029827,13.3,25
1719462030049,13.35,25
1719462030278,13.35,25
1719462030814,13.25,25
1719462031472,13.25,300
1719462031843,13.25,25
1719462032443,13.25,100
1719462032860,13.25,25
1719462033471,13.3,25
1719462033842,13.3,50
1719462034643,13.25,200
1719462034783,13.25,100
1719462035696,13.35,25
1719462035839,13.4,25
1719462036279,13.35,25
1719462037091,13.2,25
1719462037864,13.35,25
1719462038258,13.45,25
1719462038854,13.3,25
1719462039475,13.25,50
1719462039862,13.3,50
1719462040646,13.3,225
1719462040874,13.2,50
1719462041708,13.35,550
1719462041874,13.45,50
1719462042662,13.45,25
1719462042811,13.4,100
1719462043065,13.3,400
1719462043830,13.4,25
1719462044295,13.6,25
1719462044870,13.45,50
1719462045355,13.45,50
1719462045852,13.55,25
1719462046695,13.4,25
1719462046885,13.4,75
1719462047281,13.35,25
1719462047885,13.4,200
1719462048691,13.25,25
1719462048880,13.25,50
1719462049096,13.3,600
1719462049860,13.3,75
1719462050313,13.15,25
1719462050887,13.05,50
1719462051506,13.1,425
1719462051868,13.2,25
1719462052699,13.0,100
1719462052853,12.95,25
1719462053923,12.85,25
1719462054111,12.9,125
1719462054880,13.05,25
1719462055125,13.0,25
1719462055890,13.0,50
1719462056327,13.15,25
1719462056871,13.15,175
1719462057488,13.2,100
1719462057879,13.2,50
1719462058709,13.4,25
1719462058875,13.45,250
1719462059704,13.4,25
1719462059894,13.35,150
1719462060073,13.3,175
1719462060916,13.25,175
1719462061127,13.15,75
1719462061880,13.0,25
1719462062325,13.15,25
1719462063099,13.1,25
1719462063337,13.1,775
1719462063900,13.15,25
1719462064521,13.45,700
1719462064889,13.45,75
1719462065483,13.55,175
1719462065877,13.5,25
1719462066529,13.45,25
1719462066873,13.55,25
1719462067705,13.55,25
1719462068131,13.5,25
1719462068880,13.35,50
1719462069153,13.35,425
1719462069888,13.35,425
1719462070241,13.4,50
1719462070883,13.45,25
1719462071293,13.4,25
1719462071822,13.45,25
1719462072345,13.45,25
1719462072888,13.45,75
1719462073533,13.4,575
1719462073890,13.35,50
1719462074697,13.25,25
1719462074884,13.25,50
1719462075738,13.3,25
1719462075868,13.35,125
1719462076896,13.3,50
1719462076938,13.3,175
1719462077146,13.35,50
1719462077904,13.25,100
1719462078122,13.25,50
1719462078909,13.2,25
1719462079358,13.2,100
1719462079840,13.2,50
1719462080527,13.25,675
1719462080874,13.25,25
1719462081553,13.35,50
1719462081905,13.35,50
1719462082732,13.6,150
1719462082906,13.65,125
1719462083947,13.45,475
1719462084088,13.45,25
1719462084861,13.65,25
1719462085358,13.6,325
1719462085871,13.5,25
1719462086344,13.45,25
1719462086894,13.55,25
1719462087333,13.5,50
1719462087845,13.55,25
1719462088571,13.5,25
1719462088877,13.45,175
1719462089558,13.65,75
1719462089899,13.55,25
1719462089990,13.65,25
1719462090514,13.6,25
1719462090930,13.55,50
1719462091541,13.7,25
1719462091884,13.65,50
1719462092760,13.65,50
1719462092816,13.6,50
1719462093070,13.65,50
1719462093893,13.8,50
1719462094157,13.85,25
1719462094908,13.85,1525
1719462095140,13.9,200
1719462095919,13.65,75
1719462096376,13.75,275
1719462096905,13.7,25
1719462097562,13.6,25
1719462097900,13.6,175
1719462098737,13.65,25
1719462098851,13.65,50
1719462099698,13.55,50
1719462099890,13.55,25
1719462100773,13.7,25
1719462100866,13.65,25
1719462101342,13.7,50
1719462101893,13.7,25
1719462102380,13.65,25
1719462102909,13.7,100
1719462103551,13.7,775
1719462103906,13.65,50
1719462104553,13.7,50
1719462105050,13.7,275
1719462105769,13.8,25
1719462105900,13.8,25
1719462106776,13.75,125
1719462106855,13.8,175
1719462107168,13.85,125
1719462107890,13.85,350
1719462108395,13.7,25
1719462108875,13.55,25
1719462109385,13.7,25
1719462109904,13.55,475
1719462110104,13.5,50
1719462110912,13.35,350
1719462111358,13.55,125
1719462111906,13.55,25
1719462112398,13.5,100
1719462112936,13.3,25
1719462113578,13.35,25
1719462113919,13.45,25
1719462114551,13.5,75
1719462114916,13.45,600
1719462115584,13.5,100
1719462115882,13.5,175
1719462116740,13.55,100
1719462116870,13.55,325
1719462117188,13.65,100
1719462117926,13.5,75
1719462118189,13.6,200
1719462118866,13.7,100
1719462119392,13.9,25
1719462119912,13.75,100
1719462120025,13.7,25
1719462120284,13.7,50
1719462120921,13.55,50
1719462121376,13.65,25
1719462121901,13.85,25
1719462122408,13.95,400
1719462122902,13.85,750
1719462123613,13.85,25
1719462123904,13.85,50
1719462124772,14.0,850
1719462124905,13.95,25
1719462125195,13.9,125
1719462125824,13.9,275
1719462126426,13.9,125
1719462126902,13.9,25
1719462127352,13.9,525
1719462127817,13.9,50
1719462128620,13.9,175
1719462128904,13.9,25
1719462129601,13.95,25
1719462129915,13.8,25
1719462130798,14.0,125
1719462130921,13.95,50
1719462131409,14.0,25
1719462131917,13.9,25
1719462132306,13.9,25
1719462132880,14.05,75
1719462133621,14.0,25
1719462133934,13.75,25
1719462134622,13.8,500
1719462134916,13.65,375
1719462135618,13.85,550
1719462135893,13.85,50
1719462136627,13.75,50
1719462136903,13.8,75
1719462137907,13.85,700
1719462138223,13.95,100
1719462138910,14.05,25
1719462139208,14.05,25
1719462139936,14.0,850
1719462140639,14.0,25
1719462140856,14.05,25
1719462141417,14.0,25
1719462142117,14.05,125
1719462142640,14.2,25
1719462142923,14.15,125
1719462143611,14.05,25
1719462143927,14.05,25
1719462144641,14.1,175
1719462144920,14.2,25
1719462145640,14.1,125
1719462145920,14.15,25
1719462146898,14.0,200
1719462147441,13.9,25
1719462147905,14.1,50
1719462148460,14.0,50
1719462148888,14.0,50
1719462149406,14.15,275
1719462149833,14.1,50
1719462150018,14.05,25
1719462150445,14.05,25
1719462150942,14.2,25
1719462151613,14.2,25
1719462151944,14.15,125
1719462152641,14.2,50
1719462152929,14.2,25
1719462153843,14.2,25
1719462153950,14.2,100
1719462154246,14.2,125
1719462154927,14.1,700
1719462155409,14.15,25
1719462155936,14.2,25
1719462156631,14.2,50
1719462156909,14.2,75
1719462157464,14.25,150
1719462157939,14.25,50
1719462158933,14.3,50
1719462159619,14.3,25
1719462159944,14.45,25
1719462160642,14.45,25
1719462160916,14.4,25
1719462161924,14.5,25
1719462162440,14.5,100
1719462162939,14.5,25
1719462163474,14.6,225
1719462163927,14.5,75
1719462164680,14.55,500
1719462164936,14.6,100
1719462165653,14.5,25
1719462165944,14.4,100
1719462166859,14.4,250
1719462166936,14.5,50
1719462167192,14.5,25
1719462167930,14.55,25
1719462168252,14.6,250
1719462168897,14.6,75
1719462169478,14.75,425
1719462169944,14.8,25
1719462170682,14.55,25
1719462170925,14.6,1700
1719462171681,14.65,25
1719462171921,14.55,150
1719462172465,14.55,25
1719462172951,14.5,100
1719462173481,14.3,50
1719462173945,14.45,25
1719462174477,14.35,25
1719462174946,14.3,25
1719462175673,14.2,1000
1719462175934,14.3,25
1719462176676,14.5,25
1719462176951,14.5,375
1719462177672,14.65,125
1719462177944,14.6,25
1719462178850,14.9,25
1719462178944,14.9,400
1719462179905,14.8,100
1719462180060,14.8,175
1719462180290,14.7,25
1719462180930,14.8,25
1719462181496,14.9,25
1719462182144,14.8,150
1719462182480,14.75,50
1719462182935,14.75,25
1719462183474,14.75,25
1719462183942,14.85,25
1719462184296,14.9,25
1719462184956,14.85,75
1719462185267,14.85,100
1719462185954,14.75,125
1719462186304,14.75,25
1719462186933,14.85,50
1719462187287,14.8,75
1719462187962,14.75,125
1719462188301,14.85,100
1719462188949,14.8,400
1719462189506,14.8,450
1719462189962,14.85,75
1719462190501,14.85,25
1719462190968,14.8,25
1719462191496,14.8,50
1719462191971,14.7,25
1719462192515,14.65,50
1719462192963,14.75,625
1719462193520,14.7,75
1719462193964,14.9,50
1719462194641,14.8,25
1719462194899,14.85,125
1719462195967,14.7,100
1719462196928,14.75,75
1719462197306,14.8,200
1719462197971,14.65,25
1719462198327,14.8,100
1719462198971,14.7,25
1719462199480,14.7,25
1719462199953,14.65,75
1719462200708,14.65,175
1719462200898,14.6,175
1719462201676,14.6,25
1719462201947,14.55,100
1719462202965,14.45,25
1719462203931,14.5,25
1719462203965,14.45,25
1719462204975,14.2,50
1719462205136,14.3,25
1719462205525,14.2,50
1719462205958,14.15,25
1719462206541,14.1,25
1719462206956,14.15,25
1719462207542,14.1,25
1719462207934,14.25,125
1719462208256,14.3,25
1719462208973,14.35,100
1719462209544,14.4,100
1719462210030,14.5,25
1719462210506,14.5,75
1719462210973,14.55,275
1719462211517,14.45,25
1719462211982,14.45,75
1719462212539,14.45,75
1719462212978,14.4,25
1719462213762,14.35,50
1719462213979,14.4,50
1719462214673,14.5,25
1719462214941,14.5,25
1719462215540,14.55,25
1719462215980,14.6,50
1719462216668,14.55,25
1719462216990,14.5,500
1719462217604,14.45,25
1719462217987,14.5,75
1719462218838,14.4,175
1719462218970,14.5,175
1719462219351,14.55,125
1719462219911,14.5,50
1719462220566,14.45,150
1719462220931,14.5,25
1719462221754,14.5,25
1719462221939,14.55,50
1719462222701,14.6,25
1719462222916,14.55,175
1719462223763,14.6,25
1719462223945,14.45,100
1719462224924,14.55,25
1719462224957,14.6,25
1719462225553,14.5,25
1719462225959,14.5,50
1719462226560,14.4,25
1719462226985,14.5,25
1719462227458,14.55,250
1719462227943,14.5,500
1719462228477,14.6,25
1719462228985,14.6,50
1719462229724,14.7,400
1719462229988,14.6,650
1719462230612,14.75,1200
1719462231002,14.75,25
1719462231964,14.6,25
1719462232104,14.65,250
1719462232314,14.7,25
1719462232965,14.7,100
1719462233366,14.65,950
1719462233997,14.5,50
1719462234552,14.6,25
1719462234989,14.45,275
1719462235596,14.6,75
1719462235991,14.6,25
1719462236801,14.65,25
1719462236969,14.65,25
1719462237986,14.75,25
1719462238929,14.6,50
1719462240032,14.6,50
1719462240139,14.6,25
1719462240326,14.5,25
1719462240987,14.5,25
1719462241389,14.35,125
1719462241980,14.35,25
1719462242730,14.4,25
1719462242942,14.35,50
1719462243262,14.35,25
1719462243998,14.25,25
1719462244402,14.2,75
1719462244986,14.3,75
1719462245391,14.15,50
1719462245955,14.15,25
1719462246792,14.0,50
1719462246956,13.95,75
1719462247353,14.2,675
1719462247930,14.05,100
1719462248571,13.9,25
1719462248996,13.9,175
1719462249593,14.05,25
1719462249990,14.15,325
1719462250782,14.2,25
1719462250973,14.15,25
1719462251380,14.1,25
1719462251967,14.1,25
1719462252398,14.2,50
1719462252999,14.4,25
1719462253405,14.3,50
1719462253943,14.3,25
1719462254640,14.15,50
1719462254985,14.2,25
1719462256004,14.2,25
1719462256997,14.25,25
1719462257919,14.25,25
1719462258948,14.35,25
1719462259944,14.25,50
1719462260112,14.25,25
1719462260374,14.25,150
1719462261008,14.25,25
1719462261595,14.2,50
1719462261922,14.25,75
1719462262712,14.15,25
1719462262937,14.15,25
1719462263764,14.1,50
1719462264008,13.9,50
1719462264802,14.05,825
1719462265218,14.0,25
1719462265805,13.85,25
1719462265959,13.9,25
1719462266822,13.95,250
1719462266996,13.85,325
1719462267996,13.65,25
1719462268210,13.75,25
1719462268437,13.8,25
1719462269001,13.8,175
1719462269412,13.65,350
1719462270076,13.7,25
1719462270647,13.7,500
1719462271007,13.8,25
1719462271816,13.75,75
1719462272020,13.7,200
1719462273008,13.7,475
1719462274024,13.7,100
1719462275020,13.7,1175
1719462275176,13.7,25
1719462275427,13.7,100
1719462275998,13.6,25
1719462276445,13.7,25
1719462276910,13.65,50
1719462277620,13.35,25
1719462277969,13.4,25
1719462278613,13.3,50
1719462279018,13.2,50
1719462279817,13.25,800
1719462279954,13.35,25
1719462280773,13.15,1550
1719462281015,13.1,100
1719462282049,13.0,50
1719462283008,13.2,25
1719462283255,13.2,25
1719462283458,13.15,175
1719462284033,13.2,25
1719462284455,13.3,100
1719462285010,13.45,675
1719462285638,13.25,825
1719462286038,13.3,375
1719462286633,13.35,50
1719462286945,13.4,25
1719462287668,13.35,275
1719462288008,13.5,25
1719462288609,13.4,300
1719462288980,13.4,100
1719462289648,13.3,25
1719462290139,13.3,25
1719462290440,13.25,175
1719462291014,13.1,150
1719462291614,13.0,150
1719462292030,12.9,300
1719462292867,12.9,225
1719462293011,13.0,200
1719462293864,13.1,50
1719462294221,13.25,25
1719462294456,13.2,25
1719462295026,13.25,25
1719462295670,13.05,25
1719462296012,13.15,50
1719462296840,13.2,25
1719462296971,13.1,500
1719462297619,13.1,25
1719462298024,13.15,25
1719462298422,13.2,75
1719462298980,13.1,775
1719462299634,13.1,50
1719462300060,13.1,175
1719462300856,13.0,125
1719462301043,12.95,250
1719462301876,12.8,250
1719462302039,12.85,100
1719462303048,12.9,25
1719462303222,12.9,325
1719462304023,12.85,125
1719462304267,12.95,275
1719462305005,12.85,75
1719462305005,12.85,75
1719462306206,12.85,375
1719462306274,12.85,125
1719462307039,12.8,150
1719462307243,12.8,25
1719462308022,12.7,50
1719462308268,12.75,125
1719462308477,12.8,625
1719462309021,12.8,100
1719462309688,12.9,25
1719462310047,13.05,100
1719462310688,12.9,25
1719462311001,12.9,25
1719462311661,12.9,100
1719462312241,12.25,100
1719462312685,12.25,25
1719462313044,12.15,50
1719462313876,12.3,25
1719462314027,12.4,25
1719462328236,12.15,200
1719462328458,12.1,50
1719462329041,12.1,50
1719462330914,12.15,25
1719462331018,12.15,150
1719462331915,12.1,50
1719462332016,12.1,25
1719462332522,12.2,450
1719462333056,12.25,25
1719462333731,12.2,25
1719462334051,12.1,25
1719462334973,12.2,25
1719462335926,12.15,25
1719462336046,12.2,25
1719462336909,12.15,200
1719462337259,12.1,25
1719462338038,12.25,125
1719462338729,12.25,25
1719462339058,12.2,25
1719462339941,12.15,25
1719462340060,12.1,50
1719462340991,12.15,25
1719462342030,12.2,25
1719462342129,12.25,25
1719462348739,12.3,200
1719462348999,12.3,100
1719462349485,12.25,25
1719462350033,12.2,150
1719462350759,12.15,100
1719462351024,12.2,25
1719462351946,12.2,25
1719462351946,12.2,25
1719462353105,12.25,50
1719462354255,12.25,25
1719462354322,12.25,25
1719462354569,12.3,50
1719462355050,12.2,525
1719462355763,12.2,175
1719462356060,12.25,25
1719462357055,12.3,350
1719462358069,12.3,25
1719462358170,12.35,50
1719462359111,12.4,25
1719462359479,12.3,100
1719462360046,12.4,25
1719462360759,12.45,1450
1719462361027,12.4,75
1719462361960,12.25,25
1719462362024,12.3,25
1719462363064,12.35,25
1719462364067,12.35,25
1719462364168,12.45,50
1719462364538,12.35,225
1719462365068,12.5,25
1719462365584,12.55,100
1719462366034,12.5,25
1719462366783,12.6,1750
1719462367045,12.55,25
1719462367964,12.5,50
1719462368070,12.5,350
1719462369057,12.55,25
1719462369969,12.5,300
1719462370055,12.45,25
1719462370787,12.35,75
1719462371047,12.4,50
1719462372014,12.4,500
1719462373220,12.35,175
1719462405642,11.4,50
1719462406098,11.35,50
1719462406640,11.4,1550
1719462407077,11.25,25
1719462408105,11.0,75
1719462408853,10.95,50
1719462409298,10.9,25
1719462410056,11.2,25
1719462413097,10.95,25
1719462413263,10.9,350
1719462414100,10.9,25
1719462414263,10.9,50
1719462415110,10.65,25
1719462415462,10.6,50
1719462416294,10.55,50
1719462416460,10.5,25
1719462416668,10.65,25
1719462417114,10.7,25
1719462417865,10.6,25
1719462418095,10.45,25
1719462418880,10.45,25
1719462419305,10.35,75
1719462420074,10.35,50
1719462420296,10.25,25
1719462421114,10.25,25
1719462421455,10.15,275
1719462422118,10.0,600
1719462422674,9.95,50
1719462423314,9.75,25
1719462423869,9.85,475
1719462424117,9.85,50
1719462425303,10.0,400
1719462426110,9.8,50
1719462426264,9.8,25
1719462427110,9.8,100
1719462427681,9.8,50
1719462428316,9.8,25
1719462428687,9.8,175
1719462429116,9.7,1175
1719462429898,9.75,25
1719462430119,9.75,100
1719462431103,9.85,25
1719462432096,9.75,25
1719462432115,9.75,25
1719462433096,9.9,425
1719462433289,9.85,600
1719462434100,9.8,850
1719462434292,9.75,25
1719462435101,9.75,200
1719462435469,9.75,50
1719462435695,9.65,100
1719462436132,9.55,125
1719462436894,9.6,25
1719462437112,9.65,25
1719462437894,9.55,25
1719462438114,9.55,150
1719462438898,9.45,100
1719462439121,9.5,200
1719462440080,9.55,200
1719462440320,9.6,75
1719462441097,9.55,175
1719462441097,9.55,175
1719462441874,9.5,100
1719462442109,9.45,75
1719462443101,9.55,75
1719462443310,9.4,25
1719462444112,9.3,1625
1719462444300,9.4,25
1719462445109,9.2,100
1719462445325,9.2,50
1719462446122,9.15,200
1719462446483,9.1,25
1719462446701,9.15,75
1719462447134,9.25,50
1719462447653,9.3,25
1719462448262,9.25,25
1719462448729,9.25,25
1719462449122,9.25,25
1719462449913,9.25,400
1719462450104,9.2,25
1719462450899,9.25,50
1719462451111,9.2,25
1719462451928,9.1,25
1719462452134,9.2,350
1719462452914,9.25,25
1719462453332,9.2,250
1719462453929,9.15,150
1719462454140,9.2,100
1719462454923,9.2,50
1719462455135,9.1,1050
1719462457116,9.2,1225
1719462457930,9.1,250
1719462458130,9.15,50
1719462459120,9.15,25
1719462459925,9.15,25
1719462460315,9.1,200
1719462460913,9.15,25
1719462461131,9.15,25
1719462461931,9.1,25
1719462462113,9.05,25
1719462462739,8.95,25
1719462463128,8.8,100
1719462463719,8.85,50
1719462464129,8.8,50
1719462464744,8.9,25
1719462465334,8.85,50
1719462466129,8.7,175
1719462466129,8.7,175
1719462467132,8.65,375
1719462468142,8.95,25
1719462468370,9.0,900
1719462469355,8.95,25
1719462470128,8.9,50
1719462470349,8.9,25
1719462471135,8.8,100
1719462471551,8.9,25
1719462471952,9.1,525
1719462472134,8.95,25
1719462473199,8.85,300
1719462473327,8.85,150
1719462474141,8.9,25
1719462474364,8.9,75
1719462475114,8.8,175
1719462475347,8.8,900
1719462476342,8.6,250
1719462476365,8.6,25
1719462477163,8.7,50
1719462477574,8.7,25
1719462478339,8.85,25
1719462478565,8.85,25
1719462479126,8.8,25
1719462479559,8.85,25
1719462479776,8.85,25
1719462480087,8.8,25
1719462480329,8.75,25
1719462481151,8.75,1200
1719462481173,8.75,250
1719462482154,8.7,225
1719462482366,8.65,50
1719462483332,8.65,25
1719462483555,8.6,25
1719462483772,8.65,100
1719462486153,8.6,25
1719462487141,8.65,25
1719462487171,8.6,75
1719462488349,8.75,400
1719462488359,8.7,50
1719462489101,8.6,50
1719462489571,8.6,100
1719462489769,8.65,25
1719462490144,8.6,75
1719462490949,8.6,50
1719462491343,8.6,25
1719462491764,8.55,25
1719462492149,8.6,25
1719462492988,8.6,75
1719462493168,8.55,450
1719462493988,8.55,75
1719462494363,8.5,25
1719462495158,8.55,25
1719462495370,8.6,1800
1719462496151,8.5,350
1719462496379,8.55,100
1719462497138,8.45,25
1719462497571,8.45,75
1719462497790,8.5,175
1719462498317,8.45,50
1719462498800,8.45,25
1719462499162,8.45,25
1719462499986,8.5,25
1719462500154,8.5,175
1719462500974,8.4,25
1719462501362,8.45,25
1719462502164,8.5,125
1719462502208,8.45,50
1719462503145,8.5,50
1719462510057,8.25,50
1719462510363,8.25,25
1719462511147,8.15,75
1719462511205,8.15,75
1719462512205,8.2,100
1719462512375,8.2,25
1719462513165,8.0,25
1719462513421,7.95,300
1719462514162,8.1,125
1719462514610,8.05,625
1719462514821,8.1,50
1719462515355,8.05,150
1719462516009,8.05,300
1719462516168,8.1,500
1719462517155,8.0,100
1719462518404,8.05,925
1719462519160,8.15,50
1719462519380,8.1,75
1719462520146,8.0,25
1719462520821,8.1,125
1719462521340,8.1,50
1719462522209,8.15,50
1719462523213,8.0,25
1719462524173,8.1,50
1719462524421,8.0,25
1719462525176,8.1,100
1719462525627,8.15,50
1719462525824,8.15,50
1719462526352,8.05,50
1719462527030,8.05,25
1719462527166,8.05,25
1719462528004,8.1,25
1719462528351,8.15,25
1719462529043,8.1,275
1719462529162,8.05,25
1719462532180,8.15,25
1719462532623,8.1,50
1719462533155,8.15,450
1719462533647,8.15,25
1719462534345,8.1,925
1719462534621,8.15,50
1719462534846,8.2,25
1719462535152,8.15,25
1719462536047,8.1,25
1719462536166,8.1,50
1719462545228,8.15,575
1719462545371,8.2,25
1719462546186,8.25,25
1719462546447,8.3,25
1719462547375,8.3,325
1719462547665,8.3,50
1719462548178,8.3,25
1719462548461,8.3,50
1719462549394,8.15,50
1719462549858,8.2,125
1719462550169,8.2,50
1719462551181,8.15,50
1719462551249,8.2,50
1719462552055,8.15,25
1719462552378,8.1,25
1719462553248,8.1,50
1719462554168,8.0,75
1719462555377,8.05,550
1719462556162,8.05,50
1719462556456,8.05,50
1719462557193,8.0,75
1719462557387,8.0,25
1719462558182,7.95,25
1719462558456,8.0,50
1719462559385,7.95,25
1719462559665,8.0,25
1719462559855,7.9,25
1719462560197,7.95,100
1719462561036,8.0,25
1719462561189,7.95,25
1719462562079,7.9,125
1719462562383,7.85,75
1719462563196,7.95,25
1719462563266,7.9,225
1719462564177,7.85,25
1719462564476,7.9,25
1719462565196,7.85,25
1719462565650,7.9,50
1719462565873,7.85,25
1719462566176,7.85,100
1719462567075,7.85,175
1719462567367,7.85,25
1719462568273,7.75,25
1719462575206,7.6,100
1719462575834,7.6,250
1719462576204,7.65,75
1719462576894,7.75,325
1719462577402,7.7,25
1719462600918,7.5,25
1719462601215,7.35,25
1719462603188,7.35,50
1719462604215,7.45,50
1719462604327,7.45,50
1719462605334,7.55,50
1719462606242,7.65,125
1719462606415,7.65,50
1719462607205,7.55,25
1719462607531,7.65,25
1719462608220,7.65,50
1719462608542,7.45,25
1719462609543,7.6,250
1719462610173,7.6,25
1719462610748,7.6,50
1719462610941,7.6,25
1719462611214,7.6,50
1719462611958,7.5,50
1719462612230,7.55,75
1719462613118,7.45,25
1719462613374,7.5,150
1719462614156,7.5,25
1719462614214,7.5,50
1719462615232,7.45,25
1719462615352,7.45,125
1719462616217,7.5,175
1719462616362,7.45,25
1719462617335,7.45,25
1719462618231,7.55,25
1719462618536,7.55,375
1719462619221,7.6,25
1719462619755,7.6,50
1719462620172,7.6,25
1719462620433,7.65,500
1719462621222,7.6,1000
1719462622228,7.65,25
1719462623129,7.75,175
1719462623244,7.7,25
1719462624231,7.7,150
1719462625228,7.75,25
1719462625370,7.7,75
1719462626430,7.8,25
1719462626538,7.85,500
1719462626989,7.8,50
1719462627221,7.8,25
1719462627955,7.7,75
1719462628229,7.6,25
1719462628981,7.7,75
1719462629230,7.7,100
1719462630052,7.75,25
1719462630246,7.8,25
1719462631173,7.7,100
1719462631440,7.7,200
1719462632228,7.7,100
1719462632378,7.7,50
1719462633243,7.7,250
1719462633594,7.7,225
1719462634242,7.7,225
1719462634563,7.75,25
1719462635235,7.75,25
1719462635777,7.85,25
1719462635993,7.8,25
1719462636228,7.85,25
1719462637177,7.85,25
1719462637370,7.85,50
1719462638435,7.8,25
1719462639208,7.8,25
1719462639984,7.8,25
1719462640234,7.8,25
1719462641001,7.85,25
1719462641259,7.8,50
1719462642231,7.8,25
1719462643210,7.85,25
1719462644160,7.85,25
1719462644406,7.85,25
1719462645243,7.8,175
1719462645566,7.8,25
1719462646429,7.8,25
1719462646785,7.8,25
1719462646998,7.75,50
1719462647234,7.7,1050
1719462648240,7.75,25
1719462649214,7.8,25
1719462650182,7.85,25
1719462650229,7.8,25
1719462651238,7.9,100
1719462652248,7.85,500
1719462652373,7.8,50
1719462653437,7.85,25
1719462658020,7.75,225
1719462658244,7.8,25
1719462659243,7.75,25
1719462659417,7.8,25
1719462660062,7.75,300
1719462660261,7.7,175
1719462661252,7.7,25
1719462662213,7.7,25
1719462662444,7.7,25
1719462663233,7.7,425
1719462664182,7.65,25
1719462664450,7.7,25
1719462665252,7.7,25
1719462665436,7.65,25
1719462666208,7.65,50
1719462666627,7.7,100
1719462667461,7.7,25
1719462667825,7.65,250
1719462668027,7.6,250
1719462668252,7.7,250
1719462669025,7.55,25
1719462669242,7.6,25
1719462670272,7.7,25
1719462670427,7.65,25
1719462671431,7.6,50
1719462672246,7.6,50
1719462672631,7.6,75
1719462673257,7.6,25
1719462673486,7.5,25
1719462674460,7.55,475
1719462674626,7.55,75
1719462675054,7.55,25
1719462675261,7.6,25
1719462676264,7.6,25
1719462677264,7.5,25
1719462678470,7.5,25
1719462679238,7.5,100
1719462679447,7.4,50
1719462680276,7.35,25
1719462680659,7.35,75
1719462681460,7.2,25
1719462681860,7.15,50
1719462682262,7.15,25
1719462683015,7.2,50
1719462683471,7.15,25
1719462684266,7.55,100
1719462685257,7.4,25
1719462685473,7.4,25
1719462686253,7.5,25
1719462687285,7.65,50
1719462688265,7.65,25
1719462688435,7.65,75
1719462689478,7.7,25
1719462689654,7.7,25
1719462690265,7.55,25
1719462690670,7.65,375
1719462691247,7.55,50
1719462691863,7.65,25
1719462692066,7.65,50
1719462692484,7.65,25
1719462693262,7.7,275
1719462694083,7.65,50
1719462694268,7.7,25
1719462695286,7.6,25
1719462696284,7.7,125
1719462696453,7.65,50
1719462697274,7.55,1000
1719462703287,7.55,25
1719462703684,7.6,25
1719462704275,7.55,25
1719462704687,7.55,150
1719462705278,7.45,25
1719462705880,7.5,500
1719462706087,7.5,25
1719462706441,7.5,25
1719462735939,7.2,25
1719462736504,7.2,50
1719462736942,7.1,50
1719462737284,7.15,25
1719462737944,7.1,25
1719462738295,7.1,250
1719462738900,7.1,75
1719462739112,7.1,200
1719462739466,7.15,25
1719462740346,7.15,25
1719462741298,7.15,25
1719462741529,7.15,125
1719462742480,7.15,50
1719462742717,7.15,25
1719462743716,7.2,50
1719462744297,7.15,50
1719462744942,7.2,575
1719462745145,7.15,25
1719462745509,7.15,25
1719462746123,7.15,325
1719462746295,7.15,75
1719462747135,7.2,50
1719462747307,7.25,25
1719462748149,7.25,150
1719462748305,7.25,175
1719462749311,7.2,175
1719462749348,7.25,25
1719462749994,7.35,25
1719462750533,7.3,25
1719462751282,7.35,250
1719462751546,7.4,50
1719462752311,7.3,200
1719462752737,7.3,25
1719462753323,7.3,100
1719462753912,7.3,25
1719462754161,7.4,25
1719462754447,7.35,50
1719462755293,7.4,300
1719462755522,7.45,50
1719462756269,7.5,25
1719462756485,7.5,150
1719462757527,7.4,150
1719462757732,7.45,25
1719462758314,7.4,25
1719462758710,7.45,25
1719462759326,7.4,25
1719462759862,7.4,350
1719462760165,7.4,125
1719462760496,7.35,25
1719462761300,7.4,550
1719462761558,7.35,50
1719462762272,7.4,25
1719462762499,7.45,100
1719462763330,7.35,225
1719462764295,7.4,575
1719462764544,7.4,25
1719462765505,7.25,25
1719462765723,7.3,25
1719462766292,7.3,50
1719462766980,7.35,50
1719462767317,7.35,50
1719462767972,7.3,50
1719462768153,7.3,25
1719462768314,7.3,75
1719462769371,7.3,25
1719462770320,7.3,25
1719462770530,7.3,25
1719462771310,7.3,1200
1719462771782,7.05,25
1719462772580,6.95,25
1719462773320,7.05,25
1719462773768,7.0,50
1719462774522,7.0,100
1719462774977,7.0,25
1719462775178,6.95,25
1719462775320,6.95,25
1719462776330,6.9,25
1719462776379,6.95,50
1719462777371,7.0,25
1719462778393,7.0,625
1719462778514,7.0,300
1719462779299,7.05,300
1719462779363,7.1,25
1719462780058,7.0,25
1719462780333,7.0,125
1719462780589,7.0,50
1719462781533,6.85,25
1719462781767,6.9,100
1719462782334,6.9,25
1719462782803,6.95,275
1719462783340,6.9,50
1719462783723,6.95,25
1719462784522,6.95,25
1719462784955,6.95,50
1719462785309,7.0,25
1719462786209,6.95,25
1719462786327,6.95,50
1719462787570,6.9,275
1719462788334,6.95,1100
1719462788593,6.9,75
1719462789336,7.0,125
1719462789588,6.9,25
1719462790405,6.9,25
1719462791604,6.9,25
1719462792310,6.9,25
1719462792613,6.85,150
1719462793351,7.0,100
1719462793791,7.05,50
1719462794530,7.0,25
1719462794786,6.95,50
1719462795330,6.95,25
1719462796004,6.9,100
1719462796201,6.9,25
1719462796336,6.95,150
1719462797333,6.95,25
1719462797609,7.0,25
1719462798342,7.0,25
1719462798812,7.0,75
1719462799518,7.0,25
1719462799609,6.95,25
1719462800329,6.95,25
1719462800797,6.9,375
1719462801342,6.9,25
1719462802012,6.85,625
1719462802223,6.9,300
1719462802312,6.9,50
1719462803432,6.85,400
1719462803535,6.85,1075
1719462804332,6.8,25
1719462804618,6.85,50
1719462805356,6.8,50
1719462805828,6.9,25
1719462806335,6.85,600
1719462807006,6.9,25
1719462807514,6.85,50
1719462808040,6.85,25
1719462808340,6.85,25
1719462809001,6.9,25
1719462809557,6.9,100
1719462810075,6.85,25
1719462810188,6.85,25
1719462810356,6.9,25
1719462811330,6.85,25
1719462811615,6.9,25
1719462812549,6.9,25
1719462812831,6.9,100
1719462813340,6.9,25
1719462814025,6.75,25
1719462814347,6.85,775
1719462814844,6.9,100
1719462815543,6.85,375
1719462816018,6.85,25
1719462816365,6.9,50
1719462817014,6.9,650
1719462817445,6.9,25
1719462818429,6.9,100
1719462818557,6.85,500
1719462819314,6.9,400
1719462819610,6.85,100
1719462820360,6.95,75
1719462820843,7.0,25
1719462821326,6.9,25
1719462822033,6.95,25
1719462822541,6.9,50
1719462823446,6.9,25
1719462824347,7.0,125
1719462824624,6.95,100
1719462825641,7.0,25
1719462826364,7.1,975
1719462826853,7.05,25
1719462827566,6.95,200
1719462827654,7.0,25
1719462828354,7.0,75
1719462828836,7.05,25
1719462829369,7.05,50
1719462829974,7.1,25
1719462830546,7.0,125
1719462830848,7.05,25
1719462831345,7.05,50
1719462832044,7.1,25
1719462832352,7.0,125
1719462832419,7.05,75
1719462833451,7.05,25
1719462834333,7.1,25
1719462834671,7.0,25
1719462835559,7.0,425
1719462836031,7.05,425
1719462836385,7.05,25
1719462836868,7.05,25
1719462837343,7.0,125
1719462838061,7.0,125
1719462838261,7.05,25
1719462838370,7.0,25
1719462839417,7.05,50
1719462840482,7.0,25
1719462840563,6.95,25
1719462841276,7.05,25
1719462841339,7.05,25
1719462842444,7.0,25
1719462843371,7.05,25
1719462843472,7.05,25
1719462844353,7.05,25
1719462844837,7.05,25
1719462845367,7.05,900
1719462845620,7.0,75
1719462846349,7.05,150
1719462846830,7.05,350
1719462847497,7.05,75
1719462847878,7.15,375
1719462848355,7.2,100
1719462848869,7.1,100
1719462849359,7.15,50
1719462849836,7.15,25
1719462850260,7.15,350
1719462850374,7.15,125
1719462851292,7.15,50
1719462851330,7.15,25
1719462852506,7.2,25
1719462852554,7.2,25
1719462853253,7.2,150
1719462853331,7.25,100
1719462854478,7.25,375
1719462855334,7.2,375
1719462855587,7.25,75
1719462856348,7.2,25
1719462856883,7.2,75
1719462857364,7.2,375
1719462857889,7.15,50
1719462858570,7.2,150
1719462858885,7.2,50
1719462859322,7.15,375
1719462859893,7.15,200
1719462860422,7.2,450
1719462861353,7.2,175
1719462861493,7.15,125
1719462862365,7.2,25
1719462862695,7.2,275
1719462863557,7.2,100
1719462863776,7.2,25
1719462864352,7.15,25
1719462864870,7.15,575
1719462865384,7.15,50
1719462866097,7.1,25
1719462866264,7.1,25
1719462866555,7.15,75
1719462867378,7.15,50
1719462868391,7.15,25
1719462868512,7.15,200
1719462869508,7.25,325
1719462869698,7.25,100
1719462870068,7.2,25
1719462870376,7.3,125
1719462870669,7.2,25
1719462871398,7.25,25
1719462871914,7.25,25
1719462872372,7.25,25
1719462872904,7.3,900
1719462873555,7.2,75
1719462873890,7.2,25
1719462874385,7.25,500
1719462874903,7.2,25
1719462875519,7.2,250
1719462876336,7.2,25
1719462876503,7.2,25
1719462877393,7.2,450
1719462877723,7.25,200
1719462878582,7.2,300
1719462878926,7.15,25
1719462879364,7.2,50
1719462880102,7.2,100
1719462880378,7.15,25
1719462881388,7.15,100
1719462881732,7.15,100
1719462882375,7.2,100
1719462882713,7.2,25
1719462883374,7.2,375
1719462883533,7.15,25
1719462884381,7.2,100
1719462884534,7.2,875
1719462885361,7.2,100
1719462885742,7.3,25
1719462886384,7.25,100
1719462886703,7.25,100
1719462887594,7.2,100
1719462887694,7.25,50
1719462888358,7.3,25
1719462888530,7.3,25
1719462889374,7.25,50
1719462889724,7.3,25
1719462890398,7.3,25
1719462890536,7.25,25
1719462891367,7.3,25
1719462891904,7.3,25
1719462892368,7.3,25
1719462892846,7.35,100
1719462893557,7.35,350
1719462894126,7.3,25
1719462894391,7.35,250
1719462895209,7.3,50
1719462895548,7.35,50
1719462896335,7.35,900
1719462896749,7.35,25
1719462897341,7.3,200
1719462897732,7.35,575
1719462898592,7.3,425
1719462898751,7.3,25
1719462899411,7.25,25
1719462899734,7.25,25
1719462900070,7.25,50
1719462900383,7.25,25
1719462900946,7.25,25
1719462901368,7.2,25
1719462901938,7.3,25
1719462902598,7.3,50
1719462903153,7.35,525
1719462903410,7.45,25
1719462904167,7.5,50
1719462904381,7.55,375
1719462905126,7.6,25
1719462905606,7.65,50
1719462906390,7.65,25
1719462906756,7.6,25
1719462907401,7.65,50
1719462907945,7.55,50
1719462908577,7.5,50
1719462909151,7.55,100
1719462909360,7.6,50
1719462909360,7.6,50
1719462910352,7.65,25
1719462911406,7.65,175
1719462911406,7.65,175
1719462912403,7.65,25
1719462912732,7.6,1000
1719462913606,7.6,25
1719462913770,7.6,25
1719462914400,7.65,25
1719462914773,7.6,25
1719462915407,7.6,50
1719462916124,7.55,50
1719462916411,7.55,25
1719462916980,7.6,50
1719462917321,7.65,75
1719462918161,7.65,25
1719462918362,7.65,50
1719462918552,7.65,50
1719462919405,7.55,900
1719462919787,7.6,125
1719462920395,7.6,25
1719462920767,7.7,25
1719462921614,7.55,225
1719462921960,7.5,50
1719462922412,7.45,250
1719462922970,7.55,225
1719462923402,7.55,125
1719462923965,7.55,50
1719462924417,7.5,50
1719462924957,7.45,400
1719462925320,7.4,25
1719462925995,7.55,75
1719462926406,7.55,300
1719462927423,7.45,25
1719462927573,7.45,50
1719462928421,7.45,50
1719462928579,7.45,50
1719462929420,7.5,75
1719462929583,7.5,50
1719462930078,7.6,175
1719462930610,7.55,25
1719462930768,7.6,650
1719462931426,7.55,25
1719462931782,7.55,25
1719462932413,7.55,25
1719462932793,7.55,25
1719462933436,7.55,75
1719462934005,7.6,50
1719462934412,7.55,500
1719462935167,7.55,25
1719462935400,7.6,100
1719462936627,7.45,25
1719462937443,7.45,25
1719462937799,7.4,25
1719462938424,7.45,50
1719462939000,7.45,100
1719462939635,7.4,100
1719462940005,7.5,475
1719462940448,7.5,50
1719462941000,7.5,100
1719462941428,7.5,500
1719462942002,7.55,25
1719462942410,7.55,75
1719462943006,7.55,75
1719462943607,7.65,25
1719462944216,7.65,25
1719462944399,7.65,50
1719462944613,7.65,1775
1719462945402,7.65,500
1719462945805,7.6,75
1719462946432,7.7,50
1719462946811,7.7,50
1719462947641,7.7,400
1719462948012,7.7,50
1719462948439,7.75,525
1719462949186,7.65,50
1719462949371,7.7,25
1719462950616,7.65,25
1719462951302,7.6,50
1719462951582,7.65,50
1719462952406,7.65,75
1719462953374,7.65,25
1719462953603,7.6,50
1719462954446,7.6,25
1719462954627,7.6,25
1719462955404,7.55,75
1719462955631,7.55,100
1719462956633,7.6,150
1719462956834,7.6,25
1719462957428,7.55,50
1719462958224,7.6,25
1719462958416,7.6,1075
1719462959043,7.55,550
1719462959425,7.5,75
1719462960229,7.4,50
1719462960402,7.4,25
1719462960636,7.45,350
1719462961643,7.4,100
1719462962018,7.35,50
1719462962384,7.25,150
1719462963004,7.35,375
1719462963435,7.35,25
1719462964204,7.4,25
1719462964455,7.45,25
1719462964640,7.4,25
1719462965435,7.4,25
1719462965660,7.45,25
1719462966437,7.35,25
1719462966587,7.4,50
1719462967629,7.35,50
1719462968432,7.45,50
1719462968832,7.45,400
1719462969402,7.3,25
1719462969847,7.3,25
1719462970446,7.2,25
1719462970855,7.3,25
1719462971411,7.35,100
1719462972000,7.4,50
1719462972632,7.35,450
1719462973000,7.4,100
1719462973452,7.35,75
1719462974037,7.35,150
1719462974457,7.35,25
1719462975246,7.35,25
1719462975421,7.3,100
1719462976449,7.35,500
1719462976640,7.35,300
1719462977477,7.3,75
1719462977763,7.35,25
1719462978317,7.35,25
1719462978850,7.45,325
1719462979446,7.4,125
1719462979751,7.4,50
1719462980457,7.45,900
1719462981012,7.4,25
1719462981420,7.45,125
1719462982011,7.4,25
1719462982464,7.4,25
1719462983059,7.35,100
1719462983450,7.4,50
1719462983641,7.35,825
1719462984452,7.35,50
1719462984873,7.4,25
1719462985440,7.4,675
1719462985885,7.4,25
1719462986657,7.4,575
1719462987089,7.4,50
1719462987444,7.4,150
1719462988463,7.4,50
1719462988667,7.4,150
1719462989446,7.45,25
1719462989850,7.4,25
1719462990075,7.35,25
1719462990455,7.4,50
1719462990675,7.4,50
1719462991414,7.4,25
1719462991895,7.45,25
1719462992380,7.4,175
1719462992885,7.4,25
1719462993621,7.4,25
1719462993886,7.45,100
1719462994414,7.45,775
1719462994847,7.45,225
1719462995400,7.4,1775
1719462995855,7.4,200
1719462996452,7.45,25
1719462997062,7.45,50
1719462997667,7.45,375
1719462998055,7.4,50
1719462998463,7.45,25
1719462998690,7.5,25
1719462999319,7.5,25
1719462999621,7.45,25
1719463000442,7.5,25
1719463000622,7.5,50
1719463001409,7.55,150
1719463001689,7.5,25
1719463002510,7.5,50
1719463002653,7.5,50
1719463003407,7.5,1550
1719463003673,7.45,275
1719463004454,7.5,50
1719463004799,7.5,75
1719463005425,7.45,50
1719463005922,7.45,50
1719463006440,7.45,200
1719463006806,7.5,250
1719463007457,7.4,50
1719463008103,7.45,50
1719463008467,7.4,25
1719463009107,7.4,50
1719463009448,7.35,100
1719463010293,7.35,50
1719463010430,7.35,50
1719463010430,7.35,50
1719463011531,7.35,600
1719463012407,7.45,100
1719463012584,7.4,50
1719463013728,7.4,25
1719463014462,7.4,100
1719463014892,7.4,100
1719463015481,7.35,100
1719463015821,7.35,50
1719463016428,7.4,25
1719463016933,7.3,100
1719463017412,7.35,25
1719463018325,7.3,25
1719463018426,7.25,25
1719463018719,7.3,25
1719463019455,7.25,125
1719463019663,7.25,50
1719463020035,7.2,50
1719463020479,7.15,75
1719463020665,7.15,50
1719463021484,7.1,25
1719463021726,7.05,725
1719463022474,7.1,50
1719463022877,7.1,125
1719463023445,7.1,400
1719463024062,7.1,75
1719463024445,7.1,25
1719463025127,7.1,375
1719463025443,7.1,25
1719463026336,7.1,25
1719463026432,7.1,25
1719463026714,7.15,25
1719463027403,7.15,200
1719463027751,7.15,50
1719463028295,7.1,125
1719463028935,7.05,25
1719463029483,7.1,25
1719463030160,7.05,550
1719463030487,7.1,25
1719463031131,6.95,25
1719463031685,6.9,25
1719463032314,7.05,25
1719463032484,7.1,100
1719463033485,7.1,25
1719463033765,7.15,475
1719463034501,7.25,25
1719463034763,7.2,25
1719463035451,7.35,100
1719463035752,7.4,25
1719463036625,7.4,250
1719463036973,7.35,250
1719463037486,7.35,50
1719463037938,7.35,25
1719463038477,7.4,25
1719463039153,7.35,50
1719463039466,7.3,25
1719463039908,7.35,250
1719463040401,7.35,100
1719463041342,7.3,150
1719463041485,7.3,100
1719463041568,7.35,50
1719463042689,7.3,50
1719463042712,7.3,75
1719463043518,7.3,50
1719463043766,7.35,50
1719463044474,7.25,25
1719463045159,7.25,25
1719463045461,7.2,25
1719463045907,7.25,50
1719463046427,7.25,75
1719463047326,7.25,25
1719463047326,7.25,25
1719463047580,7.25,25
1719463048582,7.3,25
1719463049455,7.3,25
1719463049740,7.3,50
1719463050042,7.25,50
1719463050500,7.25,50
1719463050978,7.25,25
1719463051469,7.3,25
1719463052143,7.3,50
1719463052472,7.35,50
1719463053177,7.35,25
1719463053694,7.35,75
1719463054145,7.4,100
1719463054390,7.4,25
1719463055327,7.4,50
1719463055576,7.35,50
1719463056483,7.35,25
1719463056774,7.4,25
1719463057489,7.35,600
1719463057803,7.4,25
1719463058499,7.4,25
1719463058587,7.4,50
1719463059438,7.35,25
1719463059723,7.4,200
1719463060519,7.4,1000
1719463060895,7.4,100
1719463061470,7.35,100
1719463061921,7.35,125
1719463062491,7.3,175
1719463063204,7.35,100
1719463063307,7.4,250
1719463064162,7.4,25
1719463064471,7.35,125
1719463065181,7.4,1200
1719463065512,7.45,25
1719463066146,7.4,25
1719463066497,7.4,475
1719463067355,7.4,50
1719463067608,7.35,25
1719463068404,7.4,1200
1719463068596,7.4,50
1719463069458,7.35,25
1719463069782,7.4,50
1719463070501,7.3,200
1719463070800,7.35,50
1719463071707,7.4,25
1719463072000,7.4,50
1719463072483,7.4,725
1719463073147,7.4,25
1719463073486,7.4,25
1719463074220,7.45,650
1719463074521,7.4,100
1719463075146,7.45,50
1719463075412,7.4,25
1719463075796,7.45,100
1719463076703,7.4,850
1719463076816,7.4,75
1719463077514,7.4,250
1719463078000,7.45,50
1719463078470,7.45,1175
1719463079202,7.45,25
1719463079635,7.45,75
1719463080029,7.5,25
1719463080481,7.4,50
1719463080587,7.45,100
1719463081439,7.45,100
1719463081619,7.45,350
1719463082441,7.45,50
1719463082818,7.5,25
1719463083510,7.5,100
1719463083799,7.5,300
1719463084449,7.4,150
1719463085015,7.35,50
1719463085486,7.3,200
1719463086172,7.4,25
1719463086657,7.4,100
1719463087385,7.35,25
1719463087525,7.4,150
1719463087569,7.35,75
1719463088536,7.35,350
1719463089419,7.35,75
1719463089838,7.35,50
1719463090481,7.4,25
1719463090796,7.4,25
1719463091463,7.4,25
1719463092001,7.4,25
1719463092444,7.35,450
1719463092723,7.4,50
1719463093575,7.4,25
1719463094116,7.4,25
1719463094506,7.4,75
1719463095000,7.4,25
1719463095640,7.4,25
1719463096443,7.25,25
1719463096443,7.25,25
1719463097325,7.35,500
1719463097325,7.35,500
1719463098530,7.4,300
1719463098641,7.35,25
1719463099540,7.45,25
1719463099853,7.35,50
1719463100467,7.35,75
1719463100857,7.3,25
1719463101496,7.3,1125
1719463102042,7.3,25
1719463102511,7.3,400
1719463103221,7.3,125
1719463103510,7.3,25
1719463104228,7.3,75
1719463104469,7.25,925
1719463105185,7.25,1075
1719463105509,7.3,25
1719463105637,7.3,50
1719463106395,7.25,350
1719463106811,7.2,750
1719463107528,7.3,100
1719463107849,7.3,50
1719463108486,7.3,550
1719463108840,7.25,50
1719463109513,7.25,250
1719463109867,7.3,500
1719463110053,7.3,25
1719463110493,7.3,100
1719463110859,7.3,75
1719463111526,7.25,1050
1719463112000,7.35,50
1719463112515,7.3,125
1719463113036,7.25,275
1719463113440,7.3,225
1719463114063,7.3,125
1719463114556,7.35,100
1719463115069,7.3,1025
1719463115741,7.3,725
1719463116227,7.35,250
1719463116543,7.3,375
1719463117538,7.3,300
1719463117538,7.3,300
1719463118462,7.25,475
1719463119077,7.3,25
1719463119499,7.3,50
1719463119682,7.25,1125
1719463120540,7.2,25
1719463120859,7.2,475
1719463121502,7.05,200
1719463121879,7.05,25
1719463122515,7.05,50
1719463123078,7.05,1300
1719463123725,7.1,25
1719463123868,7.05,500
1719463124541,7.05,25
1719463125084,7.05,150
1719463125518,7.05,875
1719463126093,7.0,25
1719463126538,7.05,25
1719463127041,7.0,50
1719463127422,6.9,25
1719463127905,7.0,75
1719463128551,7.05,25
1719463129057,7.15,25
1719463129559,7.25,50
1719463130109,7.2,25
1719463130543,7.25,25
1719463131280,7.3,50
1719463131525,7.3,150
1719463132463,7.25,50
1719463132665,7.25,25
1719463133559,7.3,400
1719463133908,7.3,25
1719463134465,7.25,25
1719463134892,7.3,25
1719463135524,7.3,175
1719463136041,7.25,100
1719463136457,7.25,100
1719463137153,7.25,50
1719463137476,7.25,25
1719463138223,7.2,75
1719463138547,7.25,150
1719463139536,7.1,25
1719463140076,7.15,75
1719463140545,7.2,25
1719463141429,7.2,1175
1719463141715,7.1,25
1719463142540,7.15,25
1719463142772,7.15,25
1719463143591,7.2,25
1719463143809,7.2,50
1719463144537,7.2,25
1719463145115,7.25,100
1719463145557,7.2,250
1719463145778,7.2,50
1719463146542,7.15,25
1719463147121,7.15,250
1719463147535,7.15,25
1719463148117,7.1,475
1719463148530,7.1,25
1719463149318,7.15,50
1719463149554,7.15,100
1719463150299,7.2,50
1719463150546,7.1,50
1719463151575,7.1,50
1719463151689,7.1,75
1719463152520,7.1,25
1719463152905,7.15,25
1719463153539,7.1,50
1719463153885,7.05,125
1719463154537,7.15,75
1719463155130,7.05,50
1719463155533,7.0,50
1719463155901,7.05,25
1719463156554,7.05,25
1719463156935,7.1,25
1719463157555,7.1,25
1719463157749,7.15,25
1719463158563,7.15,75
1719463158720,7.15,25
1719463159551,7.15,25
1719463159716,7.15,400
1719463160545,7.2,25
1719463160788,7.2,50
1719463161553,7.15,25
1719463162131,7.15,25
1719463162565,7.15,25
1719463163023,7.15,25
1719463163568,7.15,150
1719463164100,7.15,200
1719463164571,7.05,100
1719463165344,7.1,25
1719463165522,7.05,50
1719463166334,7.1,25
1719463166527,7.1,25
1719463167089,7.1,25
1719463167400,7.1,50
1719463168326,7.1,25
1719463168509,7.1,50
1719463169289,7.15,200
1719463169488,7.15,25
1719463170078,7.1,25
1719463170483,7.05,50
1719463170483,7.05,50
1719463170755,7.1,25
1719463171417,7.15,575
1719463171928,7.1,25
1719463172570,7.05,325
1719463173114,7.05,800
1719463173557,7.05,25
1719463174126,7.1,425
1719463174548,7.1,25
1719463174829,7.1,25
1719463175567,7.15,50
1719463175971,7.15,25
1719463176514,7.1,650
1719463176936,7.05,25
1719463177585,7.1,25
1719463178169,7.1,25
1719463178547,7.05,25
1719463179153,7.05,350
1719463179501,7.1,50
1719463180353,7.15,25
1719463180777,7.1,25
1719463181375,7.0,25
1719463181501,7.0,50
1719463182366,7.0,25
1719463182574,6.9,50
1719463183277,6.85,25
1719463183578,6.85,25
1719463184251,6.9,50
1719463184531,6.9,50
1719463185352,6.95,50
1719463185513,7.0,200
1719463186533,7.05,50
1719463186764,7.05,50
1719463187562,7.1,50
1719463187945,7.1,50
1719463188587,7.05,25
1719463188966,7.1,50
1719463189592,7.05,25
1719463190161,7.05,50
1719463190559,7.05,25
1719463191369,7.1,25
1719463191579,7.1,25
1719463192568,7.05,50
1719463192735,7.0,25
1719463193593,7.0,25
1719463193611,7.0,150
1719463194632,7.05,25
1719463194928,7.0,25
1719463195465,7.05,500
1719463195976,7.05,900
1719463196553,7.05,25
1719463196819,7.0,25
1719463197487,7.0,25
1719463197866,7.05,25
1719463198518,7.0,25
1719463199090,7.0,25
1719463199778,7.0,25
1719463200053,7.0,25
1719463200189,6.95,100
1719463200596,7.0,125
1719463201401,6.95,50
1719463201566,6.9,100
1719463202529,6.95,100
1719463202793,6.95,25
1719463203557,7.05,250
1719463203970,7.0,25
1719463204593,6.95,25
1719463204915,6.95,350
1719463205586,7.0,25
1719463205887,7.05,25
1719463206783,7.0,25
1719463206982,7.0,25
1719463207583,6.9,50
1719463207785,6.9,100
1719463208563,7.0,25
1719463209001,7.0,25
1719463209568,7.0,50
1719463210001,7.05,25
1719463210567,6.9,175
1719463211212,6.9,175
1719463211587,6.85,25
1719463212405,6.8,50
1719463212559,6.85,225
1719463213117,6.85,25
1719463213585,6.85,25
1719463214391,6.85,50
1719463214572,6.85,50
1719463215481,6.95,50
1719463215785,6.95,600
1719463216530,6.9,150
1719463216832,6.95,50
1719463217601,6.9,50
1719463218027,6.95,50
1719463218599,6.95,25
1719463219001,7.0,25
1719463219584,6.95,25
1719463220011,6.95,225
1719463220586,6.95,25
1719463221234,6.95,25
1719463221603,7.0,50
1719463222366,6.9,150
1719463222571,6.9,25
1719463222827,6.95,25
1719463223602,6.9,25
1719463223835,6.95,875
1719463224600,6.9,25
1719463224945,6.9,25
1719463225590,6.9,25
1719463226019,6.9,150
1719463226618,6.95,100
1719463227023,6.9,25
1719463227555,6.8,25
1719463228042,6.8,25
1719463228598,6.8,625
1719463229236,6.85,50
1719463229589,6.85,200
1719463230080,6.9,50
1719463230255,6.85,100
1719463230536,6.85,25
1719463231067,6.9,375
1719463231608,6.85,100
1719463232059,6.8,100
1719463232597,6.65,25
1719463233258,6.75,200
1719463233608,6.75,200
1719463234163,6.8,275
1719463234599,6.8,75
1719463235218,6.8,100
1719463235549,6.85,50
1719463236200,6.95,750
1719463236799,6.9,100
1719463237437,6.85,25
1719463237593,6.9,50
1719463238444,6.85,25
1719463238506,6.9,25
1719463238811,6.9,25
1719463239611,6.9,50
1719463239863,7.0,25
1719463240612,6.9,200
1719463241044,6.95,50
1719463241601,6.9,50
1719463242054,6.9,625
1719463242603,6.95,25
1719463243049,6.95,25
1719463243622,6.95,75
1719463244073,6.95,25
1719463244593,6.9,200
1719463245277,6.9,575
1719463245589,6.9,175
1719463246212,6.9,200
1719463246581,6.85,25
1719463247259,6.85,25
1719463247534,6.9,600
1719463248403,6.95,25
1719463248495,6.9,25
1719463249616,7.0,25
1719463250607,6.95,50
1719463250607,6.95,50
1719463251615,7.0,25
1719463252689,6.95,50
1719463252866,6.95,25
1719463253582,6.9,25
1719463254081,6.9,25
1719463254599,6.9,50
1719463255234,6.95,25
1719463255575,6.9,50
1719463256474,6.95,50
1719463256606,6.95,25
1719463257664,6.95,25
1719463257872,6.95,25
1719463258589,6.9,150
1719463259000,6.95,25
1719463259469,6.95,25
1719463260087,7.0,100
1719463260288,7.0,25
1719463260580,7.05,50
1719463261213,7.0,25
1719463261615,6.9,200
1719463262293,6.85,175
1719463262627,6.8,25
1719463263274,6.85,200
1719463263514,6.95,25
1719463264452,6.95,25
1719463264558,7.0,50
1719463265614,7.05,50
1719463266603,6.9,25
1719463266900,6.9,25
1719463267541,6.95,1550
1719463267903,7.0,100
1719463268614,6.85,200
1719463269072,6.9,825
1719463269607,7.0,250
1719463270078,7.0,50
1719463270601,7.0,50
1719463271103,6.95,25
1719463271507,6.9,50
1719463272083,6.95,1600
1719463272594,7.0,25
1719463273069,7.0,25
1719463273601,7.0,50
1719463274094,7.0,25
1719463274579,7.0,25
1719463275299,6.9,25
1719463275622,6.9,100
1719463276522,6.5,75
1719463276627,6.45,50
1719463277668,6.5,50
1719463277888,6.4,175
1719463278609,6.45,75
1719463279129,6.4,75
1719463279634,6.4,75
1719463280333,6.55,200
1719463280613,6.5,75
1719463281331,6.55,75
1719463281636,6.6,25
1719463282510,6.6,25
1719463282630,6.55,450
1719463283639,6.6,250
1719463284530,6.7,125
1719463284628,6.75,25
1719463285536,6.7,25
1719463285811,6.65,25
1719463286593,6.7,25
1719463286660,6.7,25
1719463286952,6.7,25
1719463287643,6.75,25
1719463288128,6.75,25
1719463288579,6.8,25
1719463289302,6.7,25
1719463289625,6.75,50
1719463290058,6.7,50
1719463290345,6.8,25
1719463290618,6.75,125
1719463291315,6.7,25
1719463291604,6.75,150
1719463292283,6.65,50
1719463292622,6.7,25
1719463293313,6.75,75
1719463293605,6.7,25
1719463294748,6.7,75
1719463294938,6.65,50
1719463295547,6.55,125
1719463296129,6.6,25
1719463296627,6.6,25
1719463297107,6.6,25
1719463297857,6.65,100
1719463298118,6.65,25
1719463298558,6.55,200
1719463299341,6.6,25
1719463299633,6.6,25
1719463300349,6.5,25
1719463300651,6.55,25
1719463301354,6.55,25
1719463301614,6.55,25
1719463302619,6.55,25
1719463303565,6.6,100
1719463303724,6.6,50
1719463304757,6.6,50
1719463304969,6.6,25
1719463305663,6.6,150
1719463306123,6.6,25
1719463306663,6.65,25
1719463308476,6.6,25
1719463309171,6.65,25
1719463309624,6.7,25
1719463310160,6.7,25
1719463310658,6.65,75
1719463311152,6.6,200
1719463311619,6.6,150
1719463312113,6.6,25
1719463312644,6.6,125
1719463313325,6.55,175
1719463313612,6.55,1025
1719463314363,6.65,50
1719463314635,6.65,50
1719463315363,6.6,25
1719463315636,6.6,600
1719463316023,6.6,250
1719463316655,6.65,25
1719463317119,6.6,25
1719463317606,6.65,25
1719463318199,6.6,200
1719463318667,6.65,25
1719463319157,6.6,50
1719463319646,6.6,375
1719463320082,6.55,150
1719463320160,6.6,25
1719463329405,6.55,50
1719463329669,6.55,200
1719463330405,6.55,50
1719463330671,6.6,25
1719463331566,6.65,400
1719463331664,6.6,125
1719463333986,6.6,100
1719463334635,6.6,400
1719463335003,6.55,150
1719463335669,6.6,100
1719463336201,6.6,25
1719463336647,6.6,100
1719463337172,6.55,100
1719463337676,6.5,175
1719463338210,6.45,75
1719463338639,6.45,25
1719463339217,6.5,25
1719463339540,6.55,250
1719463340203,6.5,25
1719463340616,6.55,750
1719463341361,6.45,75
1719463341675,6.5,25
1719463342394,6.5,100
1719463342671,6.5,25
1719463343336,6.5,25
1719463343671,6.45,50
1719463344337,6.45,150
1719463358677,6.2,100
1719463359246,6.2,25
1719463359698,6.2,100
1719463360450,6.15,1550
1719463360698,6.15,175
1719463361603,6.15,100
1719463361674,6.15,50
1719463362634,6.2,25
1719463363018,6.15,150
1719463363682,6.2,175
1719463364002,6.2,25
1719463364660,6.15,50
1719463365431,6.1,200
1719463365685,6.1,475
1719463366413,6.15,50
1719463366696,6.2,25
1719463367389,6.15,50
1719463367689,6.1,100
1719463368452,6.15,1400
1719463368858,6.15,100
1719463369677,6.1,75
1719463370592,6.1,100
1719463370709,6.15,450
1719463371687,6.05,75
1719463371841,6.0,1525
1719463372015,6.0,775
1719463372689,6.05,25
1719463373247,6.1,25
1719463373687,6.1,25
1719463374263,6.05,25
1719463374596,6.05,25
1719463376682,6.05,75
1719463376820,6.1,25
1719463377119,6.1,25
1719463377649,6.05,25
1719463378272,6.1,25
1719463378682,6.05,175
1719463379063,6.15,125
1719463379700,6.2,25
1719463380071,6.15,100
1719463380269,6.15,500
1719463380689,6.15,50
1719463381243,6.25,50
1719463381697,6.3,25
1719463382460,6.35,25
1719463382616,6.25,100
1719463383274,6.35,25
1719463383699,6.3,275
1719463384700,6.2,25
1719463385708,6.25,300
1719463386662,6.25,750
1719463386868,6.25,150
1719463387071,6.2,100
1719463387674,6.2,300
1719463388251,6.25,25
1719463388679,6.25,25
1719463389277,6.25,100
1719463389680,6.2,200
1719463390472,6.2,25
1719463390719,6.25,50
1719463391483,6.25,50
1719463391689,6.25,25
1719463392219,6.25,100
1719463392915,6.25,150
1719463393258,6.25,50
1719463393708,6.3,100
1719463394709,6.3,25
1719463395531,6.3,125
1719463395531,6.3,125
1719463396679,6.35,25
1719463396889,6.35,25
1719463397078,6.3,25
1719463397697,6.3,25
1719463398192,6.3,100
1719463398630,6.3,100
1719463399269,6.3,25
1719463399713,6.25,50
1719463400245,6.25,25
1719463400705,6.25,25
1719463401470,6.35,50
1719463401624,6.3,125
1719463402633,6.3,25
1719463403657,6.35,25
1719463404656,6.35,25
1719463404656,6.35,25
1719463405663,6.3,100
1719463406000,6.45,50
1719463406628,6.45,50
1719463407304,6.5,50
1719463407690,6.5,25
1719463408479,6.45,475
1719463408694,6.55,50
1719463409469,6.45,250
1719463409718,6.5,50
1719463410067,6.55,25
1719463410515,6.6,25
1719463410717,6.55,25
1719463411714,6.55,25
1719463412717,6.5,25
1719463413707,6.55,25
1719463414691,6.5,25
1719463414876,6.6,25
1719463415062,6.6,50
1719463415695,6.65,25
1719463416089,6.55,25
1719463416711,6.7,75
1719463417192,6.7,100
1719463417691,6.7,75
1719463418112,6.7,200
1719463418917,6.6,100
1719463419239,6.7,400
1719463419703,6.65,25
1719463420323,6.65,25
1719463420713,6.65,25
1719463421190,6.6,50
1719463421711,6.6,25
1719463422251,6.6,75
1719463422706,6.6,50
1719463423301,6.65,300
1719463423712,6.65,575
1719463424514,6.55,975
1719463424707,6.6,225
1719463425698,6.6,25
1719463426638,6.65,100
1719463427638,6.65,200
1719463427905,6.65,25
1719463428147,6.7,25
1719463428930,6.95,100
1719463429547,7.05,50
1719463429727,7.05,1225
1719463430523,6.85,50
1719463430732,6.8,50
1719463431715,6.9,50
1719463432735,7.15,600
1719463433937,7.0,50
1719463434709,7.05,50
1719463434942,7.05,50
1719463435295,7.05,50
1719463435713,7.1,650
1719463436308,7.05,225
1719463436716,7.05,25
1719463437364,7.1,175
1719463437717,7.1,50
1719463438544,7.05,100
1719463438924,7.0,50
1719463439746,7.05,500
1719463440063,7.1,1000
1719463440737,7.0,1250
1719463440911,7.0,175
1719463441128,7.05,150
1719463441730,7.05,75
1719463442157,7.1,1000
1719463442897,7.0,50
1719463443343,6.95,600
1719463443737,6.95,25
1719463444352,6.85,25
1719463444700,6.95,350
1719463445325,6.85,25
1719463445724,6.9,25
1719463457447,6.9,25
1719463457748,6.8,850
1719463458551,6.85,25
1719463458749,6.9,25
1719463459522,6.95,25
1719463459687,7.0,25
1719463460591,6.9,50
1719463460739,6.95,75
1719463461747,7.0,50
1719463461983,7.0,25
1719463462177,6.95,100
1719463462683,6.9,100
1719463463367,6.95,250
1719463463751,6.9,50
1719463466577,6.95,375
1719463466693,6.95,250
1719463467777,6.9,175
1719463468705,6.85,50
1719463468973,6.9,25
1719463469044,6.85,700
1719463470038,6.85,300
1719463470318,6.7,75
1719463470741,6.6,50
1719463471392,6.6,125
1719463471702,6.6,150
1719463472591,6.55,100
1719463472688,6.55,25
1719463473586,6.55,25
1719463473748,6.55,25
1719463474565,6.55,75
1719463474757,6.5,75
1719463475606,6.6,75
1719463475764,6.55,425
1719463476781,6.45,25
1719463477204,6.4,775
1719463477662,6.5,25
1719463478199,6.6,600
1719463478715,6.6,100
1719463479192,6.7,25
1719463479683,6.7,50
1719463480413,6.75,100
1719463480892,6.8,600
1719463481142,6.8,25
1719463481752,6.85,75
1719463482391,6.85,175
1719463482629,6.8,100
1719463483817,6.8,25
1719463484728,6.8,125
1719463484811,6.8,75
1719463485770,6.75,25
1719463485899,6.7,350
1719463487000,6.8,50
1719463487398,6.8,25
1719463487618,6.75,25
1719463488616,6.75,100
1719463488740,6.8,25
1719463489370,6.8,50
1719463489766,6.75,125
1719463490552,6.75,375
1719463490552,6.75,375
1719463491795,6.85,700
1719463492745,6.8,350
1719463493005,6.8,25
1719463493196,6.8,100
1719463493745,6.8,600
1719463495588,6.85,50
1719463495760,6.8,50
1719463496758,6.85,25
1719463496758,6.85,25
1719463497797,6.8,125
1719463498793,6.85,250
1719463499237,6.85,50
1719463499730,6.8,100
1719463500000,6.8,50
1719463500416,6.7,175
1719463500728,6.65,50
1719463501437,6.6,25
1719463501760,6.6,300
1719463502461,6.65,175
1719463502746,6.6,425
1719463503651,6.6,350
1719463503921,6.65,50
1719463504632,6.55,25
1719463504708,6.55,600
1719463505780,6.65,50
1719463506809,6.6,50
1719463507782,6.6,25
1719463508057,6.6,50
1719463508189,6.6,200
1719463508768,6.55,50
1719463509614,6.5,25
1719463509754,6.55,250
1719463510658,6.6,25
1719463510751,6.6,25
1719463511657,6.7,125
1719463511756,6.7,925
1719463512722,6.6,175
1719463512845,6.6,1275
1719463513800,6.65,25
1719463513972,6.7,225
1719463514783,6.7,25
1719463514950,6.6,75
1719463515244,6.7,50
1719463515780,6.65,50
1719463516479,6.7,125
1719463516789,6.75,250
1719463517459,6.7,50
1719463517738,6.7,50
1719463518630,6.75,50
1719463518725,6.75,100
1719463519543,6.7,600
1719463519687,6.65,25
1719463520635,6.65,25
1719463520787,6.7,200
1719463521652,6.6,25
1719463521801,6.6,250
1719463522658,6.65,25
1719463522794,6.6,25
1719463523750,6.55,50
1719463524793,6.55,600
1719463524845,6.5,200
1719463525851,6.5,25
1719463526764,6.55,150
1719463526863,6.55,1000
1719463527751,6.5,575
1719463528057,6.55,325
1719463528284,6.55,25
1719463528639,6.55,150
1719463529427,6.5,50
1719463529763,6.55,150
1719463530001,6.55,25
1719463530470,6.4,50
1719463530793,6.45,25
1719463531666,6.4,50
1719463531730,6.4,25
1719463532797,6.3,25
1719463533687,6.4,50
1719463533744,6.4,125
1719463534793,6.35,125
1719463535795,6.35,25
1719463535795,6.35,25
1719463536724,6.4,200
1719463537092,6.25,850
1719463537283,6.25,100
1719463537721,6.3,200
1719463538269,6.3,500
1719463538788,6.3,800
1719463539422,6.3,600
1719463539805,6.3,50
1719463540443,6.3,75
1719463540809,6.25,250
1719463541699,6.25,50
1719463541786,6.3,400
1719463542656,6.3,100
1719463542854,6.3,25
1719463543879,6.3,100
1719463544270,6.35,25
1719463544692,6.35,250
1719463545403,6.35,50
1719463546000,6.3,50
1719463546699,6.3,75
1719463546795,6.3,25
1719463547790,6.25,100
1719463548779,6.2,75
1719463549773,6.05,500
1719463549912,6.1,375
1719463550800,6.05,200
1719463551770,6.1,25
1719463552103,6.15,200
1719463552327,6.15,25
1719463552772,6.15,275
1719463553501,6.15,650
1719463553757,6.25,25
1719463554527,6.35,50
1719463554773,6.4,25
1719463555495,6.35,200
1719463555755,6.35,200
1719463556507,6.3,100
1719463556817,6.4,100
1719463557790,6.45,25
1719463558742,6.4,25
1719463558903,6.45,350
1719463559552,6.35,625
1719463559740,6.4,850
1719463560069,6.4,25
1719463560800,6.45,250
1719463560915,6.4,75
1719463561688,6.4,150
1719463561895,6.45,150
1719463562494,6.35,50
1719463562795,6.4,100
1719463563504,6.35,200
1719463563784,6.4,100
1719463564587,6.5,150
1719463564805,6.5,200
1719463565638,6.4,275
1719463565638,6.4,275
1719463566597,6.5,200
1719463567678,6.5,100
1719463567825,6.55,100
1719463568757,6.55,125
1719463568757,6.55,125
1719463569546,6.55,25
1719463569816,6.55,175
1719463570432,6.6,125
1719463570808,6.55,575
1719463571605,6.6,25
1719463572757,6.6,50
1719463573766,6.7,50
1719463573938,6.7,175
1719463574738,6.7,25
1719463575153,6.65,25
1719463575320,6.65,1100
1719463575768,6.7,25
1719463576307,6.7,25
1719463576824,6.7,800
1719463577345,6.7,200
1719463577825,6.7,175
1719463578338,6.8,500
1719463578777,6.75,200
1719463579524,6.75,25
1719463579783,6.75,25
1719463580515,6.75,25
1719463580796,6.75,25
1719463581767,6.75,25
1719463582695,6.85,50
1719463582928,6.85,50
1719463583323,6.8,325
1719463583814,6.85,25
1719463584475,6.9,50
1719463584767,6.95,275
1719463585368,6.95,225
1719463586003,6.9,25
1719463586545,6.95,475
1719463586779,6.85,150
1719463587537,6.85,1175
1719463587810,6.8,25
1719463588489,6.85,25
1719463588778,6.85,425
1719463589731,6.85,25
1719463589822,6.85,50
1719463590068,6.85,150
1719463590523,6.85,150
1719463590809,6.85,25
1719463591740,6.85,200
1719463592716,6.85,200
1719463592800,6.9,25
1719463593815,6.85,25
1719463593815,6.85,25
1719463594646,6.9,25
1719463595094,6.8,225
1719463595359,6.8,50
1719463595836,6.85,425
1719463596357,6.85,75
1719463596802,6.85,800
1719463597844,6.9,175
1719463598742,6.9,175
1719463598811,6.9,325
1719463599798,6.9,25
1719463600151,6.85,25
1719463600381,6.9,350
1719463600812,6.9,25
1719463601571,6.95,100
1719463601754,6.95,1425
1719463609841,6.65,100
1719463610008,6.65,750
1719463610840,6.75,25
1719463610964,6.8,650
1719463611842,6.8,25
1719463612169,6.85,50
1719463612745,6.75,75
1719463613347,6.8,100
1719463613732,6.85,25
1719463614565,6.85,675
1719463614773,6.8,125
1719463615598,6.8,175
1719463615830,6.8,25
1719463616619,6.75,25
1719463616829,6.8,25
1719463617613,6.75,50
1719463617783,6.75,175
1719463618536,6.75,25
1719463618836,6.8,25
1719463619543,6.8,275
1719463619830,6.8,100
1719463620032,6.8,500
1719463620824,6.9,75
1719463621401,6.9,25
1719463621841,6.9,175
1719463622783,6.95,25
1719463623773,7.0,875
1719463624759,6.95,125
1719463625003,7.0,200
1719463626023,7.0,300
1719463626854,6.95,275
1719463627000,6.9,50
1719463627802,6.95,100
1719463627919,6.9,500
1719463628596,6.9,25
1719463628758,6.9,500
1719463629338,6.9,350
1719463629821,6.85,100
1719463630560,6.8,25
1719463630857,6.9,25
1719463631608,6.85,25
1719463631854,6.75,500
1719463632843,6.8,25
1719463633836,6.75,25
1719463634630,6.75,25
1719463634800,6.75,25
1719463635818,6.75,25
1719463636771,6.75,25
1719463637784,6.65,100
1719463638013,6.65,100
1719463638741,6.7,350
1719463639005,6.7,650
1719463639399,6.7,25
1719463639709,6.65,375
1719463640334,6.65,150
1719463640738,6.6,100
1719463641628,6.55,25
1719463641840,6.55,25
1719463642753,6.55,100
1719463643868,6.55,750
1719463644752,6.5,25
1719463645861,6.6,75
1719463646868,6.7,800
1719463647048,6.7,500
1719463647861,6.75,325
1719463668876,7.0,225
1719463669079,7.0,375
1719463669676,6.95,25
1719463669870,6.95,25
1719463670577,6.95,600
1719463670874,6.95,750
1719463671535,6.9,25
1719463671870,6.9,25
1719463672615,6.85,25
1719463672859,6.9,100
1719463673848,6.7,25
1719463674840,6.75,25
1719463675901,6.85,450
1719463676634,6.85,375
1719463676860,6.85,50
1719463688649,6.8,100
1719463688774,6.8,500
1719463748493,6.55,50
1719463748896,6.5,150
1719463749795,6.6,25
1719463749922,6.55,350
1719463750947,6.55,275
1719463751942,6.45,25
1719463752798,6.45,250
1719463752995,6.45,175
1719463753830,6.45,100
1719463754161,6.45,25
1719463754901,6.55,25
1719463755606,6.45,350
1719463755921,6.45,25
1719463760918,6.1,100
1719463761777,6.15,25
1719463761858,6.15,525
1719463762835,6.1,1000
1719463762916,6.1,25
1719463764216,6.2,200
1719463764934,6.15,25
1719463765208,6.15,125
1719463765920,6.1,25
1719463766114,6.15,200
1719463766836,6.25,50
1719463767247,6.25,50
1719463767936,6.3,175
1719463768424,6.35,625
1719463768552,6.3,50
1719463768896,6.35,1425
1719463769561,6.3,50
1719463769890,6.35,25
1719463770083,6.35,700
1719463770817,6.35,200
1719463770892,6.35,50
1719463776897,6.2,25
1719463777194,6.15,75
1719463777899,6.25,100
1719463778242,6.25,25
1719463778861,6.2,25
1719463779195,6.2,75
1719463779885,6.25,25
1719463780359,6.25,100
1719463780548,6.3,50
1719463780798,6.3,175
1719463781581,6.3,425
1719463781905,6.25,50
1719463782904,6.25,25
1719463783889,6.25,25
1719463783978,6.25,600
1719463784914,6.25,25
1719463785030,6.25,50
1719463785818,6.2,25
1719463786419,6.25,25
1719463786419,6.25,25
1719463786942,6.25,1050
1719463787931,6.25,75
1719463788804,6.2,25
1719463789044,6.2,25
1719463789751,6.25,25
1719463789751,6.25,25
1719463790875,6.15,150
1719463790875,6.15,150
1719463791948,6.1,25
1719463792250,6.15,150
1719463792942,6.15,25
1719463793219,6.15,25
1719463793920,6.05,25
1719463794275,6.0,200
1719463794922,6.05,500
1719463795256,6.05,75
1719463795643,6.05,25
1719463795816,6.05,100
1719463796652,6.1,50
1719463796843,6.05,350
1719463797814,6.1,25
1719463797814,6.1,25
1719463798965,6.1,50
1719463799055,6.1,50
1719463800076,6.1,25
1719463800951,6.05,50
1719463801300,6.05,1000
1719463801947,6.05,700
1719463802285,6.0,125
1719463802919,6.05,200
1719463803235,6.1,75
1719463803957,6.05,675
1719463804856,6.05,400
1719463804942,6.05,1100
1719463805802,6.1,25
1719463805951,6.05,1200
1719463806954,6.15,75
1719463807906,6.1,125
1719463808075,6.1,25
1719463808944,6.05,100
1719463809262,6.05,250
1719463809959,6.05,25
1719463810264,6.0,25
1719463810954,5.95,200
1719463811280,6.05,50
1719463811965,6.0,75
1719463812238,6.05,25
1719463815957,5.8,75
1719463816118,5.85,1075
1719463816911,5.85,25
1719463817303,5.95,25
1719463817975,5.9,200
1719463818232,5.85,25
1719463818975,5.95,275
1719463819483,5.95,175
1719463819689,5.95,25
1719463819922,5.9,250
1719463820875,5.9,25
1719463820982,6.0,25
1719463821875,5.95,25
1719463822908,5.9,250
1719463823084,5.9,50
1719463823902,5.85,225
1719463823902,5.85,225
1719463824951,5.85,100
1719463825068,5.85,100
1719463825883,5.85,475
1719463825956,5.8,1200
1719463826933,5.9,25
1719463827074,5.9,50
1719463827898,5.95,300
1719463828113,5.95,125
1719463828948,5.95,275
1719463829317,6.0,400
1719463830058,6.15,700
1719463830194,6.2,25
1719463830933,6.1,25
1719463831259,6.0,500
1719463831962,6.0,25
1719463832289,6.0,50
1719463832937,6.0,175
1719463833299,6.0,50
1719463833958,6.05,25
1719463834318,6.05,250
1719463834987,6.05,75
1719463835259,6.05,750
1719463835903,6.0,25
1719463835903,6.0,25
1719463836918,6.05,125
1719463837978,6.1,25
1719463838115,6.05,100
1719463838888,6.05,75
1719463839284,6.0,450
1719463839900,6.05,25
1719463840206,6.0,25
1719463841002,6.05,50
1719463841136,6.1,25
1719463841606,6.1,25
1719463842400,6.1,25
1719463842729,6.15,25
1719463842915,6.1,100
1719463844161,6.2,25
1719463844941,6.15,25
1719463844941,6.15,25
1719463845965,6.2,25
1719463846698,6.15,25
1719463847137,6.15,150
1719463847898,6.2,25
1719463847898,6.2,25
1719463848898,6.15,775
1719463849932,6.15,50
1719463850015,6.15,450
1719463850987,6.2,750
1719463851095,6.2,150
1719463851845,6.2,150
1719463852951,6.15,100
1719463853965,6.15,25
1719463854096,6.2,250
1719463854911,6.2,25
1719463855255,6.2,25
1719463855850,6.25,50
1719463856293,6.2,200
1719463856962,6.2,25
1719463857557,6.2,275
1719463857692,6.2,50
1719463858185,6.15,325
1719463858950,6.0,50
1719463860028,6.0,25
1719463860121,5.95,100
1719463860990,5.95,25
1719463861159,5.95,500
1719463861977,5.8,75
1719463862160,5.85,125
1719463862950,5.75,275
1719463863135,5.8,100
1719463863960,5.8,25
1719463864141,5.8,75
1719463864961,5.8,350
1719463865146,5.8,100
1719463866014,5.95,25
1719463866175,5.95,175
1719463866986,6.0,50
1719463867139,5.95,200
1719463867925,6.0,25
1719463868136,6.0,25
1719463869001,6.0,750
1719463869102,6.0,25
1719463869968,5.9,100
1719463870973,5.9,100
1719463871170,5.9,25
1719463871983,5.9,100
1719463872171,5.9,25
1719463872988,5.9,100
1719463873146,5.95,75
1719463874010,5.9,75
1719463874145,5.95,75
1719463875013,5.95,100
1719463875351,6.0,25
1719463875718,6.05,350
1719463875997,6.0,25
1719463876740,6.05,250
1719463877001,6.0,25
1719463877983,6.0,625
1719463878995,5.9,200
1719463879992,5.95,250
1719463880189,5.95,375
1719463880972,5.85,50
1719463881177,5.9,100
1719463881990,5.85,25
1719463882223,5.9,25
1719463925183,5.75,475
1719463925979,5.8,750
1719463926117,5.8,175
1719463926966,5.85,725
1719463927394,5.85,50
1719463927708,5.85,300
1719463927907,5.8,275
1719463928991,5.8,100
1719463929927,5.8,75
1719463930226,5.8,175
1719463930909,5.8,25
1719463931251,5.8,25
1719463932057,5.85,50
1719463932925,5.8,100
1719463933064,5.8,100
1719463934016,5.7,50
1719463934246,5.7,25
1719463935045,5.65,25
1719463935463,5.55,25
1719463936071,5.5,100
1719463937035,5.65,100
1719463937053,5.65,25
1719463937872,5.75,50
1719463937942,5.8,25
1719463939251,5.75,50
1719463945000,5.85,50
1719463945126,5.8,50
1719463946000,5.8,50
1719463946251,5.75,25
1719463946869,5.8,100
1719463947348,5.8,50
1719463948003,5.9,50
1719463948353,5.85,750
1719463949059,5.8,50
1719463949618,5.85,100
1719463949768,5.85,50
1719463950000,5.85,50
1719463953000,5.85,25
1719463953985,5.85,25
1719463955028,5.85,100
1719463955067,5.9,25
1719463956083,5.9,175
1719463957008,5.95,825
1719463957208,5.85,50
1719463958013,5.85,25
1719463958232,5.9,75
1719463959024,5.9,175
1719463959487,5.9,25
1719463959989,5.9,25
1719463960446,5.95,25
1719463961051,5.95,350
1719463961066,5.95,75
1719463961902,5.95,50
1719463961997,5.95,350
1719463963009,6.0,100
1719463964001,5.9,550
1719463964094,5.9,550
1719463964928,5.9,100
1719463965272,5.9,50
1719463965879,5.9,25
1719463966572,5.9,25
1719463967054,5.9,25
1719463967897,5.8,150
1719463968064,5.85,500
1719463969000,5.95,50
1719463969859,5.95,100
1719463969859,5.95,100
1719463971029,5.95,25
1719463971103,5.95,75
1719463972116,5.9,25
1719463973032,5.9,50
1719463973291,5.95,50
1719463974008,5.95,50
1719463974008,5.95,50
1719463974914,5.85,25
1719463975236,5.9,25
1719463975998,5.85,25
1719463976308,5.9,250
1719463977038,5.9,1000
1719463977038,5.9,1000
1719463978006,5.9,100
1719463978333,5.85,25
1719463979020,5.85,25
1719463979330,5.85,25
1719463980075,5.8,325
1719463980338,5.8,275
1719463981035,5.75,25
1719463981321,5.8,25
1719463981920,5.8,1200
1719463982050,5.8,75
1719463982687,5.8,50
1719463983027,5.8,50
1719463984133,5.85,100
1719463985099,5.85,50
1719463986046,5.9,225
1719463986046,5.9,225
1719463987122,5.9,25
1719463988043,5.85,300
1719463988358,5.9,25
1719463988900,5.85,25
1719463989545,5.95,200
1719463990044,5.95,25
1719463990667,5.9,50
1719463990874,5.95,900
1719463990961,5.95,50
1719463991690,5.9,200
1719463991690,5.9,200
1719463992656,5.9,400
1719463993043,5.9,25
1719463994014,5.95,75
1719463994349,5.95,175
1719463995062,5.95,25
1719463995157,5.9,50
1719463995974,5.85,800
1719463996218,5.9,125
1719463996905,5.95,25
1719463997344,5.9,800
1719463998069,5.95,75
1719463998304,5.9,25
1719463999225,5.95,25
1719463999492,5.9,25
1719464000030,6.0,750
1719464000572,6.0,25
1719464001064,6.0,25
1719464001634,6.0,25
1719464001928,6.05,800
1719464002021,6.05,150
1719464003128,5.95,150
1719464004038,6.0,25
1719464004087,5.95,450
1719464005008,6.05,25
1719464005131,6.05,875
1719464006096,6.05,75
1719464006984,6.05,100
1719464007134,6.05,300
1719464008065,6.0,25
1719464008109,6.05,25
1719464009150,6.0,25
1719464009960,6.05,25
1719464010164,6.05,25
1719464010917,6.0,400
1719464011379,6.05,25
1719464012071,6.05,100
1719464012512,6.1,100
1719464013065,6.1,25
1719464013513,6.1,75
1719464014135,6.1,25
1719464016087,6.1,50
1719464016986,6.1,25
1719464017103,6.15,100
1719464018190,6.0,25
1719464019089,6.0,1800
1719464019188,6.0,25
1719464020074,5.95,50
1719464020333,5.95,250
1719464021028,6.0,275
1719464021775,5.9,100
1719464022097,5.9,125
1719464022787,5.8,25
1719464023300,5.85,50
1719464023537,5.85,25
1719464024110,5.9,475
1719464025067,5.9,25
1719464026085,5.95,25
1719464027080,6.0,600
1719464028100,6.0,25
1719464029090,6.0,100
1719464029159,6.0,25
1719464030082,6.0,25
1719464030157,5.95,75
1719464031115,5.95,25
1719464031608,6.0,25
1719464031943,5.95,25
1719464032562,6.0,25
1719464032938,5.95,25
1719464033548,5.95,150
1719464034019,5.95,25
1719464034425,5.95,75
1719464035005,6.05,100
1719464035596,6.0,100
1719464036043,6.05,75
1719464036104,6.0,25
1719464037207,6.0,50
1719464038103,6.05,1200
1719464038230,6.05,25
1719464039093,6.05,50
1719464039402,6.1,25
1719464040046,6.05,50
1719464040100,6.1,100
1719464040296,6.05,425
1719464041041,6.05,1050
1719464041377,6.1,25
1719464042091,6.15,50
1719464042585,6.1,325
1719464043100,6.1,50
1719464043749,6.1,500
1719464044102,6.1,25
1719464045000,6.1,25
1719464045101,6.15,25
1719464046081,6.1,25
1719464047000,6.15,50
1719464047423,6.1,25
1719464048121,6.15,25
1719464048435,6.15,25
1719464049047,6.15,1000
1719464049369,6.15,100
1719464050098,6.15,25
1719464050648,6.2,75
1719464051067,6.2,25
1719464051655,6.15,100
1719464052060,6.2,50
1719464052634,6.15,500
1719464053039,6.15,25
1719464053241,6.2,75
1719464054113,6.15,25
1719464054244,6.1,175
1719464055217,6.15,25
1719464056100,6.1,25
1719464056247,6.1,100
1719464057113,6.05,25
1719464057241,6.0,600
1719464058249,6.05,25
1719464058791,6.1,25
1719464059250,6.1,475
1719464060082,6.1,25
1719464060220,6.1,25
1719464061100,6.15,75
1719464061640,6.2,100
1719464062112,6.15,50
1719464062319,6.15,25
1719464063106,6.2,25
1719464063447,6.2,25
1719464064123,6.3,25
1719464064462,6.3,800
1719464074644,6.35,75
1719464075058,6.4,100
1719464075672,6.4,100
1719464076094,6.35,250
1719464076244,6.35,50
1719464077090,6.3,25
1719464077463,6.25,25
1719464078110,6.3,25
1719464078363,6.3,900
1719464079030,6.25,25
1719464079358,6.3,600
1719464080115,6.35,100
1719464080669,6.25,625
1719464081112,6.2,25
1719464081518,6.3,100
1719464082127,6.25,25
1719464082686,6.25,25
1719464082972,6.25,75
1719464083669,6.35,25
1719464084084,6.3,300
1719464088678,6.4,25
1719464089119,6.4,25
1719464089680,6.4,75
1719464090060,6.4,25
1719464090657,6.35,125
1719464091006,6.35,850
1719464091675,6.35,200
1719464092282,6.35,25
1719464092282,6.35,25
1719464093101,6.2,1000
1719464093301,6.15,25
1719464094154,6.15,25
1719464094465,6.05,175
1719464095104,6.05,25
1719464095616,6.05,50
1719464096094,6.1,100
1719464096716,6.15,25
1719464097133,6.05,25
1719464097916,6.15,350
1719464098066,6.15,25
1719464098898,6.15,25
1719464099036,6.15,25
1719464100085,6.15,50
1719464100135,6.15,150
1719464100302,6.15,25
1719464101109,6.1,650
1719464101504,6.1,25
1719464102340,6.1,1050
1719464102539,6.1,100
1719464103132,6.05,25
1719464121144,5.9,25
1719464121501,5.95,50
1719464122143,6.0,175
1719464122524,6.0,50
1719464123066,5.95,225
1719464123681,6.1,1075
1719464123989,6.1,25
1719464124686,6.05,25
1719464125058,6.1,25
1719464125759,6.05,150
1719464126116,6.05,25
1719464126735,6.05,25
1719464127151,6.1,650
1719464127356,6.05,50
1719464128080,6.05,25
1719464128345,6.05,100
1719464129138,6.1,50
1719464129235,6.05,25
1719464130010,6.1,850
1719464130158,6.05,25
1719464130239,6.0,25
1719464131145,6.05,50
1719464168132,6.2,25
1719464168353,6.2,50
1719464169145,6.15,25
1719464169807,6.15,25
1719464170089,6.1,250
1719464170805,6.15,750
1719464171146,6.15,375
1719464171739,6.15,500
1719464172111,6.05,400
1719464172811,6.05,250
1719464173184,6.1,100
1719464173851,6.1,25
1719464174103,6.15,50
1719464174103,6.15,50
1719464175198,6.15,50
1719464176181,6.15,50
1719464176428,6.15,550
1719464177377,6.15,100
1719464177766,6.15,1000
1719464178095,6.2,125
1719464178594,6.15,50
1719464179181,6.2,25
1719464179539,6.15,50
1719464180145,6.15,350
1719464180616,6.1,125
1719464181036,6.05,50
1719464181772,6.1,25
1719464181772,6.1,25
1719464182501,6.05,25
1719464183167,6.1,25
1719464183826,6.05,25
1719464206123,6.15,50
1719464206656,6.2,25
1719464207186,6.25,600
1719464207647,6.2,250
1719464207957,6.1,25
1719464208734,6.15,50
1719464208898,6.15,25
1719464209740,6.1,25
1719464210203,6.05,200
1719464210953,6.1,475
1719464210953,6.1,475
1719464211957,6.15,175
1719464212255,6.05,25
1719464213157,6.1,300
1719464213419,6.1,150
1719464214033,6.1,100
1719464214462,6.1,100
1719464215001,6.1,100
1719464215604,6.1,250
1719464216183,6.1,150
1719464216625,6.05,50
1719464217217,6.0,25
1719464218055,6.0,400
1719464218297,6.0,275
1719464219222,5.75,575
1719464219469,5.8,250
1719464220092,5.8,825
1719464220215,5.8,50
1719464220428,5.75,100
1719464221419,5.8,50
1719464221419,5.8,50
1719464222207,5.85,450
1719464222591,5.85,550
1719464223213,5.8,25
1719464223871,5.75,275
1719464224200,5.7,25
1719464224825,5.8,900
1719464225076,5.75,50
1719464225843,5.7,50
1719464226229,5.7,25
1719464226880,5.65,100
1719464228172,5.55,25
1719464228900,5.55,50
1719464229222,5.6,950
1719464230051,5.55,150
1719464230266,5.5,25
1719464231265,5.5,250
1719464232491,5.4,25
1719464233206,5.5,25
1719464233474,5.5,250
1719464234185,5.5,325
1719464234508,5.45,25
1719464235227,5.5,500
1719464235680,5.5,625
1719464236162,5.5,25
1719464236681,5.5,50
1719464237204,5.5,25
1719464237693,5.45,100
1719464238222,5.45,150
1719464238436,5.4,25
1719464239229,5.45,25
1719464239705,5.5,25
1719464240237,5.4,275
1719464240670,5.45,25
1719464241085,5.45,25
1719464242099,5.5,50
1719464242308,5.55,100
1719464243220,5.45,25
1719464243478,5.45,125
1719464244207,5.4,50
1719464244662,5.45,100
1719464245186,5.4,50
1719464245710,5.4,25
1719464246217,5.45,25
1719464246925,5.3,125
1719464247243,5.25,375
1719464248091,5.25,150
1719464248230,5.2,300
1719464248308,5.15,25
1719464249436,5.05,25
1719464249533,5.05,100
1719464250085,5.05,200
1719464250240,5.1,100
1719464250530,5.15,25
1719464251208,5.05,100
1719464251661,5.1,100
1719464252219,5.15,100
1719464252733,5.2,1400
1719464253210,5.15,25
1719464253722,5.15,50
1719464254233,5.1,25
1719464254909,5.15,950
1719464255451,5.15,25
1719464256211,5.15,25
1719464256471,5.2,25
1719464257247,5.15,100
1719464257540,5.15,25
1719464258178,5.1,25
1719464259493,5.1,150
1719464260244,5.05,25
1719464260699,5.0,100
1719464261254,5.1,50
1719464261708,5.05,50
1719464262226,5.1,25
1719464262727,5.05,100
1719464263189,5.1,25
1719464263736,5.05,25
1719464264229,5.1,175
1719464264735,5.1,250
1719464265250,5.05,175
1719464265949,5.05,500
1719464266226,5.05,250
1719464266942,5.05,25
1719464267155,5.05,200
1719464268248,5.05,200
1719464268353,5.05,200
1719464269256,5.0,25
1719464269543,5.0,25
1719464270251,5.0,25
1719464270560,4.95,50
1719464271253,5.05,75
1719464271521,5.05,275
1719464272246,5.1,50
1719464272504,5.15,150
1719464273256,5.05,25
1719464273765,5.1,350
1719464274203,5.1,25
1719464274797,5.1,50
1719464275234,5.1,75
1719464275561,5.1,300
1719464291234,5.1,100
1719464292170,4.9,500
1719464292393,4.8,50
1719464293213,4.85,25
1719464293601,4.9,675
1719464294236,4.9,125
1719464294769,4.85,1200
1719464295265,4.8,200
1719464295797,4.85,200
1719464296412,4.85,25
1719464296797,4.85,25
1719464297245,4.9,400
1719464297975,4.85,300
1719464298251,4.8,150
1719464298809,4.85,500
1719464299184,4.8,25
1719464299958,4.8,100
1719464300242,4.8,25
1719464300366,4.85,25
1719464301250,4.85,500
1719464301807,4.9,25
1719464302238,4.95,25
1719464302786,4.9,25
1719464303237,4.9,25
1719464304000,4.9,50
1719464304186,4.85,125
1719464305000,4.9,50
1719464305254,4.85,200
1719464306007,4.85,50
1719464306272,4.85,300
1719464307000,4.9,50
1719464307276,4.9,1775
1719464308256,4.8,25
1719464308623,4.8,125
1719464309230,4.8,75
1719464309606,4.75,300
1719464310000,4.8,50
1719464310280,4.75,50
1719464310805,4.7,25
1719464311204,4.75,25
1719464311817,4.7,175
1719464312274,4.65,300
1719464313003,4.75,50
1719464313269,4.7,25
1719464313768,4.7,300
1719464314273,4.65,875
1719464315007,4.65,25
1719464315276,4.65,100
1719464316039,4.7,25
1719464316260,4.7,25
1719464317030,4.65,500
1719464317277,4.7,50
1719464318000,4.7,50
1719464318251,4.7,150
1719464318570,4.65,225
1719464319254,4.65,500
1719464319828,4.65,25
1719464320253,4.6,50
1719464320818,4.6,25
1719464321134,4.6,50
1719464322026,4.6,50
1719464322273,4.6,50
1719464322824,4.55,150
1719464323278,4.55,25
1719464324028,4.55,50
1719464324269,4.55,300
1719464325026,4.55,25
1719464325263,4.55,125
1719464325598,4.65,100
1719464326258,4.6,75
1719464326630,4.55,50
1719464327476,4.65,50
1719464327830,4.65,25
1719464328282,4.75,125
1719464328634,4.7,300
1719464329280,4.7,75
1719464329636,4.75,150
1719464330272,4.8,25
1719464330821,4.75,100
1719464367280,4.95,200
1719464367827,4.9,125
1719464368258,4.95,50
1719464369095,4.9,500
1719464369278,4.85,100
1719464369918,4.95,900
1719464370331,5.0,350
1719464371094,4.85,100
1719464371501,4.85,100
1719464371635,4.85,1275
1719464372305,4.9,25
1719464372669,4.9,25
1719464373315,4.9,75
1719464376066,4.95,200
1719464376319,4.9,50
1719464376324,4.95,50
1719464377157,4.9,25
1719464377441,4.9,125
1719464378123,4.9,325
1719464378530,4.95,100
1719464379321,4.95,50
1719464379606,4.9,300
1719464380283,4.9,25
1719464380690,4.9,100
1719464381320,4.9,25
1719464381663,4.9,525
1719464382308,4.9,100
1719464382970,4.95,25
1719464383302,4.95,25
1719464384101,4.9,875
1719464384324,4.9,300
1719464385086,4.95,25
1719464385268,4.9,100
1719464385475,4.95,25
1719464386264,4.95,350
1719464386471,5.0,25
1719464387186,4.95,100
1719464387728,4.95,50
1719464388303,4.9,25
1719464388873,4.95,25
1719464389308,4.95,50
1719464389617,4.9,50
1719464390179,4.9,200
1719464390644,4.95,50
1719464391109,4.95,50
1719464391733,4.95,1225
1719464392300,4.95,125
1719464392711,4.95,500
1719464393318,4.9,575
1719464396702,4.9,125
1719464398312,4.9,750
1719464398697,4.9,100
1719464399236,4.9,25
1719464399746,4.9,125
1719464400091,4.85,25
1719464400318,4.85,25
1719464400738,4.85,150
1719464401332,4.85,250
1719464401709,4.9,125
1719464402280,4.95,325
1719464402950,4.9,500
1719464403317,4.95,25
1719464403748,4.9,150
1719464404332,4.9,550
1719464404919,4.85,25
1719464405507,4.9,25
1719464405964,4.85,25
1719464406330,4.8,25
1719464407112,4.85,300
1719464407339,4.85,700
1719464407701,4.8,100
1719464408316,4.8,25
1719464408756,4.85,75
1719464409330,4.8,50
1719464410148,4.85,50
1719464410323,4.8,50
1719464411111,4.85,1200
1719464411356,4.9,50
1719464412150,4.9,325
1719464412336,4.9,150
1719464413040,4.9,75
1719464413214,4.95,25
1719464413432,4.95,400
1719464414342,4.9,25
1719464414755,4.95,25
1719464415185,4.95,350
1719464415740,4.9,75
1719464416162,4.95,675
1719464416904,4.95,100
1719464417320,4.95,1000
1719464417794,4.95,25
1719464418324,4.9,25
1719464418962,4.85,100
1719464419339,4.85,25
1719464419969,4.85,75
1719464420546,4.85,25
1719464421117,4.85,25
1719464421336,4.9,50
1719464421772,4.9,75
1719464422145,4.9,50
1719464422761,4.9,625
1719464423317,4.9,25
1719464423982,4.9,25
1719464424327,4.85,250
1719464425161,4.9,300
1719464425311,4.85,300
1719464425592,4.85,50
1719464426233,4.85,100
1719464426652,4.8,150
1719464427308,4.85,50
1719464427753,4.8,25
1719464428312,4.85,25
1719464428730,4.85,25
1719464429274,4.8,75
1719464430076,4.85,325
1719464430337,4.8,125
1719464430987,4.8,25
1719464431328,4.8,100
1719464431953,4.8,775
1719464432361,4.8,25
1719464433043,4.8,175
1719464433310,4.8,25
1719464434400,4.8,1625
1719464434588,4.85,25
1719464435329,4.75,275
1719464435791,4.8,200
1719464436341,4.8,50
1719464436684,4.75,250
1719464437289,4.8,75
1719464437989,4.75,75
1719464438303,4.7,25
1719464438884,4.7,450
1719464439341,4.75,950
1719464439984,4.65,575
1719464440323,4.65,650
1719464441002,4.7,100
1719464441349,4.7,275
1719464441963,4.7,50
1719464442267,4.7,25
1719464443201,4.7,25
1719464443293,4.7,175
1719464443807,4.7,500
1719464444280,4.8,25
1719464444790,4.75,25
1719464445351,4.75,75
1719464446189,4.75,1225
1719464446321,4.75,25
1719464447292,4.8,25
1719464448312,4.85,375
1719464448693,4.8,25
1719464449311,4.8,50
1719464449821,4.8,25
1719464450309,4.8,25
1719464450803,4.85,500
1719464451371,4.8,25
1719464453347,4.75,25
1719464466319,4.95,300
1719464467004,4.9,50
1719464467305,4.9,25
1719464467691,4.9,50
1719464468349,4.95,25
1719464468803,4.95,950
1719464469314,4.9,225
1719464470061,4.95,100
1719464470309,4.95,100
1719464470838,4.95,25
