time,price,volume
1719461503405,14.6,25
1719461504184,14.55,25
1719461504506,14.5,25
1719461505233,14.7,25
1719461505892,14.55,400
1719461506212,14.6,225
1719461507099,14.55,600
1719461507231,14.5,25
1719461508232,14.6,25
1719461508271,14.65,50
1719461509207,14.6,25
1719461509910,14.65,25
1719461510421,14.55,25
1719461511210,14.65,100
1719461511500,14.65,50
1719461512207,14.8,100
1719461512713,14.4,25
1719461513231,14.7,25
1719461514217,14.9,100
1719461515221,14.6,50
1719461515511,14.65,25
1719461516215,15.0,75
1719461516501,15.0,25
1719461517222,14.8,25
1719461518110,14.65,25
1719461518239,14.55,25
1719461519405,14.5,25
1719461519492,14.6,25
1719461520100,14.65,25
1719461520239,14.75,25
1719461520730,14.55,275
1719461521223,14.55,600
1719461522296,14.4,50
1719461523196,14.45,200
1719461523531,14.35,25
1719461524424,13.9,125
1719461524742,13.8,375
1719461525245,13.85,100
1719461526131,13.8,25
1719461526239,13.8,25
1719461527204,13.55,50
1719461527520,13.45,25
1719461528429,13.5,225
1719461528938,13.7,50
1719461529218,13.5,125
1719461530247,13.75,25
1719461530281,13.75,25
1719461531249,13.65,25
1719461531531,13.65,25
1719461532239,13.75,550
1719461532761,13.7,375
1719461533235,13.7,25
1719461534141,13.75,25
1719461534207,13.7,25
1719461535250,13.7,125
1719461535302,13.7,25
1719461536242,13.65,200
1719461536540,13.6,25
1719461537249,13.65,75
1719461537924,13.7,25
1719461538226,13.75,50
1719461539149,13.75,200
1719461539300,13.75,100
1719461540323,13.6,25
1719461541261,13.4,25
1719461541589,13.4,225
1719461542264,13.5,50
1719461542712,13.45,75
1719461543396,13.05,125
1719461544339,13.15,175
1719461545235,12.95,25
1719461545978,12.6,900
1719461546234,12.65,325
1719461547472,12.85,25
1719461547779,12.95,50
1719461548251,13.0,25
1719461549170,13.15,25
1719461549209,13.25,25
1719461550080,13.2,25
1719461550289,13.2,25
1719461551286,13.15,50
1719461551515,13.2,25
1719461552239,13.25,25
1719461552580,13.3,25
1719461553256,13.2,25
1719461553998,13.2,25
1719461554260,13.25,25
1719461555159,13.5,25
1719461555272,13.35,225
1719461556368,13.4,25
1719461556421,13.3,175
1719461557244,13.35,350
1719461557544,13.35,175
1719461558241,13.4,525
1719461558602,13.45,25
1719461559266,13.5,100
1719461559786,13.35,100
1719461560266,13.35,200
1719461561000,13.5,75
1719461561277,13.4,175
1719461562152,13.35,25
1719461562252,13.35,75
1719461563279,13.0,25
1719461563398,13.05,50
1719461564223,13.1,25
1719461564575,13.0,100
1719461565259,12.85,25
1719461565604,12.85,300
1719461566276,12.9,50
1719461566717,12.85,25
1719461567223,12.85,25
1719461568164,12.9,25
1719461568297,12.9,100
1719461569245,13.0,150
1719461569392,12.9,50
1719461570282,12.85,50
1719461570586,12.85,50
1719461571189,12.95,25
1719461571972,13.2,125
1719461572258,13.1,400
1719461573263,13.0,50
1719461573605,13.05,75
1719461574263,13.1,50
1719461575228,13.1,25
1719461576211,13.3,125
1719461576767,13.35,450
1719461577247,13.4,225
1719461578250,13.35,250
1719461579244,13.5,125
1719461579386,13.4,250
1719461580070,13.55,25
1719461580492,13.25,25
1719461580598,13.25,25
1719461581262,13.25,200
1719461582025,13.3,25
1719461582172,13.25,25
1719461583241,13.5,25
1719461583279,13.5,25
1719461584236,13.45,25
1719461585145,13.3,25
1719461585611,13.2,50
1719461586221,13.1,25
1719461587047,13.2,125
1719461587252,13.2,50
1719461588226,13.05,50
1719461588426,13.1,400
1719461589254,13.15,25
1719461589591,13.2,25
1719461590208,12.95,50
1719461590957,12.95,50
1719461591151,12.85,25
1719461592248,12.75,100
1719461592442,12.85,25
1719461593303,12.85,25
1719461593588,12.85,50
1719461594264,13.0,150
1719461594789,13.15,100
1719461595282,13.1,150
1719461596059,13.2,25
1719461596210,13.3,50
1719461597272,13.2,125
1719461597431,13.2,50
1719461598235,13.35,50
1719461598609,13.45,125
1719461599281,13.5,50
1719461599868,13.55,25
1719461600303,13.6,100
1719461601295,13.45,25
1719461602268,13.35,75
1719461603289,13.2,175
1719461603289,13.2,175
1719461604224,13.1,25
1719461604616,13.05,150
1719461605173,13.25,75
1719461605650,13.4,75
1719461606304,13.5,100
1719461607012,13.3,275
1719461607206,13.25,50
1719461608294,13.05,175
1719461608449,13.05,25
1719461609295,13.2,125
1719461609498,13.3,225
1719461610070,13.25,250
1719461610272,13.15,100
1719461610868,13.2,25
1719461611221,13.35,25
1719461612277,13.35,100
1719461613305,13.25,100
1719461613661,13.25,200
1719461614218,13.3,25
1719461614625,13.25,150
1719461615250,13.25,25
1719461615846,13.1,250
1719461616217,13.2,25
1719461617275,13.15,325
1719461618295,12.9,100
1719461618457,12.9,75
1719461619272,13.15,200
1719461619456,13.2,325
1719461620307,13.05,300
1719461620691,13.3,25
1719461621257,13.45,50
1719461621670,13.45,325
1719461622226,13.35,25
1719461622990,13.35,100
1719461623128,13.45,50
1719461624312,13.6,25
1719461625266,13.85,25
1719461625696,14.1,100
1719461626141,13.85,50
1719461627097,13.85,25
1719461627286,13.8,50
1719461628302,14.15,100
1719461629313,14.0,50
1719461629369,13.95,25
1719461630316,14.1,50
1719461630504,14.1,25
1719461631300,14.1,50
1719461631699,14.05,400
1719461632307,13.8,25
1719461633113,14.4,75
1719461633322,14.25,25
1719461634280,14.3,25
1719461634519,14.3,25
1719461635268,14.1,50
1719461635496,14.2,25
1719461636318,14.25,50
1719461636718,14.15,250
1719461637304,14.15,200
1719461637822,14.1,50
1719461638179,14.1,25
1719461639290,13.95,25
1719461639462,14.0,25
1719461640087,14.05,25
1719461640301,14.0,200
1719461640507,14.05,250
1719461641268,14.15,25
1719461641672,14.05,375
1719461642332,13.85,75
1719461642942,14.05,25
1719461643322,14.05,125
1719461643912,14.05,25
1719461644310,13.95,25
1719461645321,14.1,25
1719461646313,14.0,25
1719461646534,13.95,25
1719461647310,14.15,25
1719461647528,14.15,100
1719461648277,13.9,75
1719461648701,14.1,300
1719461649301,14.15,25
1719461649626,14.1,25
1719461650297,14.0,125
1719461650925,14.05,75
1719461651300,14.1,25
1719461652091,14.1,225
1719461652297,14.05,25
1719461653138,14.3,25
1719461653255,14.35,25
1719461654309,14.6,100
1719461654512,14.45,25
1719461655291,14.45,475
1719461655508,14.45,25
1719461656306,14.4,50
1719461656378,14.4,375
1719461657313,14.25,75
1719461657721,14.45,100
1719461658320,14.1,75
1719461658741,14.05,25
1719461659316,14.05,25
1719461659920,14.25,25
1719461660338,14.2,25
1719461661150,14.0,25
1719461661325,14.05,25
1719461662239,13.8,50
1719461663321,13.6,125
1719461663498,13.55,75
1719461664339,13.6,75
1719461664693,13.55,425
1719461665323,13.5,25
1719461665950,13.7,25
1719461666288,13.75,25
1719461667009,13.85,550
1719461667244,13.9,650
1719461668331,14.15,50
1719461669326,14.0,50
1719461669741,14.05,25
1719461670084,14.15,25
1719461670309,14.2,25
1719461670694,13.95,50
1719461671316,13.95,25
1719461671772,13.95,25
1719461672276,13.9,25
1719461673161,13.75,25
1719461673298,13.85,100
1719461674128,13.75,75
1719461674274,13.7,75
1719461675339,13.65,1250
1719461675339,13.65,1250
1719461676369,13.8,25
1719461677306,14.05,75
1719461677383,14.0,325
1719461678327,13.75,25
1719461678545,13.8,125
1719461679316,13.7,50
1719461679729,13.65,25
1719461680305,13.65,25
1719461680613,13.55,25
1719461680913,13.65,25
1719461681162,13.8,400
1719461682311,13.85,25
1719461683261,13.85,75
1719461684318,14.1,1200
1719461684565,14.05,375
1719461685343,13.85,25
1719461685573,13.9,25
1719461686308,14.05,50
1719461686776,13.95,100
1719461687333,13.8,50
1719461687662,13.85,50
1719461688349,13.8,25
1719461688980,13.65,25
1719461689321,13.65,75
1719461690125,13.95,25
1719461690353,13.9,25
1719461691106,14.05,175
1719461691332,14.0,100
1719461692376,13.85,25
1719461693228,13.75,200
1719461693518,13.85,25
1719461694343,13.9,50
1719461694796,13.85,25
1719461695231,13.95,200
1719461695983,13.85,25
1719461696360,13.85,400
1719461697295,13.95,100
1719461697379,14.05,25
1719461698398,13.85,100
1719461699341,13.5,75
1719461699785,13.45,50
1719461700097,13.65,200
1719461700346,13.6,25
1719461700794,13.75,150
1719461701468,13.95,50
1719461702169,14.0,25
1719461702354,14.0,50
1719461703356,14.05,25
1719461703612,14.0,450
1719461704320,14.1,250
1719461704754,14.1,100
1719461705359,13.9,75
1719461705953,13.9,25
1719461706546,13.65,100
1719461707403,13.65,25
1719461708342,13.55,25
1719461708738,13.65,100
1719461709298,13.4,100
1719461709766,13.6,650
1719461710376,13.8,25
1719461710684,13.85,25
1719461711278,14.05,100
1719461712009,13.9,50
1719461712308,13.85,25
1719461713371,13.85,50
1719461714606,13.65,100
1719461715347,13.75,50
1719461715600,13.7,25
1719461716338,13.7,100
1719461716616,13.6,75
1719461717334,13.65,100
1719461717796,13.75,25
1719461718285,13.85,25
1719461718829,13.85,25
1719461719284,13.8,25
1719461720022,14.2,50
1719461720354,14.25,550
1719461721183,14.1,450
1719461721348,14.05,475
1719461722207,14.0,25
1719461722358,13.95,225
1719461723343,13.95,75
1719461723494,13.9,700
1719461724350,14.15,25
1719461724578,14.15,225
1719461725345,14.25,125
1719461725620,14.2,575
1719461726351,14.1,25
1719461726797,14.1,275
1719461727322,13.9,25
1719461727808,13.95,50
1719461728315,14.0,25
1719461728700,14.0,25
1719461729278,13.9,600
1719461730037,14.1,25
1719461730348,14.05,100
1719461731242,13.95,25
1719461731242,13.95,25
1719461732366,14.4,25
1719461732789,14.4,25
1719461733373,14.55,50
1719461734405,15.2,250
1719461735381,15.45,275
1719461736046,16.0,25
1719461736377,15.9,100
1719461737381,15.5,75
1719461737840,15.4,75
1719461738572,14.9,25
1719461739357,14.55,100
1719461739425,14.6,25
1719461740344,14.85,25
1719461741039,14.9,25
1719461741376,14.85,25
1719461742368,14.8,225
1719461742435,14.75,200
1719461743560,14.85,75
1719461743822,14.85,50
1719461744366,15.0,100
1719461744838,15.0,200
1719461745406,15.2,50
1719461746064,15.15,375
1719461746392,15.2,100
1719461747469,15.45,50
1719461748373,15.2,25
1719461748879,15.1,75
1719461749393,15.15,50
1719461749850,15.15,725
1719461750388,15.1,25
1719461751383,15.3,50
1719461764086,15.45,75
1719461764396,15.7,150
1719461765380,15.55,175
1719461765665,15.45,25
1719461766583,15.4,25
1719461766897,15.4,75
1719461767323,15.4,25
1719461768284,15.1,550
1719461768388,15.1,200
1719461769393,15.15,650
1719461769641,15.15,425
1719461770396,15.15,25
1719461770909,15.35,150
1719461771386,15.3,100
1719461772287,14.8,75
1719461772599,15.1,25
1719461773402,15.1,25
1719461773699,15.05,100
1719461774394,14.65,125
1719461775081,14.8,75
1719461775405,14.9,75
1719461776386,14.9,75
1719461776686,14.95,25
1719461777409,14.9,25
1719461777916,14.95,150
1719461778390,14.95,50
1719461779364,14.95,25
1719461780321,14.9,125
1719461780492,14.85,75
1719461781379,15.0,25
1719461781717,15.0,550
1719461782384,15.3,100
1719461782882,15.1,25
1719461783307,15.15,25
1719461783939,15.4,300
1719461784363,15.3,25
1719461785407,15.25,25
1719461786596,15.6,225
1719461786721,15.9,100
1719461787409,16.1,25
1719461787930,16.3,75
1719461788396,16.45,25
1719461792919,15.75,25
1719461793377,15.75,50
1719461794047,15.8,25
1719461794370,15.7,25
1719461795336,15.8,300
1719461795409,15.8,25
1719461796380,16.0,25
1719461796693,15.95,225
1719461797360,15.8,100
1719461798147,15.95,600
1719461798416,16.25,75
1719461799350,16.25,275
1719461799526,16.15,175
1719461800375,16.0,25
1719461800770,16.05,25
1719461801408,16.1,25
1719461801937,16.05,25
1719461802408,16.05,25
1719461803416,15.95,150
1719461803545,16.1,150
1719461804402,16.0,500
1719461804730,16.05,75
1719461805618,15.7,75
1719461805899,16.1,300
1719461806402,15.95,50
1719461807153,16.15,25
1719461807426,16.15,50
1719461808403,16.05,250
1719461808564,16.05,425
1719461809417,16.1,25
1719461809760,16.05,75
1719461810400,16.05,25
1719461810935,16.3,25
1719461811411,16.25,375
1719461812162,16.2,150
1719461812370,16.15,350
1719461813417,16.0,100
1719461814386,16.15,25
1719461814746,16.1,25
1719461815431,15.8,75
1719461815969,15.85,125
1719461816426,16.0,25
1719461817190,15.6,25
1719461817412,15.6,25
1719461818377,15.6,125
1719461818557,15.65,25
1719461858421,15.3,75
1719461858836,15.35,100
1719461859397,15.3,25
1719461859804,15.35,50
1719461860444,15.2,25
1719461862041,15.4,75
1719461862434,15.25,25
1719461863244,15.4,25
1719461863449,15.35,25
1719461864203,15.25,75
1719461864344,15.25,250
1719461873453,14.95,25
1719461873871,14.75,50
1719461874292,14.8,25
1719461875070,14.5,25
1719461875470,14.65,50
1719461876461,14.65,25
1719461877427,14.6,25
1719461878006,14.6,25
1719461878451,14.6,50
1719461879039,14.45,75
1719461879453,14.5,100
1719461880126,14.55,75
1719461880482,14.45,100
1719461881405,14.5,75
1719461881651,14.45,50
1719461882443,14.1,225
1719461883231,14.35,125
1719461883475,14.4,25
1719461884456,14.45,325
1719461884651,14.5,50
1719461885603,14.65,25
1719461886022,14.65,75
1719461886449,14.7,25
1719461887061,14.75,300
1719461887319,14.8,175
1719461888061,14.8,400
1719461888407,14.7,25
1719461889210,14.8,25
1719461889446,14.75,25
1719461890268,14.6,25
1719461890672,14.4,25
1719461891479,14.4,975
1719461892012,14.4,25
1719461892442,14.2,25
1719461893276,14.25,350
1719461893420,14.3,50
1719461894433,14.25,25
1719461894679,14.3,25
1719461895443,14.25,25
1719461896078,14.15,50
1719461896352,14.15,100
1719461897293,14.05,25
1719461897470,14.15,75
1719461898440,14.2,50
1719461898663,14.25,25
1719461899421,14.25,25
1719461899875,14.3,75
1719461900480,14.4,300
1719461901106,14.45,100
1719461901409,14.45,25
1719461902297,14.55,100
1719461902414,14.6,25
1719461903421,14.85,825
1719461903689,14.8,250
1719461904389,14.75,100
1719461904887,14.6,100
1719461905481,14.6,500
1719461905897,14.55,100
1719461906418,14.55,225
1719461907082,14.4,75
1719461907494,14.45,50
1719461908510,14.6,50
1719461909496,14.55,50
1719461909827,14.35,75
1719461910053,14.45,75
1719461910447,14.45,25
1719461911096,14.05,25
1719461911473,13.9,275
1719461912483,14.3,50
1719461912705,14.2,150
1719461913493,14.2,375
1719461913905,14.15,50
1719461914450,13.9,25
1719461915105,14.1,50
1719461915465,14.05,25
1719461916105,14.05,25
1719461916481,13.85,50
1719461917523,14.15,25
1719461918479,13.95,50
1719461918724,14.0,25
1719461919473,13.95,50
1719461919908,14.05,50
1719461920482,14.15,50
1719461921085,14.2,25
1719461921472,14.35,100
1719461922114,14.25,25
1719461922470,14.4,100
1719461923292,14.2,25
1719461923472,14.2,25
1719461924434,14.2,25
1719461924525,14.25,200
1719461925493,14.45,50
1719461925880,14.6,50
1719461926414,14.6,350
1719461927080,14.5,25
1719461927625,14.5,50
1719461928123,14.55,50
1719461928432,14.55,25
1719461929529,14.3,25
1719461930449,14.45,50
1719461930927,14.5,25
1719461931507,14.35,25
1719461932095,14.3,25
1719461932413,14.35,25
1719461933315,14.3,75
1719461933508,14.25,50
1719461934457,14.3,25
1719461934747,14.25,75
1719461935477,14.25,25
1719461935709,14.4,25
1719461936420,14.3,25
1719461937141,14.2,25
1719461937509,14.25,25
1719461938569,14.25,250
1719461939498,14.5,25
1719461939814,14.55,25
1719461940048,14.5,75
1719461940329,14.4,200
1719461941155,14.6,25
1719461941505,14.5,875
1719461942570,14.45,25
1719461943503,14.55,25
1719461943756,14.45,25
1719461944456,14.3,775
1719461944955,14.35,125
1719461945516,14.5,250
1719461945969,14.45,50
1719461946509,14.55,150
1719461947104,14.55,25
1719461947519,14.55,75
1719461948156,14.6,75
1719461948470,14.6,25
1719461949493,14.7,25
1719461949543,14.7,25
1719461950403,14.85,50
1719461950657,14.8,25
1719461951498,14.75,50
1719461952146,15.0,25
1719461952506,14.85,25
1719461953166,15.0,25
1719461953458,15.0,25
1719461954346,15.0,25
1719461954497,15.05,50
1719461955502,14.95,100
1719461955740,15.0,250
1719461956526,15.0,25
1719461956957,14.9,50
1719461957393,15.0,25
1719461958145,15.05,25
1719461958506,15.15,100
1719461959709,15.3,75
1719461959748,15.35,25
1719461960500,15.7,100
1719461961139,15.7,25
1719461961507,15.9,50
1719461962506,15.95,25
1719461962780,16.05,50
1719461963512,16.1,50
1719461964184,15.85,50
1719461964520,15.7,200
1719461965515,15.95,125
1719461965582,15.95,50
1719461966496,15.6,25
1719461966995,15.6,25
1719461967504,15.5,25
1719461968165,15.55,250
1719461968473,15.55,25
1719461969065,15.65,25
1719461969528,15.65,200
1719461970037,15.75,50
1719461970500,15.6,25
1719461971480,15.75,25
1719461971775,15.85,25
1719461972448,15.85,25
1719461972985,15.85,975
1719461973512,15.75,500
1719461974211,15.6,100
1719461974486,15.7,25
1719461975354,15.7,125
1719461975509,15.65,25
1719461976502,15.55,25
1719461976580,15.5,75
1719461977652,15.45,50
1719461978026,15.45,75
1719461978512,15.45,25
1719461979196,15.3,25
1719461979474,15.2,625
1719461980487,15.3,25
1719461980797,15.3,25
1719461981503,15.35,100
1719461982187,15.3,450
1719461982505,15.45,25
1719461983419,15.75,50
1719461983480,15.65,75
1719461984616,15.95,25
1719461985540,15.85,25
1719461986009,16.0,25
1719461986505,15.95,250
1719461986977,15.95,100
1719461987518,15.85,125
1719461988237,15.95,50
1719461988508,16.0,25
1719461989438,15.8,500
1719461989499,15.85,25
1719461990626,15.7,25
1719461991423,15.75,200
1719461992029,15.8,900
1719461992313,15.9,75
1719461993023,15.7,25
1719461993480,15.75,25
1719461994244,15.85,200
1719461994453,15.95,125
1719461995226,15.9,25
1719461995538,15.85,75
1719461996594,15.75,475
1719461997542,15.35,25
1719461997782,15.4,1000
1719461998518,15.3,75
1719461998837,15.35,25
1719461999543,15.45,25
1719462000019,15.4,25
1719462000516,15.4,25
1719462001021,15.35,25
1719462001508,15.65,75
1719462002072,15.7,450
1719462002732,16.0,25
1719462003258,15.7,250
1719462003475,15.75,450
1719462004531,15.85,25
1719462005722,16.0,75
1719462006033,15.95,25
1719462006540,16.1,25
1719462007549,16.25,75
1719462007648,16.2,25
1719462008522,16.4,150
1719462009275,16.3,25
1719462009557,16.3,75
1719462010756,16.15,25
1719462010832,16.1,25
1719462011548,15.85,25
1719462012259,15.75,225
1719462012539,15.75,25
1719462013492,16.0,50
1719462013676,15.85,200
1719462014543,15.8,25
1719462014839,15.7,25
1719462015541,15.85,100
1719462016045,15.85,300
1719462016739,15.7,25
1719462017249,15.85,325
1719462017545,15.85,25
1719462018540,15.95,75
1719462018859,16.05,25
1719462019545,15.95,200
1719462020264,16.1,25
1719462020748,15.95,50
1719462021551,15.85,200
1719462021870,15.65,50
1719462022541,15.55,125
1719462023274,15.4,75
1719462023554,15.4,50
1719462024420,15.3,25
1719462024734,15.2,125
1719462025533,15.2,25
1719462026084,15.35,525
1719462026520,15.25,50
1719462027016,15.3,75
1719462027549,15.2,150
1719462028231,15.15,75
1719462028531,15.25,125
1719462029280,15.4,25
1719462029498,15.3,50
1719462030107,15.3,125
1719462030660,15.55,25
1719462030720,15.5,100
1719462031544,15.55,350
1719462032075,15.75,50
1719462032572,15.7,100
1719462033297,15.65,25
1719462033570,15.75,200
1719462034290,15.6,25
1719462034525,15.7,50
1719462035469,15.5,25
1719462036698,15.8,25
1719462036875,15.75,25
1719462037545,15.6,100
1719462038308,15.5,100
1719462038493,15.55,100
1719462039306,15.6,25
1719462039453,15.6,25
1719462040537,15.85,75
1719462041514,15.4,25
1719462041659,15.45,200
1719462042508,15.3,100
1719462043119,15.5,25
1719462043493,15.45,75
1719462044321,15.25,50
1719462044529,15.4,25
1719462045551,15.5,300
1719462045647,15.45,25
1719462046726,15.5,25
1719462046822,15.55,125
1719462047543,15.5,100
1719462048199,15.5,25
1719462048561,15.7,25
1719462049329,15.55,50
1719462049554,15.6,25
1719462050563,16.0,225
1719462051571,15.85,50
1719462051921,15.9,25
1719462052575,16.15,225
1719462053319,16.2,25
1719462053538,16.2,25
1719462054486,15.9,50
1719462054540,15.95,25
1719462055493,15.95,25
1719462055930,15.85,25
1719462056592,15.65,125
1719462057283,15.6,25
1719462057722,15.65,25
1719462058326,15.55,25
1719462058552,15.45,150
1719462059516,15.5,300
1719462059649,15.5,25
1719462060087,15.7,50
1719462060561,15.65,50
1719462061147,15.75,50
1719462061574,15.9,25
1719462062494,16.0,475
1719462062765,16.05,75
1719462063585,15.75,25
1719462064107,15.8,50
1719462064570,15.65,75
1719462065577,15.65,50
1719462066534,15.7,100
1719462067090,15.7,75
1719462067562,15.7,50
1719462068307,15.75,125
1719462068758,15.8,200
1719462069279,15.85,75
1719462069558,15.8,100
1719462070588,15.6,75
1719462071561,15.55,25
1719462071950,15.65,75
1719462072526,15.7,25
1719462072918,15.8,425
1719462073481,15.75,25
1719462073936,15.75,25
1719462074590,15.85,50
1719462075139,15.7,25
1719462075591,15.6,300
1719462076367,15.75,75
1719462076590,15.75,125
1719462077559,15.7,50
1719462078550,15.8,125
1719462078760,15.8,25
1719462079563,15.75,25
1719462079922,15.8,75
1719462080598,15.7,25
1719462081170,15.75,75
1719462081589,15.65,25
1719462082367,15.55,425
1719462082601,15.4,625
1719462083775,15.35,25
1719462084561,15.25,25
1719462085168,15.15,75
1719462085566,15.05,25
1719462086384,15.2,25
1719462086587,15.15,50
1719462087551,15.3,25
1719462087551,15.3,25
1719462088790,15.4,25
1719462089563,15.35,150
1719462089956,15.4,200
1719462090098,15.4,75
1719462090564,15.55,25
1719462091164,15.5,25
1719462091603,15.4,125
1719462092382,15.4,25
1719462092600,15.4,50
1719462093375,15.5,100
1719462093589,15.25,25
1719462094594,15.25,25
1719462094607,15.25,25
1719462095614,15.15,75
1719462095795,15.3,25
1719462096549,15.15,1000
1719462097089,15.1,25
1719462097579,15.1,25
1719462098395,14.95,75
1719462098594,15.0,25
1719462099563,15.15,200
1719462099799,15.15,75
1719462100582,15.25,175
1719462101195,15.1,125
1719462101606,15.05,25
1719462102199,15.15,25
1719462102605,15.1,25
1719462103377,15.1,650
1719462103610,15.1,100
1719462104479,15.2,1225
1719462105567,15.2,100
1719462105567,15.2,100
1719462106578,15.1,25
1719462107166,15.05,50
1719462107599,15.15,25
1719462108401,15.25,100
1719462108609,15.35,50
1719462109427,15.4,175
1719462109584,15.55,50
1719462110590,15.8,200
1719462110706,15.8,200
1719462111573,15.75,50
1719462112369,15.7,25
1719462112567,15.7,350
1719462113390,15.85,25
1719462113609,15.75,25
1719462114588,15.6,50
1719462114742,15.6,25
1719462115580,15.65,25
1719462116087,15.5,50
1719462116605,15.5,25
1719462117417,15.4,650
1719462117799,15.45,200
1719462118565,15.35,125
1719462118565,15.35,125
1719462119608,14.95,25
1719462119818,15.05,25
1719462120101,15.15,225
1719462120579,15.1,200
1719462120977,15.1,275
1719462121598,15.05,650
1719462122439,14.7,150
1719462122623,14.85,100
1719462123562,14.9,675
1719462124015,14.95,50
1719462124603,14.85,25
1719462125238,14.85,25
1719462125578,14.95,75
1719462126447,15.1,125
1719462126552,15.05,50
1719462127584,14.95,100
1719462128597,14.9,100
1719462129018,14.95,325
1719462129787,14.95,25
1719462130254,14.85,25
1719462130606,14.75,450
1719462131104,14.8,100
1719462131675,14.85,50
1719462132423,14.8,275
1719462132621,14.8,100
1719462133449,14.65,200
1719462133605,14.8,300
1719462134615,15.0,450
1719462134836,15.1,200
1719462135612,15.0,25
1719462135744,14.95,25
1719462136601,15.0,100
1719462137241,14.95,75
1719462137578,14.95,25
1719462138269,14.95,25
1719462138626,14.9,25
1719462139452,14.8,25
1719462139619,14.75,25
1719462140593,14.6,225
1719462140652,14.65,25
1719462141608,14.6,375
1719462142602,14.4,175
1719462143058,14.4,25
1719462143611,14.35,50
1719462144272,14.25,25
1719462144595,14.35,50
1719462145475,14.2,25
1719462145618,14.3,25
1719462146405,14.35,25
1719462146622,14.3,25
1719462147621,14.75,50
1719462147781,14.7,75
1719462148597,15.0,225
1719462149070,14.8,25
1719462149605,14.8,25
1719462150067,14.85,25
1719462150301,14.95,25
1719462150606,14.9,25
1719462151460,14.7,25
1719462151572,14.65,350
1719462152362,14.6,700
1719462152487,14.7,50
1719462153634,14.75,25
1719462154616,14.85,25
1719462155021,14.9,25
1719462155593,14.95,25
1719462156088,14.95,75
1719462156626,14.9,25
1719462157076,14.9,25
1719462157615,14.9,25
1719462158004,14.85,50
1719462158630,14.85,25
1719462159282,14.85,75
1719462159555,14.85,25
1719462160439,14.75,50
1719462160560,14.75,25
1719462161462,14.75,75
1719462161617,14.8,25
1719462162658,14.7,50
1719462163621,14.6,25
1719462164293,14.5,25
1719462164602,14.5,25
1719462165390,14.45,25
1719462165623,14.45,75
1719462166459,14.55,25
1719462166609,14.6,450
1719462167623,14.3,25
1719462167903,14.5,125
1719462168541,14.55,25
1719462169320,14.4,50
1719462169645,14.1,25
1719462170867,14.15,25
1719462171648,14.25,175
1719462172284,14.25,100
1719462172653,14.3,325
1719462173637,14.55,25
1719462174610,14.8,350
1719462175109,15.0,50
1719462175629,15.05,25
1719462176303,14.8,25
1719462176630,14.65,750
1719462177514,14.45,25
1719462177656,14.4,25
1719462178498,14.15,25
1719462178938,14.1,725
1719462179627,14.2,25
1719462180100,14.15,50
1719462180661,14.1,25
1719462181336,14.0,75
1719462181622,14.0,25
1719462182631,14.0,25
1719462183742,14.05,25
1719462184632,13.95,75
1719462184931,13.95,25
1719462185635,14.0,25
1719462186335,13.8,25
1719462186630,13.8,75
1719462187315,13.7,25
1719462187650,13.7,225
1719462188343,13.5,25
1719462188648,13.55,75
1719462189547,13.65,25
1719462189632,13.6,100
1719462190612,13.6,25
1719462190939,13.65,25
1719462191638,13.8,25
1719462192371,13.9,25
1719462192655,13.85,75
1719462193525,13.85,225
1719462193525,13.85,225
1719462194503,13.7,75
1719462194654,13.75,400
1719462195613,13.6,225
1719462196630,13.65,25
1719462196893,13.55,200
1719462197581,13.7,50
1719462198073,13.8,100
1719462198664,13.6,50
1719462199339,13.6,200
1719462199618,13.55,100
1719462200538,13.55,50
1719462200538,13.55,50
1719462201666,13.8,25
1719462202744,13.8,50
1719462203651,14.3,25
1719462203946,14.25,25
1719462204658,14.6,25
1719462205349,14.45,25
1719462205660,14.45,25
1719462206561,14.55,25
1719462206659,14.55,25
1719462207660,14.6,25
1719462207769,14.5,25
1719462208645,14.2,100
1719462209165,14.15,25
1719462209634,14.25,150
1719462210022,14.15,100
1719462210598,14.25,425
1719462211538,14.0,25
1719462211646,14.1,25
1719462212728,14.1,25
1719462213673,14.2,25
1719462214054,14.15,25
1719462214654,14.05,25
1719462215447,14.05,25
1719462215640,14.0,75
1719462216673,14.05,25
1719462217469,14.2,75
1719462217706,14.15,25
1719462218676,14.2,375
1719462218973,14.2,375
1719462219679,14.3,25
1719462220188,14.25,50
1719462220676,14.35,100
1719462221611,14.25,50
1719462222450,14.15,75
1719462222450,14.15,75
1719462223560,14.25,25
1719462223789,14.3,75
1719462224643,14.2,25
1719462224987,14.15,25
1719462225663,14.25,25
1719462226161,14.2,25
1719462226579,14.3,400
1719462227379,14.15,25
1719462227644,14.15,100
1719462228401,14.1,25
1719462228638,14.15,500
1719462229590,14.05,100
1719462229646,14.1,200
1719462230609,13.9,25
1719462230609,13.9,25
1719462231630,13.95,50
1719462231806,13.9,400
1719462232680,13.85,25
1719462232999,13.85,25
1719462233684,13.95,200
1719462234403,13.95,100
1719462234661,14.0,25
1719462235410,14.0,25
1719462235662,14.0,25
1719462236356,13.9,200
1719462236600,13.85,25
1719462237376,13.85,25
1719462237559,13.9,50
1719462238604,13.75,50
1719462239643,13.9,25
1719462239796,13.85,25
1719462240094,13.85,25
1719462240643,13.9,50
1719462241232,13.95,25
1719462241576,14.15,50
1719462242398,13.95,25
1719462242615,14.05,100
1719462243684,14.2,25
1719462244648,14.25,25
1719462245612,14.3,125
1719462245984,14.3,25
1719462246641,14.35,350
1719462247177,14.55,25
1719462247690,14.45,25
1719462248444,14.55,25
1719462248699,14.45,25
1719462249648,14.35,50
1719462250580,14.4,250
1719462250973,14.4,100
1719462251700,14.4,25
1719462252432,14.25,25
1719462252679,14.25,50
1719462253369,14.1,25
1719462253671,14.2,100
1719462254345,14.3,250
1719462254637,14.3,25
1719462255677,14.35,150
1719462256628,14.3,50
1719462257682,14.35,175
1719462257836,14.4,50
1719462258638,14.2,25
1719462259175,14.2,125
1719462259644,14.25,25
1719462260462,14.2,25
1719462260462,14.2,25
1719462261705,14.25,100
1719462262657,14.25,225
1719462262830,14.3,25
1719462263697,14.3,150
1719462264382,14.5,75
1719462264660,14.4,25
1719462265683,14.35,25
1719462266709,14.5,150
1719462267066,14.5,425
1719462267662,14.45,25
1719462268427,14.4,275
1719462268619,14.35,25
1719462269585,14.45,25
1719462270070,14.4,250
1719462270651,14.5,125
1719462270683,14.5,25
1719462271908,14.5,25
1719462271908,14.5,25
1719462272624,14.55,275
1719462273439,14.4,25
1719462273601,14.45,25
1719462274692,14.45,25
1719462275643,14.5,25
1719462275869,14.55,100
1719462276705,14.5,25
1719462277036,14.45,175
1719462277712,14.8,375
1719462278467,14.7,25
1719462278718,14.7,100
1719462279617,14.8,75
1719462280040,14.75,25
1719462280711,14.95,125
1719462281707,14.95,50
1719462281879,15.05,100
1719462282711,15.0,325
1719462283472,14.95,150
1719462283664,14.85,25
1719462284661,14.8,25
1719462284892,14.7,25
1719462285699,14.8,225
1719462286498,14.8,25
1719462286575,14.75,150
1719462287682,14.8,125
1719462288102,14.75,75
1719462288699,14.8,25
1719462289607,15.0,250
1719462289869,15.25,25
1719462290714,15.25,25
1719462291270,15.3,25
1719462291911,15.6,225
1719462292711,15.45,25
1719462292899,15.45,25
1719462293806,15.25,125
1719462294723,15.05,25
1719462295627,15.15,25
1719462296264,15.05,325
1719462296719,15.05,150
1719462297724,15.0,150
1719462298674,15.25,25
1719462298814,15.15,625
1719462318923,15.5,225
1719462319552,15.5,125
1719462319729,15.6,25
1719462320746,15.5,25
1719462321933,15.45,500
1719462328937,15.7,25
1719462329517,15.6,25
1719462329731,15.55,25
1719462330713,15.7,250
1719462331123,15.55,25
1719462331698,15.65,50
1719462332566,15.5,25
1719462332609,15.35,100
1719462333702,15.45,25
1719462333985,15.45,100
1719462334933,15.4,25
1719462335153,15.4,50
1719462335747,15.5,225
1719462336570,15.5,25
1719462336721,15.55,350
1719462337551,15.3,75
1719462337696,15.3,200
1719462338744,15.1,25
1719462338895,15.2,75
1719462339734,15.3,25
1719462339981,15.25,25
1719462340652,15.25,25
1719462341192,15.25,75
1719462341933,15.2,25
1719462342332,15.15,25
1719462342716,15.35,25
1719462348748,15.15,25
1719462349704,15.25,25
1719462349704,15.25,25
1719462350782,15.15,150
1719462351725,15.2,100
1719462352180,15.2,250
1719462352744,15.05,650
1719462353091,15.1,50
1719462353661,15.2,25
1719462354626,15.1,50
1719462354919,15.25,50
1719462355689,15.25,100
1719462355772,15.35,375
1719462356613,15.15,25
1719462357010,15.2,325
1719462357772,15.3,75
1719462358268,15.15,25
1719462358680,15.0,75
1719462359601,15.2,500
1719462359749,15.05,25
1719462360012,15.15,25
1719462360773,15.05,25
1719462360950,15.1,100
1719462361674,15.15,25
1719462362020,15.1,25
1719462362735,15.0,100
1719462363184,15.1,25
1719462363762,15.05,500
1719462364560,15.05,50
1719462364744,14.95,100
1719462365675,14.9,25
1719462365675,14.9,25
1719462366918,14.7,75
1719462367029,14.6,50
1719462367755,14.45,50
1719462368410,14.55,25
1719462368760,14.55,75
1719462369615,14.6,50
1719462369766,14.55,25
1719462370775,14.75,250
1719462370968,14.75,25
1719462371634,14.95,25
1719462371954,14.9,100
1719462372737,15.15,25
1719462373378,15.0,25
1719462373595,15.05,25
1719462405748,16.3,25
1719462406279,16.4,25
1719462406789,16.5,75
1719462407487,16.8,50
1719462407999,17.1,200
1719462408782,17.8,250
1719462408889,17.95,50
1719462409789,17.2,50
1719462410690,17.2,150
1719462410988,17.1,150
1719462411777,17.45,25
1719462412282,17.15,100
1719462412793,17.2,125
1719462413689,17.1,25
1719462413996,17.15,125
1719462414774,17.5,100
1719462415084,17.8,250
1719462416184,18.2,25
1719462416786,18.25,50
1719462416886,18.3,25
1719462417811,18.55,25
1719462418505,18.3,25
1719462418775,18.15,100
1719462419794,18.5,100
1719462420116,18.75,50
1719462421007,19.4,925
1719462421911,21.2,25
1719462422795,20.7,100
1719462423503,19.85,25
1719462423987,19.65,75
1719462424809,19.45,25
1719462425122,19.35,25
1719462425998,19.05,75
1719462426801,19.25,100
1719462427802,18.5,25
1719462428991,19.05,500
1719462429507,19.25,150
1719462429783,19.0,150
1719462430806,18.6,500
1719462430911,18.65,25
1719462431985,19.0,75
1719462432122,19.0,25
1719462432807,18.7,400
1719462433711,18.65,150
1719462433791,18.65,150
1719462434793,18.85,25
1719462435130,19.25,25
1719462435800,19.25,25
1719462436339,19.1,450
1719462437011,19.1,1150
1719462437722,19.05,25
1719462437805,18.95,125
1719462438808,18.95,100
1719462438950,19.1,25
1719462439809,18.8,25
1719462440543,18.6,75
1719462441016,18.65,25
1719462441777,18.9,175
1719462442817,18.8,75
1719462442934,18.65,50
1719462443810,18.8,150
1719462444343,18.8,25
1719462445018,19.0,25
1719462445818,19.25,25
1719462445915,19.35,100
1719462446808,19.45,25
1719462447158,19.1,150
1719462447817,18.95,25
1719462448723,18.8,25
1719462449015,18.75,25
1719462449816,18.75,25
1719462449957,18.7,25
1719462450092,18.55,25
1719462450817,18.4,25
1719462451347,18.55,25
1719462451803,18.3,25
1719462452816,18.05,25
1719462452953,18.05,25
1719462454011,18.65,75
1719462454549,18.45,475
1719462454793,18.45,25
1719462456812,18.7,25
1719462457159,18.7,25
1719462457790,18.75,50
1719462458347,18.55,50
1719462459000,18.35,375
1719462459506,18.45,425
1719462459805,18.4,250
1719462460819,18.65,25
1719462461931,18.6,175
1719462463134,19.15,200
1719462463821,19.25,75
1719462464757,19.05,25
1719462464817,19.05,100
1719462465813,19.35,25
1719462466137,19.75,25
1719462467038,20.0,25
1719462467784,20.65,50
1719462467836,20.55,100
1719462468820,20.8,25
1719462469366,20.55,225
1719462470028,20.9,25
1719462470784,20.85,50
1719462470819,20.85,75
1719462471829,21.2,100
1719462472380,21.75,225
1719462473023,21.55,25
1719462473787,21.4,25
1719462474172,21.05,25
1719462474833,20.8,25
1719462475817,20.85,50
1719462477018,21.65,50
1719462477384,21.7,50
1719462477845,21.7,25
1719462478827,20.9,50
1719462479196,21.25,75
1719462479816,20.8,550
1719462480105,21.05,100
1719462480803,22.0,25
1719462481028,22.25,50
1719462482017,22.5,350
1719462482393,22.85,75
1719462482831,23.05,100
1719462483832,22.85,25
1719462484198,22.7,150
1719462485029,22.7,25
1719462485788,22.5,75
1719462485828,22.5,25
1719462486832,22.4,25
1719462487404,22.65,75
1719462488045,21.9,25
1719462488824,22.15,100
1719462489843,22.5,25
1719462490209,22.2,25
1719462491028,22.1,25
1719462491833,22.35,150
1719462492840,22.35,50
1719462493003,22.25,50
1719462494034,21.8,50
1719462494417,21.9,50
1719462494844,21.95,200
1719462495833,21.5,350
1719462496823,21.7,200
1719462497427,21.65,25
1719462498041,21.45,25
1719462498843,21.15,25
1719462500052,20.5,25
1719462500211,20.8,150
1719462500830,21.0,25
1719462501860,21.4,300
1719462502838,21.6,50
1719462503608,21.5,25
1719462510096,21.8,25
1719462510600,21.65,100
1719462510816,21.65,25
1719462511835,22.15,25
1719462512221,22.05,150
1719462512846,22.05,75
1719462513625,22.5,50
1719462514038,22.3,150
1719462514856,22.2,25
1719462515217,22.15,50
1719462515845,22.0,50
1719462516839,22.35,700
1719462517038,22.2,125
1719462518055,21.75,25
1719462518655,21.6,50
1719462518841,21.45,400
1719462519861,21.75,700
1719462520245,21.9,250
1719462520844,21.9,75
1719462521827,21.4,25
1719462523047,21.35,25
1719462523421,21.25,25
1719462523869,21.15,25
1719462524866,21.3,50
1719462525804,21.1,25
1719462526465,21.25,50
1719462526876,21.15,200
1719462527852,21.2,75
1719462528053,21.05,325
1719462529053,20.7,275
1719462531844,21.1,100
1719462532076,21.05,25
1719462532874,21.1,25
1719462533666,20.95,50
1719462533860,21.05,150
1719462535071,21.05,250
1719462535813,21.3,75
1719462536464,21.2,25
1719462536862,21.15,50
1719462542052,22.05,25
1719462542655,21.7,125
1719462542849,21.95,25
1719462543855,21.6,75
1719462544254,21.4,25
1719462545076,21.55,25
1719462545889,21.4,25
1719462546877,21.0,75
1719462547496,21.1,925
1719462548057,21.0,100
1719462548868,21.15,975
1719462549876,21.3,50
1719462550109,21.1,25
1719462551030,21.55,100
1719462551266,21.65,75
1719462551772,21.45,200
1719462552653,21.8,100
1719462552890,21.65,100
1719462553844,21.7,25
1719462554089,22.0,50
1719462555098,22.0,125
1719462555866,22.15,50
1719462556703,22.45,25
1719462556881,22.35,50
1719462558066,22.35,25
1719462558114,22.35,50
1719462558881,22.15,25
1719462559304,22.1,50
1719462559889,22.2,25
1719462560735,21.9,25
1719462561066,22.05,500
1719462561862,22.15,100
1719462562109,22.15,25
1719462562899,22.1,25
1719462563517,21.65,75
1719462563889,21.85,100
1719462564723,21.95,25
1719462565081,21.95,50
1719462565885,21.85,300
1719462566118,21.8,25
1719462566864,21.65,25
1719462567521,21.9,125
1719462568073,22.1,100
1719462575873,21.65,75
1719462576126,21.45,450
1719462577086,20.9,75
1719462600908,22.75,725
1719462601191,22.95,50
1719462602911,22.65,700
1719462602979,22.5,75
1719462603896,21.8,125
1719462604578,21.75,75
1719462605124,21.95,25
1719462605919,21.8,25
1719462605995,21.75,25
1719462606920,21.65,200
1719462607584,21.65,250
1719462608107,21.4,25
1719462608895,21.95,775
1719462608943,22.0,25
1719462609870,21.55,25
1719462610169,21.5,25
1719462610916,21.7,25
1719462611783,21.5,75
1719462612106,21.45,50
1719462612901,21.75,75
1719462613211,21.85,100
1719462613933,21.65,225
1719462614601,22.0,250
1719462614925,21.95,175
1719462615901,21.95,50
1719462615967,21.8,25
1719462617108,21.55,100
1719462617408,21.75,200
1719462617906,21.5,50
1719462618922,21.3,175
1719462619023,21.3,25
1719462619922,21.2,125
1719462620211,20.85,25
1719462620944,20.85,25
1719462621624,20.8,25
1719462621927,20.7,200
1719462623036,20.7,75
1719462624089,20.55,25
1719462624425,20.5,600
1719462624932,20.6,50
1719462625635,20.4,75
1719462625920,20.4,25
1719462626912,20.75,25
1719462627019,20.75,25
1719462628105,21.35,75
1719462628227,21.3,125
1719462628923,21.4,50
1719462629417,21.5,25
1719462629914,21.5,1000
1719462630092,21.55,25
1719462630938,21.8,75
1719462631013,21.85,50
1719462631916,21.85,75
1719462632194,22.05,25
1719462632933,22.15,25
1719462633420,22.45,75
1719462634112,22.65,25
1719462634831,22.65,100
1719462634921,22.9,250
1719462635916,22.95,600
1719462636232,22.95,125
1719462636923,22.55,25
1719462637244,22.55,100
1719462637931,22.8,75
1719462638644,22.55,25
1719462638924,22.5,25
1719462639845,22.0,125
1719462639925,22.2,725
1719462641052,22.3,50
1719462641918,22.4,50
1719462642238,22.2,75
1719462643099,22.05,275
1719462643636,21.85,350
1719462643935,21.5,25
1719462644934,21.85,25
1719462645237,21.9,25
1719462645934,22.1,250
1719462646453,22.2,350
1719462646946,22.45,25
1719462647924,22.15,25
1719462648927,22.45,75
1719462649054,22.65,25
1719462650145,22.05,75
1719462650263,22.1,25
1719462650907,22.05,150
1719462651672,22.25,25
1719462651938,22.25,25
1719462652857,22.15,25
1719462652953,22.1,25
1719462653940,22.1,25
1719462654040,22.15,25
1719462654933,22.05,50
1719462655065,21.9,125
1719462655946,22.05,25
1719462656267,22.15,50
1719462656918,22.1,25
1719462657671,22.3,450
1719462658118,22.95,150
1719462658937,22.55,50
1719462659267,23.0,25
1719462659940,23.5,25
1719462660109,23.75,75
1719462660870,23.95,25
1719462661136,24.05,25
1719462661941,24.15,275
1719462662467,24.3,175
1719462662953,23.85,100
1719462664076,24.3,75
1719462664159,24.35,50
1719462664944,24.05,75
1719462665682,24.35,25
1719462665948,24.75,25
1719462666940,24.95,25
1719462667090,24.75,25
1719462668152,24.4,25
1719462668474,24.25,250
1719462668939,24.6,25
1719462669930,24.0,600
1719462671150,24.05,375
1719462671674,24.25,25
1719462671945,24.25,25
1719462672948,24.35,25
1719462673060,24.3,25
1719462673951,24.25,25
1719462674280,24.2,175
1719462675161,24.05,50
1719462675498,24.2,250
1719462675944,23.8,25
1719462676890,23.8,25
1719462676958,23.85,25
1719462678155,23.7,50
1719462678271,23.6,450
1719462678961,23.2,50
1719462679510,23.75,100
1719462679950,23.65,400
1719462680943,24.3,25
1719462681093,24.3,25
1719462682179,25.75,175
1719462682500,25.45,175
1719462682944,25.25,25
1719462684154,24.15,125
1719462684963,23.95,25
1719462685918,24.7,50
1719462686147,24.65,825
1719462686965,24.65,300
1719462687310,24.55,50
1719462687968,24.55,25
1719462688522,24.9,50
1719462688964,24.55,450
1719462689914,24.65,50
1719462690161,24.8,25
1719462690955,24.55,25
1719462691276,24.85,50
1719462692179,24.8,50
1719462692923,24.25,100
1719462692948,24.35,50
1719462693952,23.95,200
1719462694111,24.0,75
1719462694969,24.1,25
1719462695316,24.2,50
1719462695911,24.05,75
1719462696522,24.3,25
1719462697163,24.5,225
1719462702969,24.9,75
1719462703918,24.85,25
1719462704165,24.8,25
1719462704975,25.1,250
1719462705141,24.95,50
1719462706354,24.65,75
1719462713976,26.3,400
1719462715166,26.85,50
1719462715185,26.65,25
1719462715970,26.4,25
1719462716372,26.3,50
1719462716984,26.2,25
1719462717988,26.1,25
1719462735990,26.95,25
1719462736782,26.7,100
1719462737199,26.65,25
1719462737994,26.4,25
1719462738381,26.7,25
1719462739003,27.1,225
1719462739990,26.7,150
1719462740193,26.95,75
1719462740986,26.8,75
1719462741196,26.95,400
1719462742188,26.55,900
1719462742604,26.9,25
1719462743003,26.85,50
1719462743978,26.7,100
1719462744981,26.95,100
1719462745388,27.2,50
1719462746207,27.2,25
1719462746417,27.1,100
1719462746971,27.0,25
1719462747827,26.95,100
1719462747980,27.1,25
1719462748989,27.2,50
1719462749208,27.6,25
1719462750087,27.05,250
1719462750200,27.05,25
1719462750408,27.1,100
1719462750992,27.05,25
1719462751410,26.95,250
1719462752008,27.2,25
1719462753209,28.0,25
1719462753957,28.35,25
1719462754419,27.8,75
1719462754984,27.65,25
1719462755815,28.0,25
1719462756228,28.05,25
1719462757011,29.1,250
1719462757405,28.9,75
1719462758013,28.6,25
1719462759022,28.15,50
1719462760200,27.75,425
1719462760413,27.85,200
1719462760999,27.65,25
1719462761831,27.95,50
1719462761995,27.85,25
1719462763206,27.9,25
1719462763427,27.75,75
1719462764009,27.4,75
1719462764629,27.35,75
1719462765010,27.5,25
1719462766242,27.55,300
1719462767004,27.45,50
1719462767640,27.45,25
1719462767985,27.4,25
1719462769011,27.7,25
1719462769225,27.8,25
1719462770019,27.35,50
1719462770880,27.75,25
1719462771004,27.8,25
1719462772215,29.65,25
1719462772457,29.4,25
1719462773009,29.9,150
1719462774049,29.6,25
1719462775222,29.25,125
1719462775645,29.15,25
1719462776020,29.2,1300
1719462777201,28.45,25
1719462777266,28.45,25
1719462778011,28.6,100
1719462778450,28.5,25
1719462779029,28.25,25
1719462780067,28.75,75
1719462780189,28.8,25
1719462781006,29.05,75
1719462781451,29.8,25
1719462782020,29.2,100
1719462783213,29.75,100
1719462783266,29.8,25
1719462784016,29.9,25
1719462784874,30.3,50
1719462785019,30.15,25
1719462786010,29.8,25
1719462786468,30.2,25
1719462787216,30.35,25
1719462788022,30.45,25
1719462788067,30.55,25
1719462789209,30.3,900
1719462789479,30.35,25
1719462790032,31.35,25
1719462790663,31.2,25
1719462791030,31.4,100
1719462792223,31.2,50
1719462792271,31.05,25
1719462793019,30.5,75
1719462793670,30.8,25
1719462794227,30.9,75
1719462795088,30.7,25
1719462796030,30.65,75
1719462796456,30.55,25
1719462797027,30.3,150
1719462797710,30.25,25
1719462798217,29.75,50
1719462799039,29.6,150
1719462799281,29.8,50
1719462800022,30.5,25
1719462800477,30.6,300
1719462801224,31.05,25
1719462801895,30.8,25
1719462802045,30.95,25
1719462803030,31.05,25
1719462803279,31.05,50
1719462804026,30.75,25
1719462804493,30.8,225
1719462805206,30.5,25
1719462806026,30.4,75
1719462806102,30.4,25
1719462807228,29.75,50
1719462807501,29.55,100
1719462808031,29.6,100
1719462809037,29.45,100
1719462810195,28.85,75
1719462810675,29.2,25
1719462811022,28.7,875
1719462812033,28.55,50
1719462812306,28.2,25
1719462813247,28.55,25
1719462813919,29.1,25
1719462814030,29.05,200
1719462815254,28.6,25
1719462815514,28.6,150
1719462816025,28.75,25
1719462817120,28.9,25
1719462817240,29.05,325
1719462818040,28.25,25
1719462818326,28.25,125
1719462819025,28.6,75
1719462819719,28.0,500
1719462820247,27.55,200
1719462821036,27.45,1425
1719462821137,27.5,75
1719462822059,27.2,25
1719462822519,27.4,100
1719462823231,27.8,25
1719462824021,28.1,50
1719462825013,27.65,50
1719462825515,28.15,25
1719462826256,27.9,75
1719462827025,27.7,75
1719462827142,28.0,275
1719462828028,28.1,150
1719462828721,27.8,250
1719462829029,27.55,25
1719462830144,28.15,25
1719462830184,28.2,100
1719462831033,28.1,25
1719462831353,28.1,75
1719462832043,28.2,25
1719462832536,28.4,50
1719462833037,28.55,25
1719462834048,28.3,100
1719462834152,28.45,300
1719462835214,28.45,75
1719462835341,28.5,600
1719462836036,28.35,250
1719462836548,28.3,100
1719462837052,28.35,50
1719462837944,28.6,25
1719462838046,28.65,25
1719462839247,28.8,25
1719462839368,28.85,75
1719462840064,29.4,25
1719462840108,29.35,25
1719462840766,29.3,425
1719462841016,29.15,25
1719462842151,29.1,25
1719462843055,29.1,375
1719462843571,29.3,25
1719462844005,29.25,25
1719462844967,29.45,25
1719462845249,29.5,25
1719462846045,29.0,25
1719462846569,28.5,175
1719462847026,28.8,50
1719462847969,28.15,25
1719462848260,28.05,175
1719462849024,28.15,25
1719462849369,27.95,100
1719462850064,27.85,75
1719462850569,28.1,25
1719462851049,28.3,75
1719462851932,28.85,50
1719462852267,28.75,25
1719462853066,28.45,25
1719462853584,28.65,25
1719462854057,28.35,25
1719462854702,28.3,150
1719462855113,28.85,75
1719462856056,28.75,25
1719462856197,28.75,75
1719462857055,28.5,75
1719462857387,28.6,25
1719462858259,28.75,50
1719462858582,28.4,50
1719462859027,28.4,300
1719462859793,28.85,25
1719462860051,28.75,200
1719462861056,28.75,25
1719462861375,28.65,50
1719462861978,28.95,125
1719462862588,29.1,25
1719462863260,29.25,100
1719462864076,29.3,175
1719462865066,29.3,200
1719462865192,29.25,25
1719462866274,29.35,50
1719462866611,29.3,150
1719462867068,29.0,25
1719462868083,29.35,25
1719462868206,29.25,25
1719462869236,28.8,75
1719462869611,28.9,75
1719462870105,28.8,25
1719462871011,29.05,175
1719462871063,29.05,175
1719462872072,29.05,25
1719462872612,29.05,25
1719462873224,28.85,50
1719462873607,28.9,400
1719462874077,28.85,100
1719462875051,28.8,50
1719462876065,29.0,25
1719462877057,28.9,25
1719462877208,28.95,75
1719462878061,29.15,250
1719462878441,29.35,25
1719462879073,29.35,50
1719462879620,29.05,175
1719462880064,29.25,25
1719462880823,29.35,25
1719462881018,29.3,25
1719462882078,29.4,25
1719462882218,29.5,150
1719462883079,29.7,25
1719462883426,29.85,775
1719462884085,29.55,75
1719462884409,29.5,100
1719462885082,29.35,25
1719462885822,28.9,25
1719462886082,29.15,200
1719462887085,29.65,25
1719462887440,29.4,25
1719462888076,29.2,25
1719462888635,29.15,50
1719462889071,29.0,75
1719462890022,29.3,25
1719462890081,29.35,25
1719462891081,29.5,25
1719462891417,29.55,50
1719462892085,29.75,600
1719462892432,29.8,25
1719462893069,29.95,25
1719462893648,29.85,25
1719462894267,29.7,75
1719462894843,30.0,150
1719462895040,30.1,25
1719462896092,30.25,25
1719462896260,30.3,675
1719462897078,30.3,700
1719462897451,30.5,100
1719462898078,30.85,25
1719462898848,31.9,75
1719462899099,32.05,50
1719462900105,32.05,100
1719462900280,32.3,25
1719462900664,32.3,25
1719462901083,32.1,50
1719462902096,31.05,150
1719462902257,31.05,25
1719462903104,30.5,25
1719462903856,30.15,25
1719462904289,29.75,25
1719462905080,29.45,25
1719462905447,29.4,25
1719462906091,29.6,150
1719462907067,30.05,25
1719462907297,30.45,600
1719462908080,30.5,150
1719462908463,30.7,400
1719462909099,30.35,375
1719462909676,30.5,325
1719462910095,30.75,25
1719462911076,29.85,25
1719462911298,30.0,25
1719462912098,30.1,25
1719462912238,30.45,50
1719462913095,30.05,25
1719462913632,30.05,25
1719462914099,30.0,1000
1719462914656,29.9,50
1719462915105,29.95,50
1719462916098,30.55,50
1719462917067,30.1,75
1719462917290,30.1,25
1719462918107,30.1,175
1719462918680,30.35,50
1719462919105,30.3,100
1719462919875,30.4,600
1719462920085,30.45,25
1719462920905,30.25,50
1719462921099,30.25,25
1719462922111,31.35,100
1719462923097,31.3,75
1719462923660,31.35,100
1719462924079,31.05,25
1719462924875,31.05,50
1719462925099,31.0,25
1719462926071,30.65,25
1719462926300,30.7,25
1719462927101,30.75,1050
1719462927504,30.7,75
1719462928106,30.35,50
1719462928695,30.35,75
1719462929110,30.45,25
1719462929878,30.2,50
1719462930084,30.3,675
1719462930314,30.2,25
1719462931120,30.15,25
1719462931292,30.05,75
1719462932084,30.5,25
1719462932698,30.35,75
1719462933104,30.5,400
1719462933903,30.55,25
1719462934130,30.7,150
1719462935299,30.6,250
1719462935519,30.6,125
1719462936094,30.65,50
1719462936705,31.2,125
1719462937072,31.35,50
1719462938105,32.4,25
1719462939322,32.95,625
1719462939718,32.9,100
1719462940114,33.45,75
1719462940925,32.9,75
1719462941108,33.1,25
1719462942131,33.7,25
1719462942335,33.9,50
1719462943308,34.5,75
1719462943933,34.85,825
1719462944120,35.1,625
1719462945121,35.15,150
1719462945532,34.95,200
1719462946126,34.9,200
1719462946947,34.2,75
1719462947118,33.9,100
1719462948147,33.4,25
1719462948324,33.3,25
1719462949131,33.25,50
1719462949526,33.15,25
1719462950111,33.1,25
1719462950741,32.4,25
1719462951128,32.5,100
1719462952132,32.25,75
1719462952317,32.15,75
1719462953103,32.5,25
1719462953746,32.45,25
1719462954117,32.3,50
1719462955137,32.9,75
1719462956342,32.65,25
1719462957122,32.4,25
1719462957759,32.1,50
1719462958134,31.9,25
1719462958937,31.65,25
1719462959324,31.25,50
1719462960104,31.35,500
1719462960125,31.5,25
1719462960353,31.65,50
1719462961125,32.5,25
1719462961766,32.9,200
1719462962316,33.25,25
1719462963147,32.5,25
1719462964149,31.7,75
1719462964547,31.85,75
1719462965333,31.6,25
1719462965755,31.45,25
1719462966128,31.9,25
1719462967106,31.55,550
1719462967152,31.45,50
1719462968122,31.45,75
1719462968528,31.2,125
1719462969330,31.4,100
1719462969977,31.7,25
1719462970121,31.9,75
1719462971121,32.15,25
1719462971551,32.15,50
1719462972342,32.3,25
1719462972952,32.4,275
1719462973124,32.4,25
1719462974147,32.6,50
1719462975131,32.65,25
1719462975573,32.55,25
1719462976100,32.35,25
1719462976750,32.25,550
1719462977309,32.3,50
1719462977968,32.15,75
1719462978138,32.2,600
1719462979142,31.5,25
1719462979178,31.6,25
1719462980102,31.55,500
1719462980354,31.65,225
1719462981106,31.9,25
1719462981580,32.0,50
1719462982146,32.25,25
1719462982767,31.95,25
1719462983125,31.75,75
1719462984000,31.65,375
1719462984125,31.7,25
1719462985136,31.75,25
1719462985176,31.6,50
1719462986349,31.35,100
1719462986586,31.35,50
1719462987144,31.35,1200
1719462987775,31.5,50
1719462988141,31.25,25
1719462989186,30.7,200
1719462989356,30.7,25
1719462990162,30.8,25
1719462990604,30.75,175
1719462991138,30.55,575
1719462991974,30.55,100
1719462992147,30.55,50
1719462993141,30.9,125
1719462993395,30.7,25
1719462994152,30.95,50
1719462994598,30.9,25
1719462995126,30.8,50
1719462995801,30.85,200
1719462996147,31.0,100
1719462996992,31.25,75
1719462997136,31.2,25
1719462998201,30.85,25
1719462999163,31.3,25
1719462999813,31.3,500
1719463000141,31.35,250
1719463001134,30.9,150
1719463001188,30.8,75
1719463002134,30.55,25
1719463002612,30.8,25
1719463003164,30.45,50
1719463003815,30.45,225
1719463004132,30.45,25
1719463005219,30.8,350
1719463006141,30.7,25
1719463006427,30.7,25
1719463007144,30.5,700
1719463007614,30.95,475
1719463008338,31.0,150
1719463008825,31.45,125
1719463009157,31.55,25
1719463010165,31.9,25
1719463010221,32.0,100
1719463011152,32.05,25
1719463011829,32.0,250
1719463012159,31.7,25
1719463013025,31.4,25
1719463013162,31.35,200
1719463014165,31.75,50
1719463014617,31.85,125
1719463015157,31.7,25
1719463015800,31.4,25
1719463016150,31.65,100
1719463017219,31.75,50
1719463018162,32.15,75
1719463018818,32.45,25
1719463019161,32.5,75
1719463020094,33.05,25
1719463020240,33.05,125
1719463021170,33.45,100
1719463021836,33.65,675
1719463022170,34.05,25
1719463023060,33.6,75
1719463023392,33.4,25
1719463024244,33.55,25
1719463025146,33.5,850
1719463025852,33.55,25
1719463026172,33.65,225
1719463027247,33.3,25
1719463028164,33.8,100
1719463028443,33.7,50
1719463029179,34.55,100
1719463029876,34.5,25
1719463030170,34.5,75
1719463031455,35.55,375
1719463032166,35.7,25
1719463032858,36.05,25
1719463033165,35.75,25
1719463034164,34.35,25
1719463034475,34.3,200
1719463035372,33.6,225
1719463035862,32.85,600
1719463036179,32.45,25
1719463037177,32.75,25
1719463037249,32.8,75
1719463038173,32.8,25
1719463038869,32.35,25
1719463039161,32.2,25
1719463040165,32.65,50
1719463041348,32.9,350
1719463042181,32.2,25
1719463042674,32.5,75
1719463043180,32.35,100
1719463043879,32.05,25
1719463044185,32.2,50
1719463045066,32.85,200
1719463045177,32.75,25
1719463046180,32.45,50
1719463046291,32.65,50
1719463047184,32.55,150
1719463047678,32.95,50
1719463048176,32.7,775
1719463048672,32.75,50
1719463049162,32.75,50
1719463049877,32.5,225
1719463050145,32.4,25
1719463050907,32.35,25
1719463051151,32.3,75
1719463052190,31.75,100
1719463052294,31.85,200
1719463053368,31.45,125
1719463053885,31.5,25
1719463054179,31.65,50
1719463055167,31.65,125
1719463056167,31.75,25
1719463056478,31.85,50
1719463057168,31.8,25
1719463057667,31.45,25
1719463058157,31.1,50
1719463058887,30.85,50
1719463059168,31.1,75
1719463060320,31.1,25
1719463061200,31.3,125
1719463061492,31.5,50
1719463062184,31.8,225
1719463062882,31.6,25
1719463063174,31.6,25
1719463064193,31.35,50
1719463065167,31.0,50
1719463065671,30.9,1000
1719463066174,31.05,100
1719463066915,30.95,150
1719463067153,31.1,25
1719463068202,31.7,75
1719463068333,31.95,100
1719463069160,31.6,75
1719463069702,31.45,50
1719463070184,31.85,325
1719463070901,32.15,250
1719463071188,32.2,100
1719463072185,32.0,225
1719463072319,31.95,25
1719463073185,31.75,25
1719463073716,31.5,250
1719463074193,31.55,25
1719463075100,31.7,75
1719463075188,31.65,25
1719463076163,31.75,50
1719463076399,31.65,100
1719463077213,31.95,25
1719463077747,31.95,200
1719463078210,32.25,50
1719463078926,31.95,25
1719463079205,31.8,25
1719463080116,31.55,50
1719463080391,31.2,50
1719463081165,31.4,425
1719463081719,31.8,25
1719463082192,31.65,100
1719463082911,31.95,25
1719463083135,32.0,25
1719463083937,32.2,25
1719463084209,32.8,75
1719463085335,32.9,25
1719463085536,33.0,25
1719463086175,32.4,500
1719463086952,32.15,75
1719463087189,32.15,25
1719463088131,32.55,25
1719463088204,32.55,25
1719463089212,31.65,25
1719463089729,31.9,200
1719463090181,31.75,75
1719463090940,32.2,150
1719463091360,32.15,25
1719463092193,32.5,50
1719463092546,32.3,25
1719463093178,31.9,225
1719463093715,32.2,50
1719463094185,32.3,25
1719463094961,32.5,50
1719463095166,32.55,25
1719463096194,32.95,25
1719463096347,33.0,75
1719463097200,32.6,25
1719463097752,32.45,525
1719463098177,32.55,25
1719463098962,32.15,25
1719463099232,32.0,50
1719463100212,31.9,50
1719463100556,32.1,25
1719463101226,32.5,25
1719463101718,32.3,50
1719463102198,32.5,75
1719463102963,32.5,200
1719463103199,32.55,50
1719463104227,32.3,75
1719463105200,32.5,25
1719463105348,32.5,125
1719463106225,32.35,50
1719463106756,32.6,25
1719463107188,32.6,75
1719463107960,32.2,75
1719463108214,32.25,575
1719463108964,32.15,75
1719463109209,32.25,25
1719463110218,31.8,75
1719463111191,32.2,25
1719463111558,32.15,25
1719463112199,31.8,75
1719463112775,31.65,25
1719463113201,31.9,775
1719463113761,32.05,50
1719463114229,31.75,250
1719463114954,31.55,75
1719463115231,31.65,125
1719463116222,31.65,25
1719463116389,31.65,175
1719463117222,31.75,100
1719463117578,31.7,100
1719463118240,32.1,25
1719463118995,31.9,400
1719463119182,32.2,75
1719463120212,32.25,25
1719463121223,32.75,25
1719463121797,33.9,400
1719463122432,33.85,75
1719463123220,33.8,25
1719463123378,33.7,25
1719463124228,34.7,250
1719463124800,34.15,150
1719463125219,33.95,25
1719463126216,34.2,25
1719463127247,35.05,125
1719463127592,34.7,100
1719463128232,34.45,50
1719463129008,33.8,25
1719463129227,33.8,25
1719463130220,33.2,50
1719463131220,32.95,25
1719463131599,32.7,125
1719463132227,32.8,25
1719463133009,33.05,100
1719463133224,32.8,50
1719463134228,33.05,25
1719463135229,33.05,25
1719463135419,33.1,25
1719463136193,33.25,200
1719463136774,33.55,50
1719463137221,33.65,25
1719463137973,33.45,125
1719463138196,33.5,25
1719463139000,33.55,450
1719463139214,34.15,25
1719463140244,34.25,100
1719463140408,34.05,25
1719463141443,34.3,125
1719463142018,34.55,125
1719463142258,34.7,500
1719463143029,34.15,50
1719463143243,33.95,25
1719463144230,33.6,50
1719463144413,33.8,125
1719463145236,33.2,50
1719463145824,33.55,25
1719463146229,33.5,50
1719463147005,33.85,25
1719463147245,33.7,150
1719463148264,33.85,100
1719463148423,33.9,200
1719463149240,34.0,1125
1719463149604,33.7,25
1719463150239,33.7,25
1719463151023,33.3,25
1719463151255,33.4,175
1719463152046,33.65,25
1719463152254,33.7,25
1719463153228,33.65,25
1719463154210,34.35,25
1719463154635,34.0,25
1719463155257,34.85,75
1719463156053,34.15,75
1719463156255,34.25,875
1719463157239,34.4,25
1719463158231,33.75,25
1719463158411,33.95,275
1719463159243,33.6,25
1719463159643,33.9,75
1719463160256,34.1,100
1719463160806,33.85,75
1719463161259,34.0,75
1719463162043,34.25,25
1719463162245,34.15,125
1719463163263,34.35,425
1719463164237,34.3,150
1719463164649,34.7,900
1719463165210,34.6,25
1719463165844,34.85,150
1719463166248,34.55,200
1719463167064,34.5,25
1719463167261,34.1,75
1719463168219,34.5,25
1719463169467,33.8,25
1719463170121,33.95,75
1719463170262,33.9,75
1719463170846,33.65,75
1719463171247,33.75,25
1719463172018,33.8,150
1719463172253,33.75,25
1719463173076,33.85,500
1719463173243,33.75,100
1719463174215,33.9,25
1719463174480,33.95,75
1719463175261,33.6,25
1719463175869,33.45,75
1719463176252,33.65,25
1719463176824,33.75,100
1719463177257,33.6,75
1719463178074,33.35,50
1719463178469,33.2,125
1719463179073,33.65,1100
1719463179268,33.8,100
1719463180273,32.7,250
1719463180664,33.05,25
1719463181269,33.5,200
1719463182296,34.0,1025
1719463183270,34.7,75
1719463183667,34.35,25
1719463184227,34.05,25
1719463185095,34.25,50
1719463185277,34.15,25
1719463186301,33.8,25
1719463187264,33.2,25
1719463187678,33.55,25
1719463188240,33.5,25
1719463188687,33.35,25
1719463189282,32.95,25
1719463189853,33.1,75
1719463190280,32.8,50
1719463191291,32.4,25
1719463192277,32.8,25
1719463192715,32.9,25
1719463193260,32.55,25
1719463193892,32.55,125
1719463194278,32.65,450
1719463195083,32.75,75
1719463195276,32.65,25
1719463196284,32.7,25
1719463196506,32.55,50
1719463197446,32.8,50
1719463197905,32.7,50
1719463198282,33.0,375
1719463199284,33.05,50
1719463199440,33.2,25
1719463200104,32.7,50
1719463200276,32.9,25
1719463200516,33.0,100
1719463201278,32.8,25
1719463201915,33.15,75
1719463202285,33.3,25
1719463203070,32.8,25
1719463203282,32.8,25
1719463204123,32.45,25
1719463204291,32.4,125
1719463205270,32.8,175
1719463206256,32.4,25
1719463206676,32.45,250
1719463207293,32.65,250
1719463207929,33.0,50
1719463208294,32.9,25
1719463209111,32.65,25
1719463209277,32.7,25
1719463210300,33.2,25
1719463210318,33.2,25
1719463211466,33.55,150
1719463211748,33.8,50
1719463212256,33.8,75
1719463213121,33.95,150
1719463213288,34.1,75
1719463214322,34.0,175
1719463215280,33.35,25
1719463215715,33.05,25
1719463216297,33.6,50
1719463217124,33.65,25
1719463217282,33.55,25
1719463218130,33.15,200
1719463218261,33.3,25
1719463219297,33.3,25
1719463219718,33.25,50
1719463220294,33.2,25
1719463220933,33.4,50
1719463221295,33.35,25
1719463221952,33.4,50
1719463222300,33.85,25
1719463223134,33.75,200
1719463223306,33.85,25
1719463224299,34.25,25
1719463224536,34.45,25
1719463225281,34.6,150
1719463225702,34.5,75
1719463226286,34.8,250
1719463227148,34.9,300
1719463227304,35.05,375
1719463228277,35.45,25
1719463228550,35.35,25
1719463229285,34.8,25
1719463229960,33.95,25
1719463230083,33.7,25
1719463230295,33.75,550
1719463231158,33.15,175
1719463231307,33.05,100
1719463232153,33.95,50
1719463232274,33.9,300
1719463233249,33.7,50
1719463233543,33.4,25
1719463234285,33.35,300
1719463234950,33.4,25
1719463235289,33.2,25
1719463236159,32.7,25
1719463236278,32.9,25
1719463237305,32.95,25
1719463238296,33.05,25
1719463238357,32.85,125
1719463239307,33.0,25
1719463239730,32.7,175
1719463240307,32.95,25
1719463240958,32.85,300
1719463241306,32.75,125
1719463241967,32.65,150
1719463242296,32.65,25
1719463243165,32.5,25
1719463243308,32.55,75
1719463244171,32.55,25
1719463244306,32.5,25
1719463245300,32.7,25
1719463245575,32.65,400
1719463246305,32.9,50
1719463246953,33.15,50
1719463247305,33.1,25
1719463248154,32.95,250
1719463248304,32.95,25
1719463249299,32.95,375
1719463249544,32.7,25
1719463250302,32.8,25
1719463250779,32.95,75
1719463251319,33.0,25
1719463252133,32.95,25
1719463252295,33.05,75
1719463253319,33.65,425
1719463253393,33.65,125
1719463254284,33.15,25
1719463254971,33.0,100
1719463255294,33.2,100
1719463256172,33.3,25
1719463256303,33.1,100
1719463257203,33.0,25
1719463257308,32.9,25
1719463258287,32.6,50
1719463258591,32.55,75
1719463259473,32.45,25
1719463259853,32.55,175
1719463260076,32.65,25
1719463260326,32.45,25
1719463261187,32.75,25
1719463261312,32.9,25
1719463262192,33.8,50
1719463262318,33.95,50
1719463263268,33.4,25
1719463263604,33.2,250
1719463264326,32.95,150
1719463264989,33.0,200
1719463265324,33.35,1500
1719463266201,33.35,25
1719463266328,33.45,25
1719463267381,33.55,75
1719463268307,33.3,50
1719463268414,33.2,50
1719463269295,33.15,25
1719463269555,33.1,25
1719463270311,32.95,350
1719463271004,33.05,125
1719463271265,33.3,50
1719463271992,33.3,25
1719463272301,32.95,50
1719463273203,33.2,25
1719463273322,33.15,25
1719463274296,33.3,25
1719463274419,33.35,25
1719463275288,34.15,50
1719463275625,33.85,100
1719463276315,35.05,25
1719463277020,36.55,25
1719463277321,36.6,50
1719463278321,35.9,200
1719463278425,35.85,25
1719463279335,36.5,25
1719463280016,36.15,25
1719463280334,35.6,25
1719463281228,35.1,75
1719463281331,35.2,25
1719463282325,35.05,75
1719463282636,34.9,75
1719463283325,34.7,75
1719463284231,34.3,25
1719463284327,34.2,25
1719463285229,34.05,75
1719463285332,33.95,575
1719463286321,34.1,75
1719463286646,34.1,25
1719463287305,34.05,200
1719463287999,33.65,75
1719463288323,33.7,25
1719463289029,34.0,25
1719463289324,34.4,50
1719463290246,34.45,25
1719463290323,34.45,50
1719463291449,34.7,150
1719463292317,34.65,250
1719463292845,34.5,25
1719463293336,34.4,100
1719463294036,34.6,150
1719463294323,34.5,100
1719463295300,34.5,25
1719463296216,34.5,325
1719463296348,34.5,50
1719463297331,34.35,25
1719463297836,34.65,25
1719463298276,35.1,25
1719463299057,35.15,125
1719463299323,34.95,100
1719463300263,34.75,900
1719463300341,35.4,25
1719463301343,34.85,50
1719463301452,34.85,25
1719463302355,34.8,1000
1719463302859,34.75,125
1719463303341,34.35,275
1719463304028,34.5,25
1719463304324,34.6,250
1719463305237,34.35,75
1719463305297,34.25,50
1719463306319,34.25,25
1719463306474,34.15,50
1719463307313,34.0,25
1719463307677,34.0,25
1719463308344,34.2,25
1719463309060,34.3,175
1719463309343,34.05,900
1719463310271,33.9,100
1719463310355,33.75,25
1719463311337,34.2,25
1719463312344,34.7,25
1719463312476,34.4,525
1719463313533,34.95,50
1719463314089,34.6,775
1719463314356,34.4,50
1719463315354,34.6,250
1719463315480,34.4,50
1719463316327,34.55,25
1719463316665,34.7,25
1719463317271,34.35,25
1719463318045,34.3,25
1719463318332,34.35,25
1719463319263,33.85,350
1719463319347,33.85,100
1719463320116,34.3,25
1719463320368,34.2,50
1719463320681,34.0,25
1719463321349,34.2,325
1719463322085,34.75,25
1719463322358,34.65,750
1719463323330,34.8,425
1719463323478,34.85,75
1719463324355,34.55,25
1719463325082,34.7,25
1719463325294,34.6,50
1719463326359,35.0,50
1719463327340,34.25,100
1719463327907,34.1,100
1719463328348,34.0,100
1719463329093,34.2,625
1719463329340,34.3,25
1719463330336,34.25,25
1719463331296,33.9,150
1719463331344,34.0,350
1719463334357,34.15,25
1719463335097,33.8,125
1719463335348,33.9,100
1719463336344,33.75,75
1719463337324,33.85,225
1719463338343,33.9,200
1719463338510,34.05,500
1719463339335,33.85,200
1719463339717,33.65,25
1719463358574,35.65,25
1719463359350,35.7,50
1719463359959,35.75,300
1719463360363,35.95,100
1719463361341,35.7,25
1719463361389,35.6,75
1719463362348,35.15,25
1719463362543,35.05,25
1719463363360,34.45,100
1719463363957,34.35,100
1719463364344,34.6,25
1719463365378,34.95,250
1719463366310,35.0,200
1719463366564,34.85,25
1719463367372,34.85,75
1719463367736,34.75,75
1719463368346,35.05,25
1719463368968,35.45,25
1719463369379,35.4,125
1719463370159,35.3,75
1719463370367,35.35,25
1719463371375,35.5,25
1719463372385,35.7,50
1719463373342,35.45,25
1719463373773,35.75,25
1719463374361,35.7,25
1719463376383,35.35,25
1719463377368,35.6,50
1719463377583,35.6,25
1719463378387,35.15,25
1719463378977,34.95,25
1719463379378,34.65,200
1719463380184,34.45,1125
1719463380402,34.25,200
1719463381381,33.95,50
1719463381593,33.7,25
1719463382384,33.65,25
1719463382999,33.45,25
1719463383386,33.25,1800
1719463384395,33.45,50
1719463385390,33.7,25
1719463385994,33.65,25
1719463386397,33.8,150
1719463387398,34.35,175
1719463388403,34.0,225
1719463388615,33.9,75
1719463389389,33.75,25
1719463389949,33.85,25
1719463390388,33.8,125
1719463391391,33.45,125
1719463392397,33.4,25
1719463392609,33.45,100
1719463393398,33.5,100
1719463393868,33.5,50
1719463394385,33.45,25
1719463394990,33.1,25
1719463395374,33.1,25
1719463396401,33.1,300
1719463397391,33.25,100
1719463398400,33.0,25
1719463398604,33.05,150
1719463399385,33.15,50
1719463399970,33.4,25
1719463400390,33.25,150
1719463401424,33.15,50
1719463402421,33.1,25
1719463403393,33.2,175
1719463403831,33.0,25
1719463404582,32.8,125
1719463405372,32.95,150
1719463406424,32.55,100
1719463407408,31.55,50
1719463408021,31.65,25
1719463408409,31.7,25
1719463409394,31.45,25
1719463409838,31.35,300
1719463410111,31.15,25
1719463410411,31.15,100
1719463411230,31.0,100
1719463411602,31.45,25
1719463412434,31.6,25
1719463413413,31.55,100
1719463413655,31.75,25
1719463414405,32.0,25
1719463415041,31.85,25
1719463415597,31.55,25
1719463416228,31.65,150
1719463416408,31.7,75
1719463417423,31.65,50
1719463418391,31.15,25
1719463418836,31.4,25
1719463419408,31.3,25
1719463420259,31.15,25
1719463420405,31.05,25
1719463421462,31.2,125
1719463422388,31.0,75
1719463422647,31.0,50
1719463423414,30.85,25
1719463424060,30.55,50
1719463424418,30.9,50
1719463425456,30.7,25
1719463426395,30.6,500
1719463426852,30.6,25
1719463427618,30.35,25
1719463428462,28.3,25
1719463429423,28.1,25
1719463429875,27.95,75
1719463430424,28.55,275
1719463431419,28.35,50
1719463431674,28.35,75
1719463432612,27.7,25
1719463433282,27.0,25
1719463433430,27.05,75
1719463434432,28.15,25
1719463434879,27.75,25
1719463435419,27.85,175
1719463436469,27.8,400
1719463436600,27.85,25
1719463437418,27.9,25
1719463438067,27.9,25
1719463438593,27.8,600
1719463439417,28.0,375
1719463439690,27.95,25
1719463440115,28.0,25
1719463440433,28.25,25
1719463441422,28.5,25
1719463441493,28.5,200
1719463442621,29.0,25
1719463442891,28.7,25
1719463443406,29.15,25
1719463444423,29.05,25
1719463445431,29.35,25
1719463445693,29.1,50
1719463466423,29.15,50
1719463466726,29.0,25
1719463467429,29.35,25
1719463467912,29.35,50
1719463468443,29.55,25
1719463469318,29.65,25
1719463469436,29.5,200
1719463470093,29.7,250
1719463470434,30.25,150
1719463470735,30.35,25
1719463471440,30.35,25
1719463472137,30.4,250
1719463472398,30.45,25
1719463473449,30.5,225
1719463473691,30.5,125
1719463474431,30.6,25
1719463475131,30.4,25
1719463475412,30.3,25
1719463476542,30.4,750
1719463476643,30.45,200
1719463477441,30.6,200
1719463477698,30.25,25
1719463478436,30.05,125
1719463479141,29.65,50
1719463479393,29.65,800
1719463480418,29.3,50
1719463480527,29.3,50
1719463481449,29.15,200
1719463481535,29.15,25
1719463482452,29.1,50
1719463482914,28.95,25
1719463483417,28.5,25
1719463484332,28.95,50
1719463484426,29.0,25
1719463485544,28.75,50
1719463486448,28.95,25
1719463486514,28.95,75
1719463487433,28.8,125
1719463487731,28.9,25
1719463488401,28.9,100
1719463489161,28.8,225
1719463489447,28.85,75
1719463490382,28.9,25
1719463491449,28.5,75
1719463491540,28.55,25
1719463492428,28.6,150
1719463492957,28.55,25
1719463493529,28.85,125
1719463495443,28.6,25
1719463495581,28.6,50
1719463496446,28.7,25
1719463496721,28.6,250
1719463497471,28.95,50
1719463498158,29.0,25
1719463498444,29.0,750
1719463499434,28.65,25
1719463500084,28.8,250
1719463500449,28.9,50
1719463500591,28.85,275
1719463501576,28.5,25
1719463502445,28.4,25
1719463502968,28.45,25
1719463503460,28.45,25
1719463504182,28.2,25
1719463504472,28.1,75
1719463505449,28.2,50
1719463505574,28.0,25
1719463506475,26.75,50
1719463506768,26.75,25
1719463507459,27.0,25
1719463508175,27.65,50
1719463508462,27.3,50
1719463509463,27.75,100
1719463509584,27.6,25
1719463510458,27.45,25
1719463510978,27.15,25
1719463511651,26.95,300
1719463512473,26.45,375
1719463512590,26.5,50
1719463513452,27.1,100
1719463514001,26.9,150
1719463514443,26.9,25
1719463515211,26.75,150
1719463515480,26.95,100
1719463516589,26.6,125
1719463517453,26.7,25
1719463517796,26.8,100
1719463518461,26.95,50
1719463519193,26.8,25
1719463519475,27.15,275
1719463520407,27.4,25
1719463521453,27.65,50
1719463522487,27.75,25
1719463522812,28.0,50
1719463523473,28.3,50
1719463524209,28.35,400
1719463524466,28.3,100
1719463525401,28.9,50
1719463525466,28.9,100
1719463526402,28.7,25
1719463526615,28.9,200
1719463527477,28.85,25
1719463527780,29.0,125
1719463528475,28.95,50
1719463529209,29.05,50
1719463529457,29.15,25
1719463530105,29.05,50
1719463530666,29.65,50
1719463531478,29.6,25
1719463532006,29.95,50
1719463532458,30.1,350
1719463533480,29.45,825
1719463534451,29.7,50
1719463534610,29.6,325
1719463535455,29.85,25
1719463536038,29.95,25
1719463536628,30.0,50
1719463537485,30.25,25
1719463537640,30.45,25
1719463538481,30.6,25
1719463538835,30.4,25
1719463539474,30.3,200
1719463540223,29.9,50
1719463540473,30.1,50
1719463541464,30.2,25
1719463542467,29.8,25
1719463542648,30.0,275
1719463543448,30.3,25
1719463544013,30.0,100
1719463544384,30.2,200
1719463545441,30.15,25
1719463546470,30.5,25
1719463546617,30.2,50
1719463547446,30.3,1125
1719463547860,30.5,50
1719463548486,30.55,25
1719463549247,31.0,325
1719463549486,30.85,300
1719463550484,31.1,25
1719463550651,31.15,25
1719463551695,30.8,50
1719463552248,30.8,125
1719463552494,30.6,25
1719463553478,30.45,25
1719463553642,30.25,25
1719463554474,30.0,25
1719463555049,29.5,50
1719463555486,29.8,25
1719463556285,30.05,25
1719463556458,30.1,25
1719463557483,29.9,25
1719463557628,29.85,50
1719463558424,30.15,50
1719463558830,30.0,200
1719463559474,30.05,25
1719463560068,30.0,50
1719463560103,30.05,25
1719463560481,29.85,150
1719463561235,29.75,250
1719463561496,29.75,75
1719463562671,29.9,25
1719463563409,29.85,350
1719463563651,29.9,25
1719463564445,29.15,25
1719463564873,29.1,25
1719463565471,29.35,225
1719463566268,29.15,100
1719463566502,29.1,50
1719463567497,28.9,50
1719463567651,28.9,50
1719463568474,29.05,25
1719463568631,29.1,875
1719463569505,28.8,100
1719463569885,28.85,300
1719463570477,28.7,25
1719463571271,28.7,25
1719463571491,28.75,475
1719463572439,28.75,25
1719463572700,28.65,50
1719463573502,28.25,25
1719463573869,28.3,50
1719463574506,28.55,125
1719463575077,28.5,150
1719463575495,28.75,375
1719463576491,28.5,125
1719463577443,28.6,150
1719463577676,28.55,25
1719463578472,28.45,100
1719463579304,28.2,25
1719463579504,28.15,50
1719463580504,28.0,75
1719463581487,28.0,1200
1719463581701,28.05,100
1719463582503,27.9,25
1719463583105,27.6,25
1719463583482,27.6,75
1719463584509,27.25,150
1719463585509,27.15,50
1719463585697,27.05,50
1719463586509,27.45,100
1719463586695,27.7,25
1719463587464,27.75,50
1719463587904,27.95,25
1719463588512,27.9,25
1719463589520,27.95,75
1719463590113,28.15,25
1719463590476,28.2,50
1719463590610,28.2,100
1719463591516,28.25,275
1719463591721,28.1,25
1719463592515,27.7,50
1719463592924,27.75,50
1719463593518,28.1,25
1719463594087,28.05,50
1719463594426,27.95,150
1719463595501,28.05,100
1719463595501,28.05,100
1719463596712,27.7,50
1719463597491,27.65,475
1719463597726,27.65,150
1719463598474,27.55,75
1719463598907,27.5,125
1719463599509,27.75,100
1719463600312,27.75,50
1719463600526,27.65,75
1719463601486,27.35,25
1719463610130,29.1,150
1719463611561,29.0,350
1719463612757,29.0,25
1719463613529,29.0,175
1719463614141,28.9,100
1719463614393,28.8,75
1719463615531,29.05,75
1719463616458,28.95,25
1719463616733,29.1,25
1719463617512,29.3,25
1719463617955,29.1,25
1719463618529,29.1,250
1719463619289,28.65,300
1719463619513,28.8,375
1719463620120,28.45,25
1719463620478,28.65,25
1719463620732,28.6,25
1719463621439,28.25,25
1719463621923,28.15,25
1719463622530,28.15,25
1719463623524,27.85,25
1719463623562,27.85,25
1719463624502,28.0,25
1719463624742,28.0,25
1719463625462,27.65,100
1719463626143,27.65,25
1719463626509,27.65,100
1719463627327,27.85,75
1719463627531,27.9,150
1719463628556,28.3,25
1719463629512,28.1,125
1719463629991,28.35,25
1719463630453,28.65,25
1719463631192,28.45,125
1719463631532,28.35,150
1719463632538,28.15,50
1719463632572,28.15,25
1719463633457,28.45,50
1719463633756,28.6,25
1719463634523,28.5,25
1719463635190,28.35,450
1719463635540,28.35,25
1719463636511,28.35,75
1719463637535,29.05,25
1719463637776,28.9,25
1719463638520,28.7,100
1719463638627,28.65,150
1719463639531,29.0,50
1719463639990,28.9,25
1719463640534,29.0,100
1719463641362,29.4,75
1719463641530,29.35,25
1719463642386,29.35,50
1719463642547,29.5,500
1719463643602,29.35,25
1719463644522,29.4,100
1719463644522,29.4,100
1719463645507,29.45,25
1719463646005,29.35,25
1719463646547,29.35,75
1719463647374,29.0,100
1719463647530,28.8,25
1719463668761,27.2,350
1719463669041,27.15,75
1719463669520,27.15,25
1719463670235,27.3,25
1719463670558,27.3,25
1719463671443,27.3,50
1719463671578,27.4,25
1719463672538,27.75,25
1719463672640,27.8,500
1719463673576,28.4,25
1719463673820,28.25,50
1719463674531,28.55,25
1719463675029,28.15,975
1719463675542,27.75,75
1719463676451,27.65,500
1719463676566,27.6,25
1719463688554,27.75,50
1719463688662,27.7,175
1719463748605,28.85,25
1719463749575,29.0,425
1719463749719,29.05,50
1719463750618,28.8,50
1719463750931,28.95,25
1719463751566,29.3,75
1719463752303,29.4,25
1719463752605,29.45,50
1719463753619,29.5,25
1719463753962,29.55,500
1719463755556,29.0,300
1719463756604,29.05,25
1719463761624,30.3,25
1719463761947,30.25,25
1719463762597,30.3,25
1719463763605,30.55,100
1719463764621,30.0,25
1719463764978,29.85,75
1719463765630,30.05,200
1719463766375,29.35,75
1719463766616,29.4,200
1719463767614,29.3,25
1719463767772,29.0,250
1719463768605,29.2,25
1719463769343,29.45,75
1719463769611,29.45,25
1719463770080,29.55,50
1719463770619,29.65,25
1719463770790,29.6,250
1719463776577,30.35,300
1719463776764,30.5,75
1719463777821,30.6,25
1719463777954,30.55,25
1719463778629,30.25,25
1719463779176,30.8,25
1719463779610,30.7,25
1719463780401,30.3,25
1719463780623,30.15,125
1719463781625,30.1,25
1719463781777,30.1,75
1719463782625,30.2,50
1719463782944,30.0,200
1719463783635,30.25,75
1719463783944,30.25,50
1719463784621,30.25,75
1719463785192,30.0,25
1719463785617,30.15,25
1719463786577,30.05,50
1719463786615,30.05,150
1719463787584,30.2,50
1719463787798,30.2,75
1719463788639,30.2,50
1719463788999,30.05,25
1719463789614,30.05,25
1719463790007,30.15,325
1719463790635,30.45,75
1719463791382,30.55,50
1719463791636,30.5,50
1719463792643,30.15,25
1719463793646,30.45,25
1719463793786,30.55,25
1719463794611,30.45,25
1719463794804,30.35,25
1719463795594,30.55,50
1719463795799,30.4,250
1719463796628,30.4,50
1719463796983,30.35,100
1719463797647,30.0,225
1719463798008,30.25,25
1719463798626,30.15,325
1719463799205,30.1,25
1719463799649,29.85,100
1719463800105,29.8,25
1719463800625,29.7,400
1719463801644,29.65,250
1719463802008,29.95,75
1719463802644,29.55,25
1719463803041,29.4,50
1719463803635,29.25,25
1719463804235,29.8,25
1719463804624,29.8,25
1719463805637,29.55,25
1719463805819,29.3,25
1719463806627,29.3,550
1719463806764,29.35,50
1719463807630,29.7,25
1719463808033,29.8,75
1719463808637,29.7,25
1719463809026,29.8,75
1719463809611,29.6,25
1719463810609,29.9,50
1719463810822,30.1,275
1719463811645,30.15,25
1719463812022,30.1,25
1719463812626,30.1,1050
1719463815659,31.05,100
1719463815848,31.05,25
1719463816669,30.95,25
1719463817023,30.9,175
1719463817651,30.4,25
1719463818449,30.45,150
1719463818646,30.05,25
1719463819658,30.3,75
1719463819839,30.45,25
1719463820625,30.1,75
1719463821046,30.25,75
1719463821656,30.2,75
1719463822224,30.2,25
1719463822631,30.4,25
1719463823425,30.35,375
1719463823630,30.55,25
1719463824665,30.6,325
1719463825642,30.45,25
1719463825875,30.5,25
1719463826649,30.45,25
1719463827075,30.35,25
1719463827583,30.05,50
1719463828256,30.0,50
1719463828669,29.8,25
1719463829652,29.65,150
1719463829851,29.65,250
1719463830116,29.0,100
1719463830679,29.4,25
1719463831066,29.55,300
1719463831677,29.75,25
1719463832074,29.95,100
1719463832653,30.2,75
1719463833445,30.05,25
1719463833641,30.0,25
1719463834875,30.0,25
1719463835621,29.95,125
1719463836035,29.95,100
1719463836655,30.0,450
1719463837008,30.0,100
1719463837670,29.55,75
1719463838051,29.5,750
1719463838675,29.75,25
1719463839277,29.8,25
1719463839668,29.55,125
1719463840590,29.55,50
1719463841646,29.2,175
1719463841874,29.3,125
1719463842661,29.15,75
1719463843075,28.85,525
1719463843666,28.85,75
1719463844497,28.9,25
1719463844671,28.95,25
1719463845615,29.05,800
1719463845878,28.95,75
1719463846668,29.05,225
1719463847302,29.35,25
1719463847665,29.35,50
1719463848338,29.35,50
1719463848655,29.35,25
1719463849667,29.35,50
1719463849895,29.3,500
1719463850660,29.05,50
1719463851048,29.1,25
1719463851683,29.0,25
1719463852260,29.05,50
1719463852672,29.1,125
1719463853675,29.0,75
1719463853831,28.95,300
1719463854625,28.7,325
1719463855300,28.7,25
1719463855683,28.7,75
1719463856854,28.9,25
1719463857660,28.75,225
1719463858292,29.05,25
1719463858631,28.85,50
1719463859659,29.9,350
1719463860099,30.05,25
1719463860681,30.1,50
1719463861519,30.0,50
1719463861866,30.15,50
1719463862669,30.45,25
1719463862905,30.55,125
1719463863664,30.15,25
1719463864312,30.3,275
1719463864685,30.3,25
1719463865711,29.95,25
1719463866691,29.45,75
1719463867126,29.7,25
1719463867692,29.5,25
1719463868089,29.55,25
1719463868650,29.55,25
1719463869302,29.45,25
1719463869683,29.65,25
1719463870730,29.85,50
1719463871635,29.65,25
1719463871953,29.95,150
1719463872668,29.95,75
1719463873329,29.9,175
1719463873668,29.9,25
1719463874274,30.0,100
1719463874700,29.8,25
1719463875690,29.5,100
1719463875690,29.5,100
1719463876733,29.45,50
1719463877670,29.95,25
1719463877917,29.95,100
1719463879337,30.1,25
1719463879691,30.05,625
1719463880524,30.25,50
1719463880686,30.3,25
1719463881681,30.35,100
1719463881920,30.45,50
1719463925419,30.3,25
1719463925686,30.2,25
1719463926806,30.4,50
1719463927727,30.5,25
1719463928150,30.3,50
1719463928776,30.2,25
1719463929397,30.1,50
1719463929877,30.25,75
1719463930701,30.65,500
1719463931000,30.5,25
1719463931718,30.5,300
1719463932123,30.6,25
1719463932634,30.7,25
1719463933195,30.7,150
1719463933708,31.0,25
1719463934209,31.05,25
1719463934714,31.0,25
1719463935823,32.05,25
1719463936729,31.35,25
1719463936832,31.3,25
1719463937708,30.7,250
1719463938202,30.8,25
1719463938676,31.15,50
1719463939402,31.05,175
1719463939665,30.95,25
1719463940633,30.8,25
1719463940729,30.85,950
1719463944647,30.75,25
1719463944673,30.85,50
1719463945723,30.8,25
1719463946710,30.85,25
1719463946950,30.75,25
1719463947667,30.7,50
1719463947959,30.7,75
1719463948703,30.6,50
1719463948920,30.65,75
1719463949737,30.45,25
1719463952642,30.5,75
1719463952670,30.4,50
1719463953719,30.35,25
1719463954064,30.4,150
1719463954734,30.4,25
1719463955241,30.1,125
1719463955716,30.1,200
1719463956208,29.9,75
1719463956712,29.6,500
1719463957731,29.6,175
1719463957849,29.6,350
1719463958732,29.4,675
1719463959045,29.4,25
1719463959691,29.55,75
1719463960064,29.45,25
1719463960724,29.2,25
1719463961254,29.0,25
1719463961744,29.15,150
1719463962224,29.1,700
1719463962719,29.25,25
1719463963409,29.1,200
1719463963656,29.1,125
1719463964666,29.15,25
1719463965630,29.65,25
1719463965744,29.55,75
1719463966747,29.85,50
1719463966852,29.75,50
1719463967676,30.3,50
1719463968126,30.15,25
1719463968723,30.0,25
1719463969252,29.9,50
1719463969647,29.8,25
1719463970420,29.85,100
1719463970726,29.8,25
1719463971462,29.85,25
1719463971711,29.75,50
1719463972753,29.95,25
1719463973708,29.75,25
1719463973859,29.65,175
1719463974656,29.85,50
1719463975037,29.75,50
1719463975702,29.55,100
1719463976050,29.75,50
1719463976707,29.65,25
1719463977035,29.75,100
1719463977712,29.8,100
1719463978072,29.85,50
1719463978718,30.05,750
1719463979283,30.3,25
1719463979752,30.45,25
1719463980124,30.7,25
1719463980455,30.45,50
1719463980768,30.5,25
1719463981892,30.15,75
1719463982762,30.25,75
1719463983284,30.35,25
1719463983695,30.3,25
1719463984487,29.9,25
1719463984753,29.8,1175
1719463985756,30.1,25
1719463985901,30.05,500
1719463986720,30.0,25
1719463987075,30.0,25
1719463987718,29.9,75
1719463988281,29.7,25
1719463988726,29.85,25
1719463989257,29.7,25
1719463989734,29.7,75
1719463990459,29.7,25
1719463990729,29.8,25
1719463991596,29.8,250
1719463991854,29.85,25
1719463992733,29.7,50
1719463993003,29.85,25
1719463993722,29.35,75
1719463994280,29.4,75
1719463994756,29.35,25
1719463995210,29.4,25
1719463995663,29.65,25
1719463996665,29.65,25
1719463996773,29.75,25
1719463997688,29.35,925
1719463998286,29.45,50
1719463998732,29.35,25
1719463999691,29.25,475
1719463999691,29.25,475
1719464000964,28.6,50
1719464001117,28.9,25
1719464001764,28.75,25
1719464002769,29.15,25
1719464002902,29.2,100
1719464004309,28.95,800
1719464004747,28.9,25
1719464005532,28.8,25
1719464005721,28.7,25
1719464006528,28.65,375
1719464006758,28.8,25
1719464007599,28.75,150
1719464007935,28.8,25
1719464008773,28.9,25
1719464009123,28.7,150
1719464009751,28.9,675
1719464010067,28.8,25
1719464010067,28.8,25
1719464010774,29.1,25
1719464011112,29.1,425
1719464011751,29.05,25
1719464012329,29.0,1000
1719464012785,28.9,25
1719464013483,29.0,25
1719464013703,28.95,25
1719464015790,29.25,75
1719464016736,29.05,250
1719464016929,29.1,200
1719464017756,29.4,250
1719464018113,29.5,25
1719464018773,29.55,25
1719464019332,29.55,25
1719464019664,29.45,25
1719464020364,29.55,25
1719464020778,29.55,150
1719464021772,30.0,25
1719464022764,30.4,400
1719464023161,30.25,25
1719464023770,30.1,75
1719464024149,29.95,50
1719464025307,29.65,350
1719464025722,29.65,25
1719464026321,29.3,1000
1719464026783,29.35,300
1719464027783,29.3,25
1719464027943,29.25,50
1719464028781,29.4,75
1719464029149,29.3,25
1719464029785,29.45,25
1719464030123,29.45,50
1719464030764,29.5,25
1719464031356,29.3,25
1719464031750,29.25,50
1719464032364,29.3,50
1719464032786,29.1,50
1719464033514,29.15,275
1719464033741,29.15,25
1719464034791,29.05,1200
1719464035685,28.9,25
1719464035930,28.75,75
1719464036759,28.85,25
1719464037150,28.8,25
1719464037770,28.85,250
1719464038347,28.65,100
1719464038735,28.6,25
1719464039565,28.55,25
1719464039790,28.55,225
1719464040105,28.5,25
1719464040774,28.4,25
1719464040998,28.45,125
1719464041769,28.4,125
1719464042369,28.25,25
1719464042770,28.25,25
1719464043561,28.2,25
1719464043803,28.3,75
1719464044790,27.65,150
1719464044964,27.7,100
1719464045794,28.1,100
1719464046404,28.0,100
1719464046768,28.0,25
1719464047794,28.1,25
1719464048767,28.0,25
1719464048967,28.2,250
1719464049789,28.05,25
1719464049985,27.9,25
1719464050795,27.8,25
1719464051196,27.8,475
1719464051806,27.75,25
1719464052355,27.65,50
1719464052760,27.75,675
1719464053395,27.85,700
1719464053774,27.85,125
1719464054406,28.25,250
1719464054768,28.5,100
1719464055594,28.55,50
1719464055796,28.7,125
1719464056679,29.1,125
1719464056995,29.25,250
1719464057798,29.1,200
1719464058348,29.2,25
1719464058798,28.9,25
1719464059418,28.95,450
1719464059724,28.95,25
1719464060619,28.35,75
1719464060805,28.45,600
1719464061708,28.45,50
1719464062009,28.5,50
1719464062797,28.25,75
1719464063413,28.15,175
1719464063806,28.0,200
1719464064405,27.75,50
1719464074253,28.2,100
1719464074797,28.1,50
1719464075390,28.15,25
1719464075781,28.0,25
1719464076449,28.15,25
1719464076803,28.15,775
1719464077849,28.35,250
1719464078796,28.35,125
1719464079350,28.4,25
1719464079801,28.25,25
1719464080820,28.3,25
1719464081816,28.2,25
1719464082222,28.15,25
1719464082824,28.1,25
1719464083232,28.15,25
1719464083826,27.85,50
1719464084456,27.9,75
1719464084784,27.65,500
1719464085836,27.35,25
1719464087011,27.55,150
1719464087248,27.5,25
1719464087817,27.45,75
1719464088445,27.35,150
1719464088821,27.3,75
1719464089631,27.35,25
1719464089795,27.55,25
1719464090783,27.7,325
1719464091042,27.65,400
1719464091803,27.75,25
1719464092253,27.9,200
1719464092813,28.45,25
1719464093458,28.55,50
1719464093717,28.6,75
1719464094630,29.1,75
1719464094833,29.2,50
1719464095842,28.75,25
1719464096830,29.15,1000
1719464097043,29.2,25
1719464097816,28.95,25
1719464098103,28.9,125
1719464098685,28.8,25
1719464099217,28.5,275
1719464099819,28.35,100
1719464100115,28.6,75
1719464100478,28.55,75
1719464100667,28.45,25
1719464101871,28.7,300
1719464102825,28.8,125
1719464103208,28.85,25
1719464120836,29.3,175
1719464121465,29.15,50
1719464121836,29.4,25
1719464122633,28.9,100
1719464122847,28.95,25
1719464123872,28.8,75
1719464124807,28.95,50
1719464125102,28.85,25
1719464125801,29.0,25
1719464126253,29.1,25
1719464126811,28.95,25
1719464127475,28.95,50
1719464127776,28.95,25
1719464128674,28.9,250
1719464128848,28.8,375
1719464129848,29.05,25
1719464130116,28.95,150
1719464130799,29.05,25
1719464131052,28.95,25
1719464167852,28.45,25
1719464168761,28.65,25
1719464168814,28.5,50
1719464169747,28.75,25
1719464169828,28.75,25
1719464170852,28.65,25
1719464170930,28.75,50
1719464171840,28.85,25
1719464171963,28.75,25
1719464172778,28.6,50
1719464173140,28.65,25
1719464173864,28.55,100
1719464174349,28.5,25
1719464174836,28.65,25
1719464175313,28.55,25
1719464175962,28.4,50
1719464176879,28.1,50
1719464177859,28.1,25
1719464178372,28.45,75
1719464178870,28.45,100
1719464179418,28.3,50
1719464179843,28.35,125
1719464180685,28.85,25
1719464180862,28.8,25
1719464181689,28.85,25
1719464181875,28.8,100
1719464182783,28.9,100
1719464183391,29.0,125
1719464183846,29.1,75
1719464205711,28.5,100
1719464205870,28.75,550
1719464206649,28.55,50
1719464207157,28.6,250
1719464207858,28.95,25
1719464208399,29.0,25
1719464208883,28.85,50
1719464209625,28.9,125
1719464209876,28.85,25
1719464210742,28.95,200
1719464211897,28.8,25
1719464212164,28.8,150
1719464212900,28.8,50
1719464213431,28.75,50
1719464213893,28.6,25
1719464214262,28.55,250
1719464214761,28.7,25
1719464215614,28.5,25
1719464215895,28.6,325
1719464216637,28.9,275
1719464216649,29.0,375
1719464218098,29.2,625
1719464218237,29.15,25
1719464218871,29.3,125
1719464219461,30.0,25
1719464219896,29.65,25
1719464220072,29.9,575
1719464220641,29.75,25
1719464220893,29.7,250
1719464221875,29.65,400
1719464222057,29.7,250
1719464222873,29.75,25
1719464223449,29.8,150
1719464223917,29.85,25
1719464224651,29.7,25
1719464224896,29.75,250
1719464225834,29.75,25
1719464226100,30.0,25
1719464227063,30.1,175
1719464228446,30.35,25
1719464228894,30.55,75
1719464229845,30.65,25
1719464229905,30.75,50
1719464230889,31.35,200
1719464231255,31.2,500
1719464232433,31.3,50
1719464232899,30.7,25
1719464233661,30.85,25
1719464233906,30.9,25
1719464234880,30.95,25
1719464235900,30.65,75
1719464236048,30.65,75
1719464236869,30.65,25
1719464237477,30.65,25
1719464237907,30.9,300
1719464238470,31.25,50
1719464238885,30.9,25
1719464239639,30.8,100
1719464239911,30.9,625
1719464240669,30.8,100
1719464240895,30.85,50
1719464241915,30.75,350
1719464242910,30.6,25
1719464243201,30.8,25
1719464243899,30.85,25
1719464244464,30.95,50
1719464244929,31.0,25
1719464245677,31.1,175
1719464245922,30.8,25
1719464246689,31.35,25
1719464247129,32.2,275
1719464247909,31.95,25
1719464249123,34.0,100
1719464249693,33.3,125
1719464249907,33.25,125
1719464250112,32.95,50
1719464250924,33.1,25
1719464251295,33.7,25
1719464251932,32.95,25
1719464252474,33.2,25
1719464252918,33.4,25
1719464253691,34.0,250
1719464253903,34.05,25
1719464254916,33.75,25
1719464255305,33.25,250
1719464255933,33.45,50
1719464256695,33.5,100
1719464256939,33.3,225
1719464257683,33.75,150
1719464257931,33.65,575
1719464259923,33.65,200
1719464260691,33.4,50
1719464260944,33.0,100
1719464261905,33.65,125
1719464262920,33.45,450
1719464263110,33.5,50
1719464263901,33.7,50
1719464264314,33.75,25
1719464264917,33.8,75
1719464265511,33.8,25
1719464265919,33.85,25
1719464266712,33.55,200
1719464266942,33.4,75
1719464268096,33.75,25
1719464268132,33.6,225
1719464268922,33.85,25
1719464269507,33.8,150
1719464269928,34.05,125
1719464270695,33.4,25
1719464270922,33.8,25
1719464271711,33.35,25
1719464271932,33.55,200
1719464272723,33.15,450
1719464272920,33.4,25
1719464273902,33.4,175
1719464274128,33.05,125
1719464274942,33.0,75
1719464275318,33.1,25
1719464284500,33.3,25
1719464284939,33.45,25
1719464285745,33.2,50
1719464285939,33.35,25
1719464286735,33.2,25
1719464286938,33.1,25
1719464287754,33.25,100
1719464287902,33.3,25
1719464288770,33.3,125
1719464288943,33.45,100
1719464289753,33.3,25
1719464289916,33.55,50
1719464290946,33.55,100
1719464291952,34.2,25
1719464292939,34.55,25
1719464293551,34.55,25
1719464293952,34.2,100
1719464294761,34.9,25
1719464294942,34.6,25
1719464295957,34.2,50
1719464296972,33.65,525
1719464297928,33.65,200
1719464298156,33.95,25
1719464298917,34.1,50
1719464299352,34.4,25
1719464299930,34.25,350
1719464300551,34.0,250
1719464300950,33.95,250
1719464301583,33.95,25
1719464301956,33.95,25
1719464302737,33.9,25
1719464302937,33.95,50
1719464303754,34.0,125
1719464303938,33.95,25
1719464304959,33.9,125
1719464305169,34.0,75
1719464305933,33.95,150
1719464306558,33.6,50
1719464306941,33.6,50
1719464307744,34.5,250
1719464307947,34.0,50
1719464308987,34.4,25
1719464309938,34.7,25
1719464310112,34.7,475
1719464310381,35.5,25
1719464310960,34.9,125
1719464311584,35.0,50
1719464311961,34.85,1800
1719464312797,35.2,800
1719464312955,35.1,25
1719464313980,35.0,225
1719464315175,35.6,25
1719464315373,35.8,100
1719464315941,35.65,50
1719464316788,36.15,50
1719464316954,36.25,300
1719464317803,36.05,25
1719464317962,36.15,25
1719464318965,35.95,25
1719464319191,35.7,75
1719464319934,36.15,25
1719464320381,36.4,150
1719464320972,36.0,50
1719464321606,36.5,25
1719464321971,36.5,25
1719464322811,36.25,25
1719464322974,36.05,25
1719464323969,37.0,75
1719464324203,36.75,25
1719464324977,36.5,25
1719464325609,36.1,100
1719464325965,36.15,100
1719464326611,36.4,150
1719464326972,36.2,50
1719464327806,35.4,25
1719464327959,35.05,900
1719464328810,34.55,25
1719464328968,34.4,50
1719464330012,33.9,25
1719464330976,34.95,25
1719464366988,35.3,25
1719464367243,35.2,100
1719464367977,34.85,150
1719464368468,34.95,25
1719464369000,34.9,50
1719464369658,34.85,25
1719464369988,34.8,75
1719464370119,34.8,25
1719464370987,35.1,25
1719464371964,35.0,100
1719464372281,35.0,100
1719464372986,35.0,25
1719464373266,35.4,25
1719464375881,35.1,25
1719464375973,35.1,25
1719464376927,34.9,25
1719464377973,34.95,25
1719464378098,35.0,25
1719464379085,34.7,100
1719464380004,34.55,50
1719464380281,34.5,25
1719464380985,34.8,25
1719464381482,34.75,50
1719464382003,34.65,50
1719464382697,35.05,25
1719464382966,34.95,25
1719464383872,34.55,150
1719464383989,34.25,25
1719464384886,34.05,100
1719464385000,34.0,50
1719464386005,33.65,25
1719464386107,33.5,300
1719464386994,33.7,125
1719464387496,33.7,25
1719464388040,33.4,75
1719464388993,34.1,225
1719464389995,34.0,600
1719464390104,34.1,100
1719464391005,34.25,50
1719464391513,34.8,25
1719464391982,34.6,100
1719464392717,34.15,25
1719464393019,34.3,50
1719464397900,34.65,75
1719464397992,34.8,25
1719464399013,35.1,50
1719464400014,34.4,75
1719464400123,34.55,50
1719464400523,34.45,25
1719464400984,34.0,700
1719464401731,33.95,150
1719464402205,33.4,50
1719464402923,33.4,75
1719464403025,33.25,25
1719464404031,33.85,50
1719464404330,33.95,25
1719464405020,34.2,25
1719464405722,34.6,25
1719464406005,35.0,75
1719464406900,34.55,50
1719464407181,34.5,25
1719464408019,34.4,50
1719464409009,34.55,25
1719464409125,34.25,25
1719464410001,34.55,50
1719464410541,34.25,50
1719464410997,34.15,25
1719464411738,34.3,25
1719464412006,34.0,450
1719464412929,33.9,25
1719464412973,33.85,75
1719464413958,33.9,250
1719464414070,33.9,50
1719464415008,34.05,500
1719464415305,33.95,75
1719464416016,34.15,1200
1719464416693,34.05,125
1719464416935,33.95,50
1719464417939,34.15,25
1719464418017,34.25,25
1719464418961,34.45,50
1719464419016,34.65,25
1719464420017,34.9,50
1719464420133,34.9,800
1719464421016,34.4,25
1719464421138,34.5,25
1719464422007,34.35,200
1719464422541,34.35,25
1719464423021,34.4,25
1719464423758,34.3,25
1719464423987,34.35,25
1719464424746,34.6,100
1719464425008,34.4,50
1719464426005,34.75,325
1719464427023,34.5,50
1719464427157,34.55,25
1719464428163,34.55,50
1719464429043,34.3,50
1719464429567,34.55,25
1719464429973,34.3,50
1719464430096,34.1,125
1719464430724,34.2,25
1719464431015,34.35,50
1719464431751,34.45,50
1719464431967,34.35,25
1719464433004,34.5,25
1719464434011,34.65,250
1719464434329,34.9,25
1719464435025,34.95,25
1719464435749,35.05,25
1719464436037,34.9,50
1719464436972,34.7,25
1719464437033,34.7,50
1719464438035,35.7,225
1719464438305,35.35,25
1719464439032,35.5,100
1719464439374,35.15,25
1719464440033,35.6,125
1719464440581,35.55,75
1719464441030,35.4,25
1719464442020,35.65,25
1719464442973,35.25,25
1719464443025,35.2,150
1719464444028,34.7,25
1719464445024,34.8,25
1719464445180,34.85,25
1719464446043,35.0,325
1719464446594,34.95,25
1719464447025,34.65,50
1719464447579,34.25,25
1719464448025,34.25,25
1719464448789,34.9,25
1719464449021,34.6,25
1719464450021,34.65,200
1719464451043,34.75,300
1719464453002,34.9,50
1719464453596,34.1,25
1719464458604,34.25,100
1719464459002,34.0,75
1719464460052,34.1,25
1719464460122,34.05,200
1719464461230,33.75,175
1719464462006,33.4,1275
1719464462407,33.7,50
1719464463047,33.0,25
1719464463602,32.7,75
1719464464049,32.4,25
1719464464827,32.5,25
1719464465036,32.35,25
1719464466041,32.45,250
1719464467054,32.9,25
1719464467423,32.85,25
1719464468053,32.75,450
1719464468613,32.7,50
1719464469022,32.95,75
1719464469831,33.35,25
1719464470022,33.5,50
1719464470999,33.45,100
1719464471050,33.35,25
1719464472047,33.45,25
1719464473060,33.4,75
1719464473187,33.35,25
1719464474042,34.1,75
1719464474441,34.2,25
1719464475047,33.8,125
1719464475546,33.7,725
1719464476033,33.9,25
1719464476819,33.5,150
1719464477043,33.45,25
1719464478026,33.25,25
1719464479059,33.0,25
1719464480038,32.8,1750
1719464480220,32.8,25
1719464481222,32.5,75
1719464481445,32.25,150
1719464482055,32.1,25
1719464482627,32.7,50
1719464483065,32.7,25
1719464483828,32.5,25
1719464484063,32.65,25
1719464485071,33.1,25
1719464486053,32.9,25
1719464486452,32.7,50
1719464487058,32.8,25
1719464487629,32.8,150
1719464488050,32.7,50
1719464489071,32.6,100
1719464490046,32.7,75
1719464490129,32.5,25
1719464491070,32.65,50
1719464492024,32.75,50
1719464492462,32.75,25
1719464493057,32.6,50
1719464493468,32.8,25
1719464494062,32.55,50
1719464494871,32.3,350
1719464495020,32.35,25
1719464496078,32.65,25
1719464497084,32.8,25
1719464498040,32.75,100
1719464498991,33.0,100
1719464500020,33.75,100
1719464500486,33.8,25
1719464501081,33.9,125
1719464501869,33.7,25
1719464502052,33.6,50
1719464502873,33.55,50
1719464503063,33.6,25
1719464504074,33.6,50
1719464505066,33.25,50
1719464505277,33.15,75
1719464506077,33.0,50
1719464506677,32.75,25
1719464506990,32.95,25
1719464507881,32.8,25
1719464508050,32.85,25
1719464509031,32.7,100
1719464510062,32.75,75
1719464511048,32.3,25
1719464512087,32.75,25
1719464512282,32.7,25
1719464520053,32.25,125
1719464520697,32.3,100
1719464521090,32.25,25
1719464521689,31.6,25
1719464522077,31.25,25
1719464523104,30.5,50
1719464524286,29.95,25
1719464524329,29.7,25
1719464525107,30.4,25
1719464526085,30.7,25
1719464526098,30.75,25
1719464527125,30.9,25
1719464528079,31.35,100
1719464528295,31.45,25
1719464529091,31.1,25
1719464529708,31.25,25
1719464530091,31.2,425
1719464530926,30.9,175
1719464531060,30.85,25
1719464532097,31.3,25
1719464532114,31.25,25
1719464533124,31.0,25
1719464536100,30.8,25
1719464536929,30.85,25
1719464537080,30.85,25
1719464537929,30.7,150
1719464538083,30.8,50
1719464539116,30.75,25
1719464540068,30.8,50
1719464540313,30.5,25
1719464541107,30.55,175
1719464541521,30.4,25
1719464542099,30.4,50
1719464542932,30.55,25
1719464543093,30.25,25
1719464544076,29.75,50
1719464544544,29.8,250
1719464545063,29.7,25
1719464545940,29.25,25
1719464546090,29.1,50
1719464546946,29.4,25
1719464547106,29.7,750
1719464548142,29.2,125
1719464549106,29.35,150
1719464549737,29.45,100
1719464563769,29.25,25
1719464564089,29.15,100
1719464565171,28.75,50
1719464565308,28.5,75
1719464566031,28.95,25
1719464566561,29.0,25
1719464567104,28.7,250
1719464567950,28.45,300
1719464568122,28.35,50
1719464569103,28.6,25
1719464569187,28.6,250
1719464570057,28.8,100
1719464570359,28.65,75
1719464571097,28.8,25
1719464571580,28.75,25
1719464572134,29.15,25
1719464572771,28.9,250
1719464573112,28.9,125
1719464574126,29.2,150
1719464574175,29.25,50
1719464575116,29.1,25
1719464575134,29.15,75
1719464576113,28.6,175
1719464576602,28.6,25
1719464577312,28.85,25
1719464577929,29.3,100
1719464578108,29.35,75
1719464586299,29.05,100
1719464586396,28.95,25
1719464587126,29.05,25
1719464587587,28.85,225
1719464588077,28.9,25
1719464588601,28.6,25
1719464589126,27.9,25
1719464590143,27.75,150
1719464590202,27.8,25
1719464591134,26.6,25
1719464591820,26.2,25
1719464592329,26.0,50
1719464593110,26.2,50
1719464593617,26.1,250
1719464594132,25.9,275
1719464595209,26.65,100
1719464595321,26.6,125
1719464596126,26.25,50
1719464596826,26.35,25
1719464597129,26.65,75
1719464598129,26.35,25
1719464598422,26.25,150
1719464599129,26.15,100
1719464600027,25.45,225
1719464600117,25.35,50
1719464601116,24.5,150
1719464601637,23.45,50
1719464602334,23.15,75
1719464603131,22.95,500
1719464603232,23.1,50
1719464604134,23.05,50
1719464605074,22.95,125
1719464605344,22.95,100
1719464606141,23.05,75
1719464606647,21.75,125
1719464607335,21.4,25
1719464608145,20.9,50
1719464608241,21.2,50
1719464609351,20.8,100
1719464609842,19.9,50
1719464610134,19.75,25
1719464611457,19.25,275
1719464611884,18.1,125
1719464611942,17.8,25
1719464611942,17.8,25
1719464612272,17.75,200
1719464627149,20.35,25
1719464627260,20.45,25
1719464628355,20.3,25
1719464628476,20.7,25
1719464629150,21.4,350
1719464629889,21.55,200
1719464630153,21.65,325
1719464631103,21.15,25
1719464631156,21.0,25
1719464632317,21.45,100
1719464632489,21.1,25
1719464633159,21.2,50
1719464633900,20.5,75
1719464634167,20.65,575
1719464635286,20.0,100
1719464635558,19.7,25
1719464636144,18.9,425
1719464636885,18.75,250
1719464637153,18.7,225
1719464638352,19.15,125
1719464638482,19.2,100
1719464639169,19.1,25
1719464640090,19.5,100
1719464640159,19.55,125
1719464641137,19.55,250
1719464641698,19.35,125
1719464642358,19.65,150
1719464643159,20.25,25
1719464643296,20.05,25
1719464644164,20.2,25
1719464644899,20.3,50
1719464645166,20.05,50
1719464646364,20.15,250
1719464647176,21.3,225
1719464647709,21.15,75
1719464648164,21.3,100
1719464649366,21.6,25
1719464650170,21.05,450
1719464650522,20.95,250
1719464651378,20.3,100
1719464652165,20.5,50
1719464653172,20.95,25
1719464653309,20.85,25
1719464654402,20.2,75
1719464654913,20.5,25
1719464655170,20.3,25
1719464656111,20.15,25
1719464656181,20.2,25
1719464657322,20.05,75
1719464657363,20.3,25
1719464658163,20.0,200
1719464658504,20.0,25
1719464659176,20.2,50
1719464659931,20.7,500
1719464660182,21.25,25
1719464661186,20.85,175
1719464661512,21.05,25
1719464662350,21.1,250
1719464662924,21.0,100
1719464663133,20.55,175
1719464664174,20.6,25
1719464665346,19.85,25
1719464665539,20.15,25
1719464666168,20.25,225
1719464666939,20.1,25
1719464667161,20.05,350
1719464668150,20.1,75
1719464668169,20.1,50
1719464669175,19.8,550
1719464669334,19.9,100
1719464670116,20.1,375
1719464670330,20.25,75
1719464671146,20.85,50
1719464672158,20.9,75
1719464673159,21.0,25
1719464673557,21.25,25
1719464674373,21.1,25
1719464674737,21.2,350
1719464675181,21.2,250
1719464675960,21.2,100
1719464676182,21.1,25
1719464677186,21.05,25
1719464678185,21.15,200
1719464679165,20.65,500
1719464679339,20.65,50
1719464680197,20.65,450
1719464680329,20.55,25
1719464681353,20.45,50
1719464681567,20.7,25
1719464682149,20.85,25
1719464682554,20.75,25
1719464683177,20.45,300
1719464683720,20.65,25
1719464684183,20.85,25
1719464684911,21.0,25
1719464685143,20.85,300
1719464686185,20.95,75
1719464687172,20.75,25
1719464687333,20.85,75
1719464688333,20.45,300
1719464689198,20.9,25
1719464689707,20.85,125
1719464690178,20.7,75
1719464690761,20.55,250
1719464691188,20.3,375
1719464691974,20.15,25
1719464692204,20.15,75
1719464693180,20.45,25
1719464693389,20.3,25
1719464694388,19.8,75
