time,price,volume
1719461503019,262.2,50
1719461504215,263.4,50
1719461504215,263.4,50
1719461504215,263.4,50
1719461504215,263.4,50
1719461508142,261.9,100
1719461508142,261.9,100
1719461508142,261.9,100
1719461508142,261.9,100
1719461508142,261.9,100
1719461508142,261.9,100
1719461516574,260.1,25
1719461516574,260.1,25
1719461518755,262.85,50
1719461518755,262.85,50
1719461520800,262.5,25
1719461520800,262.5,25
1719461521616,262.9,25
1719461521616,262.9,25
1719461522969,263.1,50
1719461524170,265.05,75
1719461524170,265.05,75
1719461524640,263.8,50
1719461525196,263.55,50
1719461525196,263.55,50
1719461526092,264.2,25
1719461527112,265.15,25
1719461529142,265.55,25
1719461529142,265.55,25
1719461529142,265.55,25
1719461532180,265.75,25
1719461532254,265.5,25
1719461532254,265.5,25
1719461532865,264.45,25
1719461532865,264.45,25
1719461535127,264.8,25
1719461535127,264.8,25
1719461535127,264.8,25
1719461535127,264.8,25
1719461535127,264.8,25
1719461535127,264.8,25
1719461543134,266.85,50
1719461543134,266.85,50
1719461543134,266.85,50
1719461543134,266.85,50
1719461548731,266.4,25
1719461548731,266.4,25
1719461548731,266.4,25
1719461551065,266.5,25
1719461551837,267.0,25
1719461551837,267.0,25
1719461551837,267.0,25
1719461555198,266.15,25
1719461555198,266.15,25
1719461557499,265.75,25
1719461558873,265.9,25
1719461558873,265.9,25
1719461559510,266.2,25
1719461559510,266.2,25
1719461559510,266.2,25
1719461559510,266.2,25
1719461559510,266.2,25
1719461559510,266.2,25
1719461559510,266.2,25
1719461559510,266.2,25
1719461559510,266.2,25
1719461559510,266.2,25
1719461575379,269.1,25
1719461575379,269.1,25
1719461575379,269.1,25
1719461575379,269.1,25
1719461580408,268.0,25
1719461580408,268.0,25
1719461580408,268.0,25
1719461580408,268.0,25
1719461580408,268.0,25
1719461580408,268.0,25
1719461580408,268.0,25
1719461580408,268.0,25
1719461580408,268.0,25
1719461580408,268.0,25
1719461580408,268.0,25
1719461580408,268.0,25
1719461580408,268.0,25
1719461580408,268.0,25
1719461580408,268.0,25
1719461580408,268.0,25
1719461580408,268.0,25
1719461580408,268.0,25
1719461580408,268.0,25
1719461580408,268.0,25
1719461580408,268.0,25
1719461580408,268.0,25
1719461580408,268.0,25
1719461614702,268.4,25
1719461615343,268.75,25
1719461615343,268.75,25
1719461615343,268.75,25
1719461615343,268.75,25
1719461615343,268.75,25
1719461615343,268.75,25
1719461615343,268.75,25
1719461615343,268.75,25
1719461626713,265.25,25
1719461627184,265.2,25
1719461627184,265.2,25
1719461627184,265.2,25
1719461627184,265.2,25
1719461631903,266.65,25
1719461631903,266.65,25
1719461631903,266.65,25
1719461631903,266.65,25
1719461631903,266.65,25
1719461631903,266.65,25
1719461631903,266.65,25
1719461631903,266.65,25
1719461631903,266.65,25
1719461631903,266.65,25
1719461631903,266.65,25
1719461631903,266.65,25
1719461631903,266.65,25
1719461649519,266.45,25
1719461649519,266.45,25
1719461649519,266.45,25
1719461649519,266.45,25
1719461655871,265.3,75
1719461655871,265.3,75
1719461655871,265.3,75
1719461655871,265.3,75
1719461655871,265.3,75
1719461664147,268.35,75
1719461664363,268.0,50
1719461664363,268.0,50
1719461664363,268.0,50
1719461668053,265.3,50
1719461668966,266.0,25
1719461668966,266.0,25
1719461670532,264.8,25
1719461670532,264.8,25
1719461670532,264.8,25
1719461670532,264.8,25
1719461670532,264.8,25
1719461670532,264.8,25
1719461670532,264.8,25
1719461670532,264.8,25
1719461670532,264.8,25
1719461670532,264.8,25
1719461670532,264.8,25
1719461670532,264.8,25
1719461670532,264.8,25
1719461670532,264.8,25
1719461670532,264.8,25
1719461692886,264.85,25
1719461692886,264.85,25
1719461692886,264.85,25
1719461692886,264.85,25
1719461692886,264.85,25
1719461692886,264.85,25
1719461702586,262.9,50
1719461702586,262.9,50
1719461702586,262.9,50
1719461702586,262.9,50
1719461702586,262.9,50
1719461702586,262.9,50
1719461702586,262.9,50
1719461702586,262.9,50
1719461702586,262.9,50
1719461702586,262.9,50
1719461702586,262.9,50
1719461702586,262.9,50
1719461702586,262.9,50
1719461702586,262.9,50
1719461738273,260.25,25
1719461738273,260.25,25
1719461738273,260.25,25
1719461753336,256.5,50
1719461753336,256.5,50
1719461753336,256.5,50
1719461753336,256.5,50
1719461753336,256.5,50
1719461753336,256.5,50
1719461753336,256.5,50
1719461762395,257.05,50
1719461762395,257.05,50
1719461762395,257.05,50
1719461764721,255.7,25
1719461764721,255.7,25
1719461764721,255.7,25
1719461768841,257.65,25
1719461768841,257.65,25
1719461768841,257.65,25
1719461771478,257.1,25
1719461772219,259.1,25
1719461772219,259.1,25
1719461772219,259.1,25
1719461772219,259.1,25
1719461772219,259.1,25
1719461772219,259.1,25
1719461772219,259.1,25
1719461772219,259.1,25
1719461772219,259.1,25
1719461772219,259.1,25
1719461772219,259.1,25
1719461789051,254.6,100
1719461789051,254.6,100
1719461789051,254.6,100
1719461789051,254.6,100
1719461789051,254.6,100
1719461789051,254.6,100
1719461789051,254.6,100
1719461789051,254.6,100
1719461789051,254.6,100
1719461800696,256.0,25
1719461801046,255.7,25
1719461801046,255.7,25
1719461801046,255.7,25
1719461801046,255.7,25
1719461801046,255.7,25
1719461801046,255.7,25
1719461801046,255.7,25
1719461810125,257.35,50
1719461810125,257.35,50
1719461810125,257.35,50
1719461810125,257.35,50
1719461810125,257.35,50
1719461810125,257.35,50
1719461810125,257.35,50
1719461810125,257.35,50
1719461810125,257.35,50
1719461810125,257.35,50
1719461810125,257.35,50
1719461810125,257.35,50
1719461810125,257.35,50
1719461810125,257.35,50
1719461810125,257.35,50
1719461831458,260.35,50
1719461832408,259.25,25
1719461832408,259.25,25
1719461832408,259.25,25
1719461832408,259.25,25
1719461832408,259.25,25
1719461832408,259.25,25
1719461832408,259.25,25
1719461832408,259.25,25
1719461832408,259.25,25
1719461832408,259.25,25
1719461832408,259.25,25
1719461832408,259.25,25
1719461850080,259.7,100
1719461850080,259.7,100
1719461850080,259.7,100
1719461850080,259.7,100
1719461850080,259.7,100
1719461850080,259.7,100
1719461850080,259.7,100
1719461850080,259.7,100
1719461860409,261.55,50
1719461860409,261.55,50
1719461860409,261.55,50
1719461860409,261.55,50
1719461860409,261.55,50
1719461860409,261.55,50
1719461869293,261.05,50
1719461869293,261.05,50
1719461869763,260.8,25
1719461869763,260.8,25
1719461872637,261.55,25
1719461872637,261.55,25
1719461872637,261.55,25
1719461872637,261.55,25
1719461872637,261.55,25
1719461872637,261.55,25
1719461872637,261.55,25
1719461882726,263.55,25
1719461882726,263.55,25
1719461885032,262.8,50
1719461885032,262.8,50
1719461885032,262.8,50
1719461885032,262.8,50
1719461885032,262.8,50
1719461885032,262.8,50
1719461893416,263.95,50
1719461893416,263.95,50
1719461895065,263.85,25
1719461895065,263.85,25
1719461895065,263.85,25
1719461895065,263.85,25
1719461895065,263.85,25
1719461895065,263.85,25
1719461895065,263.85,25
1719461895065,263.85,25
1719461895065,263.85,25
1719461895065,263.85,25
1719461895065,263.85,25
1719461895065,263.85,25
1719461895065,263.85,25
1719461914368,264.8,25
1719461914368,264.8,25
1719461917038,265.3,25
1719461917038,265.3,25
1719461917038,265.3,25
1719461917038,265.3,25
1719461917038,265.3,25
1719461923609,263.5,150
1719461923609,263.5,150
1719461923609,263.5,150
1719461923609,263.5,150
1719461923609,263.5,150
1719461923609,263.5,150
1719461923609,263.5,150
1719461923609,263.5,150
1719461923609,263.5,150
1719461936747,264.15,75
1719461936747,264.15,75
1719461936747,264.15,75
1719461939756,262.85,150
1719461939756,262.85,150
1719461939756,262.85,150
1719461939756,262.85,150
1719461939756,262.85,150
1719461939756,262.85,150
1719461939756,262.85,150
1719461939756,262.85,150
1719461939756,262.85,150
1719461939756,262.85,150
1719461939756,262.85,150
1719461954922,261.75,50
1719461954922,261.75,50
1719461954922,261.75,50
1719461954922,261.75,50
1719461954922,261.75,50
1719461962429,257.4,25
1719461962429,257.4,25
1719461962429,257.4,25
1719461962429,257.4,25
1719461967952,258.15,25
1719461967952,258.15,25
1719461967952,258.15,25
1719461967952,258.15,25
1719461967952,258.15,25
1719461967952,258.15,25
1719461967952,258.15,25
1719461967952,258.15,25
1719461967952,258.15,25
1719461967952,258.15,25
1719461967952,258.15,25
1719461967952,258.15,25
1719461967952,258.15,25
1719461967952,258.15,25
1719461967952,258.15,25
1719461967952,258.15,25
1719461967952,258.15,25
1719461967952,258.15,25
1719461967952,258.15,25
1719461967952,258.15,25
1719461967952,258.15,25
1719461967952,258.15,25
1719461967952,258.15,25
1719462001743,256.3,25
1719462001743,256.3,25
1719462001743,256.3,25
1719462001743,256.3,25
1719462007063,254.45,50
1719462007063,254.45,50
1719462007063,254.45,50
1719462007063,254.45,50
1719462007063,254.45,50
1719462007063,254.45,50
1719462014905,254.95,100
1719462014905,254.95,100
1719462017393,254.0,25
1719462017985,252.95,25
1719462018989,253.85,50
1719462019522,253.85,75
1719462019841,253.85,25
1719462019841,253.85,25
1719462019841,253.85,25
1719462019841,253.85,25
1719462019841,253.85,25
1719462019841,253.85,25
1719462019841,253.85,25
1719462019841,253.85,25
1719462019841,253.85,25
1719462019841,253.85,25
1719462034487,256.25,25
1719462034487,256.25,25
1719462034487,256.25,25
1719462036631,255.55,25
1719462036631,255.55,25
1719462038932,256.65,25
1719462038932,256.65,25
1719462038932,256.65,25
1719462038932,256.65,25
1719462038932,256.65,25
1719462038932,256.65,25
1719462038932,256.65,25
1719462038932,256.65,25
1719462038932,256.65,25
1719462038932,256.65,25
1719462038932,256.65,25
1719462038932,256.65,25
1719462038932,256.65,25
1719462038932,256.65,25
1719462038932,256.65,25
1719462038932,256.65,25
1719462038932,256.65,25
1719462038932,256.65,25
1719462038932,256.65,25
1719462038932,256.65,25
1719462038932,256.65,25
1719462038932,256.65,25
1719462038932,256.65,25
1719462074581,257.5,25
1719462074581,257.5,25
1719462074581,257.5,25
1719462074581,257.5,25
1719462074581,257.5,25
1719462082749,259.4,25
1719462082749,259.4,25
1719462082749,259.4,25
1719462082749,259.4,25
1719462082749,259.4,25
1719462082749,259.4,25
1719462082749,259.4,25
1719462082749,259.4,25
1719462082749,259.4,25
1719462082749,259.4,25
1719462082749,259.4,25
1719462082749,259.4,25
1719462082749,259.4,25
1719462082749,259.4,25
1719462082749,259.4,25
1719462082749,259.4,25
1719462082749,259.4,25
1719462082749,259.4,25
1719462108521,258.15,50
1719462108521,258.15,50
1719462108521,258.15,50
1719462112843,256.85,50
1719462112843,256.85,50
1719462112843,256.85,50
1719462112843,256.85,50
1719462112843,256.85,50
1719462112843,256.85,50
1719462119879,259.2,25
1719462119879,259.2,25
1719462119879,259.2,25
1719462119879,259.2,25
1719462119879,259.2,25
1719462119879,259.2,25
1719462119879,259.2,25
1719462119879,259.2,25
1719462119879,259.2,25
1719462119879,259.2,25
1719462119879,259.2,25
1719462119879,259.2,25
1719462138240,260.65,25
1719462138240,260.65,25
1719462138240,260.65,25
1719462142501,261.1,75
1719462142501,261.1,75
1719462142501,261.1,75
1719462142501,261.1,75
1719462142501,261.1,75
1719462148342,259.45,50
1719462148342,259.45,50
1719462148342,259.45,50
1719462148342,259.45,50
1719462148342,259.45,50
1719462148342,259.45,50
1719462148342,259.45,50
1719462148342,259.45,50
1719462148342,259.45,50
1719462148342,259.45,50
1719462148342,259.45,50
1719462164773,262.0,25
1719462164773,262.0,25
1719462164773,262.0,25
1719462164773,262.0,25
1719462164773,262.0,25
1719462164773,262.0,25
1719462164773,262.0,25
1719462173392,260.9,25
1719462173392,260.9,25
1719462173392,260.9,25
1719462173392,260.9,25
1719462173392,260.9,25
1719462173392,260.9,25
1719462173392,260.9,25
1719462173392,260.9,25
1719462173392,260.9,25
1719462173392,260.9,25
1719462187107,263.8,25
1719462187107,263.8,25
1719462187107,263.8,25
1719462187107,263.8,25
1719462187107,263.8,25
1719462194459,263.3,25
1719462194459,263.3,25
1719462194459,263.3,25
1719462197688,263.6,25
1719462197688,263.6,25
1719462197688,263.6,25
1719462197688,263.6,25
1719462197688,263.6,25
1719462204157,261.4,25
1719462204157,261.4,25
1719462204157,261.4,25
1719462207180,261.25,50
1719462207299,260.9,50
1719462207299,260.9,50
1719462207299,260.9,50
1719462207299,260.9,50
1719462207299,260.9,50
1719462212272,263.0,75
1719462212535,263.1,25
1719462212535,263.1,25
1719462214244,261.8,50
1719462214244,261.8,50
1719462214244,261.8,50
1719462214244,261.8,50
1719462214244,261.8,50
1719462214244,261.8,50
1719462214244,261.8,50
1719462214244,261.8,50
1719462214244,261.8,50
1719462214244,261.8,50
1719462214244,261.8,50
1719462214244,261.8,50
1719462214244,261.8,50
1719462214244,261.8,50
1719462214244,261.8,50
1719462237871,263.65,50
1719462237871,263.65,50
1719462237871,263.65,50
1719462237871,263.65,50
1719462237871,263.65,50
1719462237871,263.65,50
1719462237871,263.65,50
1719462246731,260.35,50
1719462246731,260.35,50
1719462247112,260.5,25
1719462247112,260.5,25
1719462248947,259.9,25
1719462248947,259.9,25
1719462251625,262.0,75
1719462251625,262.0,75
1719462252035,262.6,25
1719462252035,262.6,25
1719462252035,262.6,25
1719462252035,262.6,25
1719462252035,262.6,25
1719462252035,262.6,25
1719462252035,262.6,25
1719462252035,262.6,25
1719462252035,262.6,25
1719462252035,262.6,25
1719462252035,262.6,25
1719462252035,262.6,25
1719462252035,262.6,25
1719462252035,262.6,25
1719462252035,262.6,25
1719462252035,262.6,25
1719462252035,262.6,25
1719462252035,262.6,25
1719462252035,262.6,25
1719462252035,262.6,25
1719462252035,262.6,25
1719462252035,262.6,25
1719462252035,262.6,25
1719462252035,262.6,25
1719462252035,262.6,25
1719462291809,257.0,25
1719462291809,257.0,25
1719462291809,257.0,25
1719462291809,257.0,25
1719462291809,257.0,25
1719462291809,257.0,25
1719462291809,257.0,25
1719462291809,257.0,25
1719462291809,257.0,25
1719462291809,257.0,25
1719462291809,257.0,25
1719462291809,257.0,25
1719462309582,258.25,25
1719462309582,258.25,25
1719462309582,258.25,25
1719462312071,256.2,25
1719462313104,255.0,150
1719462313104,255.0,150
1719462313104,255.0,150
1719462316358,256.35,50
1719462316358,256.35,50
1719462316358,256.35,50
1719462316358,256.35,50
1719462316358,256.35,50
1719462316358,256.35,50
1719462316358,256.35,50
1719462316358,256.35,50
1719462316358,256.35,50
1719462316358,256.35,50
1719462330635,254.85,25
1719462330635,254.85,25
1719462330635,254.85,25
1719462330635,254.85,25
1719462330635,254.85,25
1719462330635,254.85,25
1719462330635,254.85,25
1719462330635,254.85,25
1719462330635,254.85,25
1719462330635,254.85,25
1719462330635,254.85,25
1719462330635,254.85,25
1719462330635,254.85,25
1719462330635,254.85,25
1719462350419,256.7,75
1719462350419,256.7,75
1719462350419,256.7,75
1719462354912,256.7,25
1719462354912,256.7,25
1719462354912,256.7,25
1719462354912,256.7,25
1719462354912,256.7,25
1719462354912,256.7,25
1719462354912,256.7,25
1719462354912,256.7,25
1719462354912,256.7,25
1719462366357,258.0,25
1719462366357,258.0,25
1719462366357,258.0,25
1719462366357,258.0,25
1719462366357,258.0,25
1719462366357,258.0,25
1719462374130,256.4,50
1719462374130,256.4,50
1719462374130,256.4,50
1719462374130,256.4,50
1719462374130,256.4,50
1719462374130,256.4,50
1719462382989,257.75,25
1719462382989,257.75,25
1719462382989,257.75,25
1719462382989,257.75,25
1719462382989,257.75,25
1719462382989,257.75,25
1719462382989,257.75,25
1719462382989,257.75,25
1719462382989,257.75,25
1719462382989,257.75,25
1719462382989,257.75,25
1719462382989,257.75,25
1719462400051,253.3,25
1719462400051,253.3,25
1719462400867,251.5,25
1719462400867,251.5,25
1719462400867,251.5,25
1719462404453,250.1,25
1719462404453,250.1,25
1719462404453,250.1,25
1719462408412,248.85,25
1719462408412,248.85,25
1719462408412,248.85,25
1719462408412,248.85,25
1719462408412,248.85,25
1719462408412,248.85,25
1719462408412,248.85,25
1719462408412,248.85,25
1719462408412,248.85,25
1719462408412,248.85,25
1719462421791,241.15,25
1719462421791,241.15,25
1719462423572,240.95,50
1719462424720,240.95,50
1719462424720,240.95,50
1719462425891,241.95,75
1719462426162,242.7,150
1719462426739,242.0,125
1719462426739,242.0,125
1719462426739,242.0,125
1719462426739,242.0,125
1719462426739,242.0,125
1719462432794,243.1,100
1719462432794,243.1,100
1719462432794,243.1,100
1719462432794,243.1,100
1719462438079,241.05,25
1719462438079,241.05,25
1719462438079,241.05,25
1719462438079,241.05,25
1719462442523,241.2,125
1719462442523,241.2,125
1719462442523,241.2,125
1719462442523,241.2,125
1719462442523,241.2,125
1719462449680,240.7,50
1719462449680,240.7,50
1719462449680,240.7,50
1719462449680,240.7,50
1719462449680,240.7,50
1719462449680,240.7,50
1719462449680,240.7,50
1719462449680,240.7,50
1719462449680,240.7,50
1719462449680,240.7,50
1719462462183,240.25,75
1719462462183,240.25,75
1719462465131,239.3,50
1719462465131,239.3,50
1719462465131,239.3,50
1719462465131,239.3,50
1719462470375,235.45,75
1719462470375,235.45,75
1719462473687,232.15,100
1719462473687,232.15,100
1719462476426,231.2,25
1719462476426,231.2,25
1719462477158,231.05,25
1719462477158,231.05,25
1719462479460,233.1,75
1719462479460,233.1,75
1719462479460,233.1,75
1719462481084,229.75,100
1719462481084,229.75,100
1719462482077,230.05,25
1719462482077,230.05,25
1719462484299,230.1,100
1719462484962,229.0,25
1719462486301,229.65,100
1719462486816,230.4,50
1719462486816,230.4,50
1719462486816,230.4,50
1719462486816,230.4,50
1719462486816,230.4,50
1719462486816,230.4,50
1719462486816,230.4,50
1719462486816,230.4,50
1719462497254,230.4,25
1719462497254,230.4,25
1719462499927,232.35,50
1719462499927,232.35,50
1719462499927,232.35,50
1719462499927,232.35,50
1719462499927,232.35,50
1719462499927,232.35,50
1719462499927,232.35,50
1719462508724,229.6,25
1719462508724,229.6,25
1719462508724,229.6,25
1719462511098,229.4,25
1719462511985,229.0,25
1719462512295,228.9,25
1719462512295,228.9,25
1719462512295,228.9,25
1719462516803,228.75,25
1719462516803,228.75,25
1719462516803,228.75,25
1719462521011,229.25,100
1719462521011,229.25,100
1719462523604,230.95,75
1719462523604,230.95,75
1719462523604,230.95,75
1719462528486,231.1,100
1719462528486,231.1,100
1719462531576,231.05,25
1719462531576,231.05,25
1719462531576,231.05,25
1719462531576,231.05,25
1719462535938,230.6,50
1719462536667,230.8,25
1719462536667,230.8,25
1719462537306,230.05,50
1719462538197,229.65,25
1719462538197,229.65,25
1719462538197,229.65,25
1719462538197,229.65,25
1719462538197,229.65,25
1719462542140,229.0,25
1719462543340,229.05,25
1719462543340,229.05,25
1719462544803,228.85,50
1719462544803,228.85,50
1719462544803,228.85,50
1719462544803,228.85,50
1719462548864,230.25,25
1719462548864,230.25,25
1719462548864,230.25,25
1719462548864,230.25,25
1719462555135,228.15,75
1719462555135,228.15,75
1719462555135,228.15,75
1719462555135,228.15,75
1719462555135,228.15,75
1719462563169,228.55,25
1719462563169,228.55,25
1719462563169,228.55,25
1719462563169,228.55,25
1719462563169,228.55,25
1719462570185,227.05,100
1719462570786,227.55,25
1719462570786,227.55,25
1719462571471,225.75,25
1719462571471,225.75,25
1719462571471,225.75,25
1719462571471,225.75,25
1719462571471,225.75,25
1719462571471,225.75,25
1719462579801,230.1,150
1719462579801,230.1,150
1719462579801,230.1,150
1719462579801,230.1,150
1719462579801,230.1,150
1719462579801,230.1,150
1719462579801,230.1,150
1719462589517,228.4,100
1719462589517,228.4,100
1719462589517,228.4,100
1719462589517,228.4,100
1719462589517,228.4,100
1719462589517,228.4,100
1719462598528,228.45,25
1719462598528,228.45,25
1719462598528,228.45,25
1719462600249,226.95,25
1719462600719,226.1,100
1719462600919,225.3,25
1719462600919,225.3,25
1719462600919,225.3,25
1719462604689,227.6,100
1719462604689,227.6,100
1719462604689,227.6,100
1719462604689,227.6,100
1719462608847,227.25,25
1719462608847,227.25,25
1719462608847,227.25,25
1719462608847,227.25,25
1719462613691,227.3,25
1719462613691,227.3,25
1719462613691,227.3,25
1719462613691,227.3,25
1719462613691,227.3,25
1719462613691,227.3,25
1719462613691,227.3,25
1719462613691,227.3,25
1719462626081,229.2,25
1719462626081,229.2,25
1719462626081,229.2,25
1719462629638,227.45,25
1719462629638,227.45,25
1719462629638,227.45,25
1719462629638,227.45,25
1719462629638,227.45,25
1719462633811,226.6,25
1719462633811,226.6,25
1719462633811,226.6,25
1719462633811,226.6,25
1719462633811,226.6,25
1719462633811,226.6,25
1719462633811,226.6,25
1719462633811,226.6,25
1719462647051,226.6,100
1719462647051,226.6,100
1719462649401,226.5,25
1719462649401,226.5,25
1719462650345,227.55,50
1719462650345,227.55,50
1719462652104,226.8,125
1719462653563,227.3,150
1719462653563,227.3,150
1719462653563,227.3,150
1719462657923,225.9,100
1719462658230,225.0,25
1719462658230,225.0,25
1719462658985,226.05,75
1719462660258,224.0,25
1719462660258,224.0,25
1719462660258,224.0,25
1719462660258,224.0,25
1719462662221,222.95,50
1719462663566,223.6,50
1719462663566,223.6,50
1719462704936,220.05,150
1719462704936,220.05,150
1719462704936,220.05,150
1719462707209,220.0,25
1719462707209,220.0,25
1719462709044,219.65,100
1719462709590,220.4,25
1719462709590,220.4,25
1719462710584,220.8,50
1719462711598,219.9,125
1719462711598,219.9,125
1719462711598,219.9,125
1719462714258,218.0,25
1719462714258,218.0,25
1719462714258,218.0,25
1719462714258,218.0,25
1719462719782,217.95,50
1719462719782,217.95,50
1719462719782,217.95,50
1719462721023,216.3,50
1719462721859,215.0,25
1719462721859,215.0,25
1719462722260,214.25,125
1719462722260,214.25,125
1719462724724,214.8,25
1719462725420,214.5,25
1719462725420,214.5,25
1719462725420,214.5,25
1719462725420,214.5,25
1719462730709,215.9,100
1719462731543,215.75,25
1719462731543,215.75,25
1719462732461,215.85,25
1719462732461,215.85,25
1719462734125,216.3,25
1719462734125,216.3,25
1719462735928,216.5,150
1719462736790,217.35,100
1719462736790,217.35,100
1719462736790,217.35,100
1719462739741,217.2,75
1719462739741,217.2,75
1719462739741,217.2,75
1719462742246,217.55,25
1719462743707,216.7,50
1719462743707,216.7,50
1719462744221,217.15,25
1719462744769,216.6,25
1719462744769,216.6,25
1719462744769,216.6,25
1719462749440,215.85,25
1719462749440,215.85,25
1719462750842,216.3,50
1719462751268,217.0,25
1719462751268,217.0,25
1719462751268,217.0,25
1719462754459,216.35,125
1719462754459,216.35,125
1719462756739,216.15,125
1719462756972,215.05,25
1719462756972,215.05,25
1719462758594,215.6,25
1719462758594,215.6,25
1719462759772,214.75,25
1719462759772,214.75,25
1719462760564,215.7,125
1719462760564,215.7,125
1719462762530,215.05,25
1719462762530,215.05,25
1719462764906,215.35,25
1719462764906,215.35,25
1719462767179,215.05,25
1719462767379,215.6,25
1719462767379,215.6,25
1719462769087,214.6,25
1719462769087,214.6,25
1719462771878,212.4,25
1719462771878,212.4,25
1719462771878,212.4,25
1719462771878,212.4,25
1719462775900,211.4,25
1719462776442,210.5,25
1719462777119,211.7,150
1719462777119,211.7,150
1719462779005,212.3,25
1719462779005,212.3,25
1719462779005,212.3,25
1719462781094,211.4,25
1719462781669,210.0,50
1719462781669,210.0,50
1719462781669,210.0,50
1719462785063,209.65,25
1719462785182,208.95,25
1719462785182,208.95,25
1719462785715,209.55,25
1719462785715,209.55,25
1719462788724,209.35,250
1719462788724,209.35,250
1719462789930,208.35,150
1719462790189,208.55,25
1719462790710,208.15,375
1719462791249,207.55,25
1719462791249,207.55,25
1719462792755,208.0,50
1719462792783,208.0,50
1719462792783,208.0,50
1719462792783,208.0,50
1719462792783,208.0,50
1719462799812,209.3,50
1719462799812,209.3,50
1719462802117,208.8,25
1719462802117,208.8,25
1719462803319,208.2,100
1719462803319,208.2,100
1719462804741,209.3,150
1719462805297,208.85,25
1719462805297,208.85,25
1719462805951,209.55,25
1719462805951,209.55,25
1719462807836,210.4,25
1719462808366,211.25,75
1719462808366,211.25,75
1719462808366,211.25,75
1719462808366,211.25,75
1719462812084,212.55,50
1719462812286,212.0,25
1719462813350,211.35,25
1719462813854,210.55,50
1719462814285,210.4,25
1719462814285,210.4,25
1719462814285,210.4,25
1719462814285,210.4,25
1719462820112,213.15,25
1719462820367,213.05,25
1719462820367,213.05,25
1719462821800,213.5,100
1719462822257,213.75,25
1719462822257,213.75,25
1719462822947,213.4,25
1719462823922,213.05,25
1719462824178,212.9,25
1719462824178,212.9,25
1719462824178,212.9,25
1719462828940,213.9,25
1719462829713,213.7,25
1719462830466,213.0,200
1719462832299,212.9,25
1719462832299,212.9,25
1719462832299,212.9,25
1719462835933,212.25,25
1719462835933,212.25,25
1719462835933,212.25,25
1719462835933,212.25,25
1719462835933,212.25,25
1719462835933,212.25,25
1719462835933,212.25,25
1719462835933,212.25,25
1719462846226,213.25,25
1719462846226,213.25,25
1719462846226,213.25,25
1719462850507,214.25,150
1719462851531,213.7,25
1719462851531,213.7,25
1719462851531,213.7,25
1719462851531,213.7,25
1719462856613,214.2,125
1719462856613,214.2,125
1719462856613,214.2,125
1719462856613,214.2,125
1719462861272,214.25,25
1719462861770,213.45,25
1719462861770,213.45,25
1719462862751,213.5,150
1719462862751,213.5,150
1719462862751,213.5,150
1719462862751,213.5,150
1719462862751,213.5,150
1719463129329,212.2,125
1719463138189,212.15,25
1719463138587,211.7,50
1719463138587,211.7,50
1719463317661,209.0,25
1719463317661,209.0,25
1719463317661,209.0,25
1719463317661,209.0,25
1719463325961,208.7,25
1719463325961,208.7,25
1719463329391,209.0,100
1719463330310,209.05,50
1719463330310,209.05,50
1719463330310,209.05,50
1719463330310,209.05,50
1719463330310,209.05,50
1719463337174,209.5,25
1719463337393,209.0,100
1719463337393,209.0,100
1719463339981,209.55,25
1719463340865,209.5,25
1719463340892,209.55,25
1719463340892,209.55,25
1719463340892,209.55,25
1719463340892,209.55,25
1719463340892,209.55,25
1719463346767,210.0,125
1719463346767,210.0,125
1719463349138,210.6,25
1719463349138,210.6,25
1719463349138,210.6,25
1719463351120,209.7,25
1719463351120,209.7,25
1719463353911,209.35,25
1719463353911,209.35,25
1719463353911,209.35,25
1719463357035,206.6,75
1719463357035,206.6,75
1719463357035,206.6,75
1719463357035,206.6,75
1719463362647,207.85,150
1719463362647,207.85,150
1719463362647,207.85,150
1719463362647,207.85,150
1719463366815,208.45,25
1719463366815,208.45,25
1719463366815,208.45,25
1719463366815,208.45,25
1719463366815,208.45,25
1719463366815,208.45,25
1719463375526,207.4,25
1719463375526,207.4,25
1719463375526,207.4,25
1719463375526,207.4,25
1719463375526,207.4,25
1719463381101,210.25,50
1719463381101,210.25,50
1719463381101,210.25,50
1719463382890,210.9,25
1719463382890,210.9,25
1719463382985,210.3,25
1719463384297,209.7,125
1719463384297,209.7,125
1719463385358,208.85,125
1719463386136,209.25,100
1719463386136,209.25,100
1719463387639,208.55,75
1719463387975,208.3,150
1719463387975,208.3,150
1719463387975,208.3,150
1719463387975,208.3,150
1719463387975,208.3,150
1719463396087,210.35,25
1719463396087,210.35,25
1719463396087,210.35,25
1719463396087,210.35,25
1719463400188,210.2,25
1719463400188,210.2,25
1719463400188,210.2,25
1719463403153,210.9,50
1719463403153,210.9,50
1719463403153,210.9,50
1719463406773,211.9,150
1719463407117,212.4,25
1719463407117,212.4,25
1719463407117,212.4,25
1719463410523,214.1,50
1719463410523,214.1,50
1719463410523,214.1,50
1719463410523,214.1,50
1719463410523,214.1,50
1719463415068,213.0,50
1719463415068,213.0,50
1719463415068,213.0,50
1719463418058,213.75,25
1719463418223,212.9,25
1719463418223,212.9,25
1719463418223,212.9,25
1719463422080,213.05,25
1719463422080,213.05,25
1719463423094,213.85,50
1719463423519,214.1,25
1719463423519,214.1,25
1719463425058,213.6,75
1719463425058,213.6,75
1719463425058,213.6,75
1719463428221,215.0,25
1719463428758,216.95,175
1719463428758,216.95,175
1719463430321,216.25,25
1719463430321,216.25,25
1719463431693,215.85,25
1719463432746,218.2,125
1719463432746,218.2,125
1719463432746,218.2,125
1719463432746,218.2,125
1719463436633,217.0,100
1719463436633,217.0,100
1719463438965,216.75,25
1719463438965,216.75,25
1719463438965,216.75,25
1719463438965,216.75,25
1719463442125,216.6,25
1719463442456,215.55,150
1719463444343,215.3,25
1719463444343,215.3,25
1719463444907,215.9,100
1719463444907,215.9,100
1719463447150,216.0,25
1719463447150,216.0,25
1719463447150,216.0,25
1719463449916,215.3,50
1719463450660,215.55,25
1719463450660,215.55,25
1719463452490,215.85,100
1719463452490,215.85,100
1719463453946,215.9,25
1719463454387,215.75,100
1719463454905,215.35,100
1719463455418,215.0,25
1719463455418,215.0,25
1719463455418,215.0,25
1719463458385,214.8,175
1719463458890,214.5,125
1719463459304,215.0,25
1719463459304,215.0,25
1719463460557,214.8,50
1719463460864,215.95,25
1719463460864,215.95,25
1719463460864,215.95,25
1719463460864,215.95,25
1719463465303,215.0,25
1719463465303,215.0,25
1719463465303,215.0,25
1719463465303,215.0,25
1719463470253,213.5,25
1719463470253,213.5,25
1719463470253,213.5,25
1719463470253,213.5,25
1719463470253,213.5,25
1719463470253,213.5,25
1719463470253,213.5,25
1719463470253,213.5,25
1719463470253,213.5,25
1719463470253,213.5,25
1719463483285,216.0,150
1719463483804,215.7,25
1719463483804,215.7,25
1719463483804,215.7,25
1719463483804,215.7,25
1719463489102,215.65,250
1719463489102,215.65,250
1719463489102,215.65,250
1719463491450,216.0,50
1719463491450,216.0,50
1719463491450,216.0,50
1719463491450,216.0,50
1719463491450,216.0,50
1719463498998,216.0,100
1719463498998,216.0,100
1719463498998,216.0,100
1719463501140,215.05,25
1719463501140,215.05,25
1719463502171,215.8,25
1719463502171,215.8,25
1719463502171,215.8,25
1719463505529,215.45,25
1719463505688,216.0,100
1719463505688,216.0,100
1719463505688,216.0,100
1719463509507,215.45,25
1719463509507,215.45,25
1719463509507,215.45,25
1719463509507,215.45,25
1719463513864,216.6,25
1719463513864,216.6,25
1719463515245,216.85,125
1719463515955,217.0,175
1719463516051,217.35,275
1719463516051,217.35,275
1719463516051,217.35,275
1719463518382,217.0,100
1719463518382,217.0,100
1719463518382,217.0,100
1719463518382,217.0,100
1719463524668,214.45,50
1719463525479,214.05,25
1719463525980,214.05,25
1719463525980,214.05,25
1719463525980,214.05,25
1719463525980,214.05,25
1719463525980,214.05,25
1719463525980,214.05,25
1719463532173,212.05,100
1719463532173,212.05,100
1719463532173,212.05,100
1719463532173,212.05,100
1719463537006,212.0,300
1719463537006,212.0,300
1719463537006,212.0,300
1719463540981,212.0,25
1719463540981,212.0,25
1719463541719,212.6,50
1719463541719,212.6,50
1719463541719,212.6,50
1719463544980,212.05,25
1719463544980,212.05,25
1719463544980,212.05,25
1719463549549,210.95,25
1719463549549,210.95,25
1719463549549,210.95,25
1719463549549,210.95,25
1719463553704,211.6,300
1719463553704,211.6,300
1719463553704,211.6,300
1719463556934,212.55,150
1719463556934,212.55,150
1719463558570,212.15,25
1719463558570,212.15,25
1719463558570,212.15,25
1719463558570,212.15,25
1719463558570,212.15,25
1719463558570,212.15,25
1719463565017,213.85,50
1719463566217,213.6,50
1719463566217,213.6,50
1719463566217,213.6,50
1719463571399,213.7,50
1719463572334,213.8,25
1719463572334,213.8,25
1719463574201,214.85,50
1719463574201,214.85,50
1719463574201,214.85,50
1719463574201,214.85,50
1719463578125,214.85,25
1719463578125,214.85,25
1719463579900,215.25,25
1719463579900,215.25,25
1719463579900,215.25,25
1719463584262,215.55,125
1719463584262,215.55,125
1719463584262,215.55,125
1719463586468,215.8,50
1719463586468,215.8,50
1719463588095,215.55,100
1719463588095,215.55,100
1719463588095,215.55,100
1719463588095,215.55,100
1719463591627,215.15,50
1719463591627,215.15,50
1719463591627,215.15,50
1719463591627,215.15,50
1719463597568,215.9,25
1719463597568,215.9,25
1719463599517,215.95,25
1719463599517,215.95,25
1719463599517,215.95,25
1719463602917,214.7,50
1719463604125,214.2,100
1719463604125,214.2,100
1719463604125,214.2,100
1719463604125,214.2,100
1719463604125,214.2,100
1719463604125,214.2,100
1719463604125,214.2,100
1719463614364,215.35,50
1719463614364,215.35,50
1719463614364,215.35,50
1719463614364,215.35,50
1719463619414,215.0,50
1719463619414,215.0,50
1719463619414,215.0,50
1719463619414,215.0,50
1719463622246,216.65,50
1719463622246,216.65,50
1719463622246,216.65,50
1719463624932,216.25,25
1719463624932,216.25,25
1719463624932,216.25,25
1719463624932,216.25,25
1719463624932,216.25,25
1719463624932,216.25,25
1719463624932,216.25,25
1719463634949,215.35,25
1719463634949,215.35,25
1719463634949,215.35,25
1719463634949,215.35,25
1719463640034,214.35,25
1719463640034,214.35,25
1719463642156,213.85,125
1719463642934,214.15,150
1719463642934,214.15,150
1719463643314,214.15,75
1719463643314,214.15,75
1719463643314,214.15,75
1719463643314,214.15,75
1719463643314,214.15,75
1719463650846,215.75,50
1719463650846,215.75,50
1719463650846,215.75,50
1719463650846,215.75,50
1719463650846,215.75,50
1719463650846,215.75,50
1719463650846,215.75,50
1719463650846,215.75,50
1719463663112,216.65,300
1719463663742,215.75,25
1719463663742,215.75,25
1719463665909,217.0,25
1719463665909,217.0,25
1719463665909,217.0,25
1719463665909,217.0,25
1719463665909,217.0,25
1719463665909,217.0,25
1719463674870,215.35,50
1719463674870,215.35,50
1719463674870,215.35,50
1719463674870,215.35,50
1719463674870,215.35,50
1719463674870,215.35,50
1719463674870,215.35,50
1719463674870,215.35,50
1719463674870,215.35,50
1719463674870,215.35,50
1719463674870,215.35,50
1719463674870,215.35,50
1719463674870,215.35,50
1719463674870,215.35,50
1719463695601,216.9,50
1719463696004,217.2,200
1719463696004,217.2,200
1719463696004,217.2,200
1719463696004,217.2,200
1719463696004,217.2,200
1719463696004,217.2,200
1719463703630,215.3,50
1719463703630,215.3,50
1719463703630,215.3,50
1719463703630,215.3,50
1719463703630,215.3,50
1719463703630,215.3,50
1719463703630,215.3,50
1719463712220,213.45,25
1719463713218,214.1,25
1719463713218,214.1,25
1719463713218,214.1,25
1719463716280,214.45,25
1719463716280,214.45,25
1719463716280,214.45,25
1719463716280,214.45,25
1719463716280,214.45,25
1719463716280,214.45,25
1719463716280,214.45,25
1719463716280,214.45,25
1719463727342,214.0,50
1719463727342,214.0,50
1719463728738,214.45,150
1719463728738,214.45,150
1719463728738,214.45,150
1719463728738,214.45,150
1719463728738,214.45,150
1719463735794,214.0,50
1719463735794,214.0,50
1719463735794,214.0,50
1719463735794,214.0,50
1719463735794,214.0,50
1719463735794,214.0,50
1719463735794,214.0,50
1719463735794,214.0,50
1719463746135,213.55,25
1719463746135,213.55,25
1719463746135,213.55,25
1719463746135,213.55,25
1719463746135,213.55,25
1719463746135,213.55,25
1719463753459,213.25,50
1719463753459,213.25,50
1719463753459,213.25,50
1719463753459,213.25,50
1719463753459,213.25,50
1719463760219,210.9,175
1719463760219,210.9,175
1719463760219,210.9,175
1719463763916,210.55,25
1719463764892,211.3,150
1719463766355,212.05,50
1719463766355,212.05,50
1719463766355,212.05,50
1719463766355,212.05,50
1719463766355,212.05,50
1719463766355,212.05,50
1719463766355,212.05,50
1719463766355,212.05,50
1719463766355,212.05,50
1719463777069,209.3,75
1719463777069,209.3,75
1719463777069,209.3,75
1719463777069,209.3,75
1719463777069,209.3,75
1719463783733,210.65,25
1719463783733,210.65,25
1719463783733,210.65,25
1719463783733,210.65,25
1719463783733,210.65,25
1719463783733,210.65,25
1719463783733,210.65,25
1719463793620,210.1,75
1719463793620,210.1,75
1719463795866,210.05,100
1719463795866,210.05,100
1719463795866,210.05,100
1719463795866,210.05,100
1719463795866,210.05,100
1719463795866,210.05,100
1719463795866,210.05,100
1719463795866,210.05,100
1719463795866,210.05,100
1719463795866,210.05,100
1719463809492,211.0,25
1719463809492,211.0,25
1719463809492,211.0,25
1719463813154,209.3,200
1719463814329,208.15,25
1719463814329,208.15,25
1719463814329,208.15,25
1719463817615,209.35,25
1719463817615,209.35,25
1719463817615,209.35,25
1719463817615,209.35,25
1719463817615,209.35,25
1719463817615,209.35,25
1719463817615,209.35,25
1719463827436,210.05,50
1719463827436,210.05,50
1719463827436,210.05,50
1719463830485,212.05,25
1719463830485,212.05,25
1719463830485,212.05,25
1719463832949,210.3,25
1719463832949,210.3,25
1719463833858,210.5,25
1719463833858,210.5,25
1719463833858,210.5,25
1719463837279,211.5,25
1719463837279,211.5,25
1719463839692,212.4,50
1719463839692,212.4,50
1719463839692,212.4,50
1719463839692,212.4,50
1719463843538,214.2,75
1719463843606,213.75,175
1719463843606,213.75,175
1719463843606,213.75,175
1719463843606,213.75,175
1719463849085,213.8,100
1719463849085,213.8,100
1719463849085,213.8,100
1719463849085,213.8,100
1719463854670,214.9,100
1719463854670,214.9,100
1719463854670,214.9,100
1719463854670,214.9,100
1719463859006,212.25,225
1719463859006,212.25,225
1719463859006,212.25,225
1719463859006,212.25,225
1719463859006,212.25,225
1719463859006,212.25,225
1719463866433,212.95,175
1719463868393,212.95,50
1719463868393,212.95,50
1719463868393,212.95,50
1719463870156,212.4,25
1719463870547,212.1,25
1719463870547,212.1,25
1719463870547,212.1,25
1719463873886,212.05,25
1719463873886,212.05,25
1719463873886,212.05,25
1719463877092,212.6,125
1719463877092,212.6,125
1719463878707,211.95,125
1719463878707,211.95,125
1719463880557,211.65,50
1719463880557,211.65,50
1719463880557,211.65,50
1719463884798,211.2,25
1719463884798,211.2,25
1719463884798,211.2,25
1719463884798,211.2,25
1719463884798,211.2,25
1719463884798,211.2,25
1719463884798,211.2,25
1719463884798,211.2,25
1719463896368,211.2,25
1719463896368,211.2,25
1719463896368,211.2,25
1719463896368,211.2,25
1719463896368,211.2,25
1719463896368,211.2,25
1719463896368,211.2,25
1719463896368,211.2,25
1719463907884,210.0,50
1719463907884,210.0,50
1719463907884,210.0,50
1719463907884,210.0,50
1719463907884,210.0,50
1719463907884,210.0,50
1719463915377,209.7,175
1719463915377,209.7,175
1719463915377,209.7,175
1719463915377,209.7,175
1719463915377,209.7,175
1719463921398,211.05,150
1719463921398,211.05,150
1719463921398,211.05,150
1719463921398,211.05,150
1719463921398,211.05,150
1719463927363,210.95,25
1719463927363,210.95,25
1719463927363,210.95,25
1719463927363,210.95,25
1719463927363,210.95,25
1719463927363,210.95,25
1719463935468,207.6,50
1719463936092,207.8,25
1719463936092,207.8,25
1719463936092,207.8,25
1719463936092,207.8,25
1719463936092,207.8,25
1719463943140,209.95,75
1719463943140,209.95,75
1719463943140,209.95,75
1719463943140,209.95,75
1719463943140,209.95,75
1719463943140,209.95,75
1719463943140,209.95,75
1719463943140,209.95,75
1719463943140,209.95,75
1719463943140,209.95,75
1719463943140,209.95,75
1719463943140,209.95,75
1719463943140,209.95,75
1719463943140,209.95,75
1719463943140,209.95,75
1719463943140,209.95,75
1719463943140,209.95,75
1719463943140,209.95,75
1719463943140,209.95,75
1719463943140,209.95,75
1719463943140,209.95,75
1719463943140,209.95,75
1719463943140,209.95,75
1719463943140,209.95,75
1719463943140,209.95,75
1719463943140,209.95,75
1719463943140,209.95,75
1719463983924,211.35,25
1719463983924,211.35,25
1719463983924,211.35,25
1719463983924,211.35,25
1719463983924,211.35,25
1719463983924,211.35,25
1719463983924,211.35,25
1719463983924,211.35,25
1719463983924,211.35,25
1719463997972,212.7,25
1719463997972,212.7,25
1719463997972,212.7,25
1719464000700,213.8,25
1719464001150,213.35,50
1719464001150,213.35,50
1719464001150,213.35,50
1719464001150,213.35,50
1719464001150,213.35,50
1719464001150,213.35,50
1719464001150,213.35,50
1719464001150,213.35,50
1719464001150,213.35,50
1719464001150,213.35,50
1719464001150,213.35,50
1719464001150,213.35,50
1719464018055,212.4,250
1719464018055,212.4,250
1719464018055,212.4,250
1719464021615,211.75,25
1719464021615,211.75,25
1719464023332,211.35,25
1719464023332,211.35,25
1719464023332,211.35,25
1719464023332,211.35,25
1719464023332,211.35,25
1719464023332,211.35,25
1719464023332,211.35,25
1719464023332,211.35,25
1719464023332,211.35,25
1719464023332,211.35,25
1719464037648,213.9,25
1719464037648,213.9,25
1719464039287,214.85,25
1719464039287,214.85,25
1719464039287,214.85,25
1719464039287,214.85,25
1719464039287,214.85,25
1719464044706,215.4,225
1719464044706,215.4,225
1719464046390,214.9,25
1719464046390,214.9,25
1719464048273,215.35,25
1719464048273,215.35,25
1719464048273,215.35,25
1719464051654,215.35,75
1719464051654,215.35,75
1719464051654,215.35,75
1719464053687,215.65,50
1719464054177,214.6,75
1719464054177,214.6,75
1719464055366,214.1,50
1719464055366,214.1,50
1719464057548,213.45,25
1719464058537,213.9,25
1719464058537,213.9,25
1719464058537,213.9,25
1719464058537,213.9,25
1719464058537,213.9,25
1719464058537,213.9,25
1719464068092,215.0,25
1719464068092,215.0,25
1719464068092,215.0,25
1719464068092,215.0,25
1719464068092,215.0,25
1719464068092,215.0,25
1719464068092,215.0,25
1719464076333,216.2,50
1719464076333,216.2,50
1719464076333,216.2,50
1719464076333,216.2,50
1719464076333,216.2,50
1719464076333,216.2,50
1719464084451,216.8,75
1719464085088,216.85,25
1719464085458,217.25,100
1719464085458,217.25,100
1719464085458,217.25,100
1719464085458,217.25,100
1719464085458,217.25,100
1719464093570,214.5,50
1719464093570,214.5,50
1719464094274,214.0,25
1719464094274,214.0,25
1719464094274,214.0,25
1719464098469,214.65,25
1719464098469,214.65,25
1719464100103,215.3,25
1719464100635,214.9,75
1719464100635,214.9,75
1719464100635,214.9,75
1719464100635,214.9,75
1719464100635,214.9,75
1719464105399,214.5,75
1719464106033,214.45,25
1719464106928,214.7,25
1719464107948,214.85,25
1719464107948,214.85,25
1719464108887,214.5,25
1719464108887,214.5,25
1719464108887,214.5,25
1719464108887,214.5,25
1719464108887,214.5,25
1719464108887,214.5,25
1719464117973,215.3,25
1719464117973,215.3,25
1719464119015,214.0,25
1719464119015,214.0,25
1719464121968,213.8,25
1719464121968,213.8,25
1719464124422,214.9,25
1719464124422,214.9,25
1719464124422,214.9,25
1719464124422,214.9,25
1719464124422,214.9,25
1719464130484,214.2,25
1719464130484,214.2,25
1719464130484,214.2,25
1719464130484,214.2,25
1719464135275,216.15,25
1719464135275,216.15,25
1719464135275,216.15,25
1719464140075,217.4,25
1719464140075,217.4,25
1719464140075,217.4,25
1719464142451,216.65,25
1719464142451,216.65,25
1719464142451,216.65,25
1719464142451,216.65,25
1719464148000,214.75,25
1719464148000,214.75,25
1719464150167,215.0,25
1719464150167,215.0,25
1719464150167,215.0,25
1719464150167,215.0,25
1719464154917,215.05,25
1719464155139,215.3,150
1719464155139,215.3,150
1719464155139,215.3,150
1719464155139,215.3,150
1719464155139,215.3,150
1719464155139,215.3,150
1719464155139,215.3,150
1719464155139,215.3,150
1719464155139,215.3,150
1719464155139,215.3,150
1719464168355,215.45,25
1719464168355,215.45,25
1719464170341,214.9,100
1719464170341,214.9,100
1719464170341,214.9,100
1719464173741,214.7,50
1719464174859,215.15,25
1719464174859,215.15,25
1719464175859,214.9,25
1719464175859,214.9,25
1719464177077,215.9,175
1719464177077,215.9,175
1719464177077,215.9,175
1719464177077,215.9,175
1719464177077,215.9,175
1719464177077,215.9,175
1719464177077,215.9,175
1719464177077,215.9,175
1719464188731,215.6,25
1719464188731,215.6,25
1719464188731,215.6,25
1719464188731,215.6,25
1719464188731,215.6,25
1719464188731,215.6,25
1719464188731,215.6,25
1719464188731,215.6,25
1719464188731,215.6,25
1719464188731,215.6,25
1719464188731,215.6,25
1719464188731,215.6,25
1719464205712,215.6,150
1719464205712,215.6,150
1719464207380,215.2,25
1719464207380,215.2,25
1719464207380,215.2,25
1719464211541,214.7,25
1719464211541,214.7,25
1719464211541,214.7,25
1719464211541,214.7,25
1719464216532,215.0,225
1719464216609,214.7,150
1719464216609,214.7,150
1719464216609,214.7,150
1719464218965,213.05,25
1719464219084,212.55,225
1719464219084,212.55,225
1719464219084,212.55,225
1719464219084,212.55,225
1719464219084,212.55,225
1719464219084,212.55,225
1719464226050,211.45,150
1719464226050,211.45,150
1719464226050,211.45,150
1719464229476,210.15,75
1719464229476,210.15,75
1719464229476,210.15,75
1719464229476,210.15,75
1719464234989,210.4,25
1719464234989,210.4,25
1719464236203,210.45,50
1719464236203,210.45,50
1719464236203,210.45,50
1719464236203,210.45,50
1719464236203,210.45,50
1719464236203,210.45,50
1719464236203,210.45,50
1719464246715,209.0,25
1719464246934,207.95,25
1719464246934,207.95,25
1719464248230,206.9,175
1719464248230,206.9,175
1719464249805,205.95,50
1719464250079,206.2,100
1719464250079,206.2,100
1719464250079,206.2,100
1719464251407,205.25,150
1719464251728,205.7,50
1719464252060,206.2,150
1719464253182,204.85,100
1719464253401,204.75,100
1719464254282,203.8,75
1719464254282,203.8,75
1719464254282,203.8,75
1719464256950,205.8,100
1719464256950,205.8,100
1719464258624,203.95,150
1719464259306,204.45,75
1719464259538,204.1,25
1719464259538,204.1,25
1719464260514,205.6,175
1719464260514,205.6,175
1719464262920,205.35,150
1719464262920,205.35,150
1719464262920,205.35,150
1719464266476,204.75,50
1719464266845,205.3,100
1719464266845,205.3,100
1719464266845,205.3,100
1719464269758,203.65,25
1719464269758,203.65,25
1719464269758,203.65,25
1719464269758,203.65,25
1719464269758,203.65,25
1719464269758,203.65,25
1719464277187,204.75,50
1719464277187,204.75,50
1719464280494,206.4,25
1719464280494,206.4,25
1719464280494,206.4,25
1719464281259,206.0,25
1719464281259,206.0,25
1719464281259,206.0,25
1719464281259,206.0,25
1719464281259,206.0,25
1719464281259,206.0,25
1719464281259,206.0,25
1719464290880,205.75,200
1719464292161,203.0,250
1719464293368,203.0,25
1719464293368,203.0,25
1719464294966,203.5,100
1719464294966,203.5,100
1719464294966,203.5,100
1719464298834,203.45,25
1719464298834,203.45,25
1719464299134,202.8,100
1719464299562,202.5,25
1719464299562,202.5,25
1719464299562,202.5,25
1719464302985,203.6,25
1719464302985,203.6,25
1719464304397,203.5,125
1719464304397,203.5,125
1719464305915,203.85,25
1719464306721,205.0,250
1719464307199,204.25,75
1719464307199,204.25,75
1719464307199,204.25,75
1719464310320,202.65,75
1719464310320,202.65,75
1719464310320,202.65,75
1719464311659,202.4,25
1719464311659,202.4,25
1719464313037,202.6,25
1719464313037,202.6,25
1719464314318,201.0,25
1719464314318,201.0,25
1719464315981,201.7,150
1719464315981,201.7,150
1719464315981,201.7,150
1719464315981,201.7,150
1719464315981,201.7,150
1719464323752,200.55,25
1719464323752,200.55,25
1719464325674,202.4,50
1719464326070,201.75,25
1719464326070,201.75,25
1719464326070,201.75,25
1719464326070,201.75,25
1719464326070,201.75,25
1719464333702,202.7,50
1719464333702,202.7,50
1719464333702,202.7,50
1719464335943,203.05,25
1719464335943,203.05,25
1719464337778,203.05,25
1719464338399,202.9,25
1719464338399,202.9,25
1719464340587,202.9,50
1719464340587,202.9,50
1719464340847,203.2,100
1719464341026,203.15,25
1719464341026,203.15,25
1719464343026,204.05,25
1719464343026,204.05,25
1719464345031,203.45,50
1719464345031,203.45,50
1719464345031,203.45,50
1719464345031,203.45,50
1719464345031,203.45,50
1719464352319,203.55,50
1719464352319,203.55,50
1719464353568,203.5,100
1719464353568,203.5,100
1719464355060,203.55,75
1719464355060,203.55,75
1719464355060,203.55,75
1719464355060,203.55,75
1719464360335,202.95,75
1719464360335,202.95,75
1719464360806,202.9,25
1719464362268,202.8,25
1719464362268,202.8,25
1719464362268,202.8,25
1719464362268,202.8,25
1719464362268,202.8,25
1719464362268,202.8,25
1719464362268,202.8,25
1719464362268,202.8,25
1719464362268,202.8,25
1719464372607,203.3,50
1719464373195,203.0,100
1719464373195,203.0,100
1719464373195,203.0,100
1719464373195,203.0,100
1719464373195,203.0,100
1719464380094,204.1,25
1719464380094,204.1,25
1719464380094,204.1,25
1719464382677,203.4,100
1719464382677,203.4,100
1719464382677,203.4,100
1719464382677,203.4,100
1719464387715,204.7,50
1719464387715,204.7,50
1719464387715,204.7,50
1719464387715,204.7,50
1719464392609,204.3,25
1719464392609,204.3,25
1719464394184,203.4,25
1719464394593,203.4,25
1719464394593,203.4,25
1719464394593,203.4,25
1719464394593,203.4,25
1719464394593,203.4,25
1719464400810,203.85,25
1719464401966,204.7,100
1719464401966,204.7,100
1719464401966,204.7,100
1719464405132,203.9,125
1719464405375,203.55,25
1719464405375,203.55,25
1719464405375,203.55,25
1719464405375,203.55,25
1719464410028,203.1,125
1719464410028,203.1,125
1719464410028,203.1,125
1719464410028,203.1,125
1719464414420,204.2,25
1719464414931,204.05,25
1719464414931,204.05,25
1719464414931,204.05,25
1719464414931,204.05,25
1719464414931,204.05,25
1719464421583,204.1,25
1719464421583,204.1,25
1719464423916,204.3,25
1719464424117,204.3,25
1719464424137,204.05,25
1719464424995,204.3,25
1719464424995,204.3,25
1719464426881,203.5,25
1719464426881,203.5,25
1719464426881,203.5,25
1719464426881,203.5,25
1719464426881,203.5,25
1719464426881,203.5,25
1719464432368,203.0,50
1719464433295,203.4,25
1719464433295,203.4,25
1719464433295,203.4,25
1719464433295,203.4,25
1719464438048,201.85,250
1719464438048,201.85,250
1719464438048,201.85,250
1719464438048,201.85,250
1719464438048,201.85,250
1719464445568,202.85,50
1719464445568,202.85,50
1719464447363,203.4,50
1719464448030,203.55,25
1719464448030,203.55,25
1719464448030,203.55,25
1719464448030,203.55,25
1719464453545,203.0,150
1719464453593,203.85,25
1719464453593,203.85,25
1719464453593,203.85,25
1719464453593,203.85,25
1719464453593,203.85,25
1719464460626,204.1,25
1719464460626,204.1,25
1719464460626,204.1,25
1719464462826,205.0,50
1719464463110,204.6,175
1719464463110,204.6,175
1719464464159,205.4,25
1719464464984,205.15,25
1719464464984,205.15,25
1719464464984,205.15,25
1719464468524,205.05,25
1719464468524,205.05,25
1719464468524,205.05,25
1719464468524,205.05,25
1719464474037,203.0,25
1719464474037,203.0,25
1719464474037,203.0,25
1719464478957,203.95,100
1719464478957,203.95,100
1719464482211,204.9,75
1719464482211,204.9,75
1719464482211,204.9,75
1719464482211,204.9,75
1719464482211,204.9,75
1719464490717,204.5,225
1719464490717,204.5,225
1719464490717,204.5,225
1719464490717,204.5,225
1719464490717,204.5,225
1719464490717,204.5,225
1719464490717,204.5,225
1719464499479,204.05,250
1719464499803,203.5,300
1719464499803,203.5,300
1719464499803,203.5,300
1719464502848,204.1,25
1719464502848,204.1,25
1719464502848,204.1,25
1719464502848,204.1,25
1719464502848,204.1,25
1719464502848,204.1,25
1719464502848,204.1,25
1719464502848,204.1,25
1719464502848,204.1,25
1719464516128,204.5,50
1719464516498,204.85,250
1719464516498,204.85,250
1719464516498,204.85,250
1719464516498,204.85,250
1719464516498,204.85,250
1719464522751,206.4,25
1719464523539,206.25,50
1719464524267,207.05,75
1719464524267,207.05,75
1719464524267,207.05,75
1719464524267,207.05,75
1719464527999,205.25,125
1719464527999,205.25,125
1719464527999,205.25,125
1719464527999,205.25,125
1719464527999,205.25,125
1719464527999,205.25,125
1719464537493,206.55,25
1719464537493,206.55,25
1719464537493,206.55,25
1719464537493,206.55,25
1719464537493,206.55,25
1719464537493,206.55,25
1719464545484,207.65,200
1719464545484,207.65,200
1719464545484,207.65,200
1719464545484,207.65,200
1719464550544,208.0,225
1719464550544,208.0,225
1719464550544,208.0,225
1719464550544,208.0,225
1719464550544,208.0,225
1719464556403,207.25,100
1719464556403,207.25,100
1719464556403,207.25,100
1719464556403,207.25,100
1719464556403,207.25,100
1719464556403,207.25,100
1719464565198,209.4,50
1719464565198,209.4,50
1719464565198,209.4,50
1719464567973,208.6,25
1719464567973,208.6,25
1719464567973,208.6,25
1719464567973,208.6,25
1719464567973,208.6,25
1719464574497,208.5,25
1719464574497,208.5,25
1719464576083,208.9,150
1719464576083,208.9,150
1719464577845,208.6,25
1719464577845,208.6,25
1719464577845,208.6,25
1719464577845,208.6,25
1719464577845,208.6,25
1719464577845,208.6,25
1719464577845,208.6,25
1719464588457,208.9,25
1719464588847,209.95,25
1719464588847,209.95,25
1719464590773,210.75,150
1719464590773,210.75,150
1719464590773,210.75,150
1719464592971,212.25,75
1719464594278,212.45,75
1719464594278,212.45,75
1719464594278,212.45,75
1719464597658,212.3,25
1719464597816,212.3,25
1719464597816,212.3,25
1719464597816,212.3,25
1719464599768,215.1,50
1719464600979,214.7,50
1719464601805,217.6,75
1719464602635,218.6,25
1719464602635,218.6,25
1719464603918,218.15,200
1719464603918,218.15,200
1719464604568,217.5,100
1719464604568,217.5,100
1719464606803,220.45,150
1719464607403,222.25,100
1719464607403,222.25,100
1719464608348,220.1,25
1719464608945,221.45,125
1719464610576,223.85,50
1719464610576,223.85,50
1719464611792,227.9,100
1719464611904,230.0,25
1719464612381,231.6,150
1719464612873,239.55,25
1719464613924,243.1,50
1719464614288,241.95,300
1719464614288,241.95,300
1719464614553,242.65,150
1719464616305,237.0,175
1719464617002,236.0,75
1719464618427,235.95,25
1719464619355,232.45,25
1719464619936,231.0,200
1719464619936,231.0,200
1719464620720,232.0,150
1719464620916,232.0,100
1719464622814,230.6,75
1719464622814,230.6,75
1719464623363,229.35,100
1719464624395,228.65,50
1719464624615,229.45,150
1719464625603,228.2,150
1719464625603,228.2,150
1719464626617,229.3,25
1719464627729,229.6,100
1719464627729,229.6,100
1719464628327,229.45,125
1719464629026,225.7,25
1719464629026,225.7,25
1719464629026,225.7,25
1719464631096,227.55,25
1719464631326,227.05,125
1719464632675,227.95,150
1719464633017,228.1,150
1719464633860,230.0,25
1719464635028,233.1,25
1719464635028,233.1,25
1719464636213,235.05,75
1719464637473,236.55,75
1719464637847,234.35,125
1719464638319,234.2,25
1719464639217,234.35,150
1719464639683,232.3,50
1719464640174,233.4,25
1719464640174,233.4,25
1719464640174,233.4,25
1719464641402,233.65,75
1719464642430,233.4,25
1719464642602,232.7,25
1719464643158,231.65,75
1719464644385,232.0,100
1719464645279,231.15,75
1719464645279,231.15,75
1719464646374,231.65,75
1719464647440,229.05,150
1719464647594,228.7,50
1719464648307,228.1,25
1719464648307,228.1,25
1719464649313,228.8,425
1719464650794,230.8,100
1719464651521,232.15,25
1719464652111,231.95,25
1719464652666,231.35,25
1719464652680,231.15,25
1719464652680,231.15,25
1719464652680,231.15,25
1719464656469,233.0,250
1719464656469,233.0,250
1719464656469,233.0,250
1719464659338,231.5,25
1719464660173,228.2,75
1719464660173,228.2,75
1719464661075,229.6,25
1719464661516,228.9,25
1719464661516,228.9,25
1719464661516,228.9,25
1719464664447,233.0,25
1719464665520,231.8,125
1719464665520,231.8,125
1719464665520,231.8,125
1719464670502,231.0,25
1719464670502,231.0,25
1719464671619,230.0,50
1719464672006,230.3,225
1719464672006,230.3,225
1719464672872,229.15,75
1719464674109,230.55,50
1719464674349,230.7,25
1719464675162,229.9,25
1719464675162,229.9,25
1719464675162,229.9,25
1719464675162,229.9,25
1719464680034,231.25,50
1719464680937,232.35,150
1719464681115,232.85,100
1719464681115,232.85,100
1719464682955,231.45,25
1719464683581,231.85,25
1719464684268,230.0,25
1719464684441,230.9,50
1719464684441,230.9,50
1719464684441,230.9,50
1719464688772,231.15,50
1719464688772,231.15,50
1719464688772,231.15,50
1719464691129,233.0,125
1719464692409,234.15,150
1719464692409,234.15,150
1719464694151,234.85,225
1719464695536,236.85,25
1719464695536,236.85,25
1719464695536,236.85,25
1719464698026,236.3,25
1719464698229,237.0,25
1719464698229,237.0,25
1719464699442,238.6,75
1719464700721,239.5,50
1719464700721,239.5,50
1719464701978,242.0,100
1719464702453,242.25,125
1719464702453,242.25,125
1719464703234,242.3,150
1719464703234,242.3,150
1719464705037,242.2,25
1719464705336,241.75,25
1719464705816,240.6,175
1719464706079,240.6,50
1719464707092,239.85,25
1719464707092,239.85,25
1719464708591,239.65,75
1719464708591,239.65,75
1719464709773,240.1,125
1719464709773,240.1,125
1719464712438,236.75,50
1719464712438,236.75,50
1719464713418,237.3,225
1719464713418,237.3,225
1719464713418,237.3,225
1719464716047,234.5,25
1719464716047,234.5,25
1719464716047,234.5,25
1719464719300,235.1,25
1719464719300,235.1,25
1719464721236,236.8,150
1719464721433,236.6,150
1719464721433,236.6,150
1719464722995,239.0,50
1719464723978,238.85,150
1719464723978,238.85,150
1719464723978,238.85,150
1719464723978,238.85,150
1719464727888,238.75,75
1719464727888,238.75,75
1719464730190,237.1,150
1719464730190,237.1,150
1719464730190,237.1,150
1719464730190,237.1,150
1719464730190,237.1,150
1719464730190,237.1,150
1719464737073,237.3,200
1719464737073,237.3,200
1719464738570,236.4,25
1719464739101,236.1,25
1719464739101,236.1,25
1719464739101,236.1,25
1719464741769,234.8,75
1719464742313,236.35,75
1719464742313,236.35,75
1719464742313,236.35,75
1719464744411,236.15,100
1719464744808,236.15,25
1719464745628,236.0,75
1719464746327,235.4,50
1719464746327,235.4,50
1719464746327,235.4,50
1719464749392,234.25,25
1719464749392,234.25,25
1719464749392,234.25,25
1719464753643,233.3,25
1719464753643,233.3,25
1719464755870,231.75,75
1719464756603,230.5,25
1719464756603,230.5,25
1719464756603,230.5,25
1719464760483,230.95,200
1719464760483,230.95,200
1719464760483,230.95,200
1719464762520,233.65,175
1719464762805,233.65,175
1719464763368,232.55,25
1719464764137,234.2,25
1719464764441,234.15,25
1719464765150,235.0,50
1719464765150,235.0,50
1719464765150,235.0,50
1719464765150,235.0,50
1719464770267,231.1,100
1719464770297,231.0,150
1719464770297,231.0,150
1719464770297,231.0,150
1719464770297,231.0,150
1719464775597,233.1,100
1719464775597,233.1,100
1719464776540,233.35,25
1719464776540,233.35,25
1719464777718,233.55,25
1719464777718,233.55,25
1719464777718,233.55,25
1719464777718,233.55,25
1719464777718,233.55,25
1719464777718,233.55,25
1719464786535,230.8,200
1719464786774,230.4,200
1719464786774,230.4,200
1719464786774,230.4,200
1719464789877,230.45,50
1719464789877,230.45,50
1719464789877,230.45,50
1719464791695,232.25,200
1719464792263,233.05,75
1719464792263,233.05,75
1719464794034,234.0,150
1719464794034,234.0,150
1719464794034,234.0,150
1719464796156,233.7,150
1719464796573,233.45,25
1719464797248,232.05,150
1719464797248,232.05,150
1719464797248,232.05,150
1719464797248,232.05,150
1719464797248,232.05,150
1719464797248,232.05,150
1719464797248,232.05,150
1719464797248,232.05,150
1719464797248,232.05,150
1719464797248,232.05,150
1719464797248,232.05,150
1719464813305,234.3,125
1719464813305,234.3,125
1719464813305,234.3,125
1719464813305,234.3,125
1719464813305,234.3,125
1719464813305,234.3,125
1719464821634,233.1,25
1719464822507,231.05,225
1719464823398,231.45,75
1719464823398,231.45,75
1719464823398,231.45,75
1719464826714,234.35,25
1719464826714,234.35,25
1719464826714,234.35,25
1719464826714,234.35,25
1719464826714,234.35,25
1719464833487,228.1,150
1719464833487,228.1,150
1719464833487,228.1,150
1719464833487,228.1,150
1719464833487,228.1,150
1719464833487,228.1,150
1719464833487,228.1,150
1719464843010,228.5,50
1719464843010,228.5,50
1719464843010,228.5,50
1719464843010,228.5,50
1719464843010,228.5,50
1719464843010,228.5,50
1719464843010,228.5,50
1719464843010,228.5,50
1719464854251,226.0,125
1719464854251,226.0,125
1719464854251,226.0,125
1719464857759,224.1,25
1719464857759,224.1,25
1719464857759,224.1,25
1719464857759,224.1,25
1719464857759,224.1,25
1719464865670,228.2,25
1719464865670,228.2,25
1719464865670,228.2,25
1719464865670,228.2,25
1719464865670,228.2,25
1719464872995,225.95,25
1719464872995,225.95,25
1719464872995,225.95,25
1719464874840,225.25,75
1719464876099,225.6,150
1719464876099,225.6,150
1719464876099,225.6,150
1719464879298,226.2,50
1719464879298,226.2,50
1719464879298,226.2,50
1719464879298,226.2,50
1719464882171,227.35,25
1719464882171,227.35,25
1719464882171,227.35,25
1719464885449,228.35,25
1719464885449,228.35,25
1719464885449,228.35,25
1719464885449,228.35,25
1719464885449,228.35,25
1719464891810,229.5,25
1719464892490,230.1,50
1719464892490,230.1,50
1719464892490,230.1,50
1719464892490,230.1,50
1719464896293,230.0,25
1719464896293,230.0,25
1719464896293,230.0,25
1719464901098,231.6,25
1719464901236,231.55,75
1719464901236,231.55,75
1719464901236,231.55,75
1719464903280,230.0,25
1719464903280,230.0,25
1719464905077,227.25,100
1719464905077,227.25,100
1719464905077,227.25,100
1719464908704,226.15,25
1719464909567,225.0,25
1719464910572,222.15,50
1719464910572,222.15,50
1719464910572,222.15,50
1719464912735,223.85,225
1719464912735,223.85,225
1719464912735,223.85,225
1719464915979,225.05,25
1719464915979,225.05,25
1719464917500,227.1,25
1719464917500,227.1,25
1719464917500,227.1,25
1719464917500,227.1,25
1719464917500,227.1,25
1719464917500,227.1,25
1719464917500,227.1,25
1719464926553,227.0,25
1719464926553,227.0,25
1719464926553,227.0,25
1719464926553,227.0,25
1719464926553,227.0,25
1719464926553,227.0,25
1719464926553,227.0,25
1719464926553,227.0,25
1719464939154,227.0,50
1719464939154,227.0,50
1719464939856,227.0,25
1719464939856,227.0,25
1719464939856,227.0,25
1719464941461,226.95,25
1719464942830,226.4,50
1719464942830,226.4,50
1719464942830,226.4,50
1719464945992,226.4,25
1719464945992,226.4,25
1719464945992,226.4,25
1719464945992,226.4,25
1719464945992,226.4,25
1719464952326,231.0,50
1719464952326,231.0,50
1719464952326,231.0,50
1719464955648,228.95,75
1719464955648,228.95,75
1719464955648,228.95,75
1719464955648,228.95,75
1719464960318,229.05,150
1719464960318,229.05,150
1719464960318,229.05,150
1719464960318,229.05,150
1719464960318,229.05,150
1719464967406,228.1,75
1719464967406,228.1,75
1719464967406,228.1,75
1719464967406,228.1,75
1719464967406,228.1,75
1719464967406,228.1,75
1719464967406,228.1,75
1719464967406,228.1,75
1719464967406,228.1,75
1719464967406,228.1,75
1719464979885,230.55,25
1719464979885,230.55,25
1719464979885,230.55,25
1719464983290,230.0,200
1719464983290,230.0,200
1719464983290,230.0,200
1719464983290,230.0,200
1719464989649,232.4,100
1719464990701,231.15,25
1719464990701,231.15,25
1719464990701,231.15,25
1719464990701,231.15,25
1719464995001,231.5,150
1719464995446,229.95,50
1719464995446,229.95,50
1719464997613,231.25,75
1719464997613,231.25,75
1719464997613,231.25,75
1719464997613,231.25,75
1719464997613,231.25,75
1719464997613,231.25,75
1719464997613,231.25,75
1719464997613,231.25,75
1719464997613,231.25,75
1719465009038,229.7,175
1719465009038,229.7,175
1719465009820,231.55,75
1719465009820,231.55,75
1719465009820,231.55,75
1719465009820,231.55,75
1719465009820,231.55,75
1719465016941,232.0,50
1719465016941,232.0,50
1719465020467,230.8,25
1719465020467,230.8,25
1719465020467,230.8,25
1719465023121,233.45,100
1719465023740,232.75,25
1719465024589,234.0,50
1719465025627,236.0,50
1719465026110,237.0,50
1719465026110,237.0,50
1719465026110,237.0,50
1719465026110,237.0,50
1719465029979,231.45,25
1719465029979,231.45,25
1719465029979,231.45,25
1719465029979,231.45,25
1719465029979,231.45,25
1719465029979,231.45,25
1719465029979,231.45,25
1719465029979,231.45,25
1719465029979,231.45,25
1719465029979,231.45,25
1719465029979,231.45,25
1719465029979,231.45,25
1719465046647,230.5,25
1719465046647,230.5,25
1719465049411,230.75,25
1719465049825,229.4,25
1719465049825,229.4,25
1719465049825,229.4,25
1719465051679,229.25,25
1719465051679,229.25,25
1719465054116,228.35,50
1719465054116,228.35,50
1719465054116,228.35,50
1719465057709,232.95,100
1719465057709,232.95,100
1719465059299,235.2,100
1719465059299,235.2,100
1719465059299,235.2,100
1719465059299,235.2,100
1719465059299,235.2,100
1719465063352,234.25,75
1719465063352,234.25,75
1719465063352,234.25,75
1719465063352,234.25,75
1719465063352,234.25,75
1719465070551,234.9,25
1719465070551,234.9,25
1719465070551,234.9,25
1719465070551,234.9,25
1719465070551,234.9,25
1719465070551,234.9,25
1719465078869,232.8,25
1719465079942,232.5,25
1719465080634,233.0,25
1719465080634,233.0,25
1719465080634,233.0,25
1719465080634,233.0,25
1719465086507,235.0,50
1719465086611,234.45,25
1719465086611,234.45,25
1719465086611,234.45,25
1719465086611,234.45,25
1719465086611,234.45,25
1719465092537,236.0,50
1719465092537,236.0,50
1719465093574,237.1,25
1719465093574,237.1,25
1719465093574,237.1,25
1719465093574,237.1,25
1719465098874,236.45,75
1719465099220,237.1,25
1719465099220,237.1,25
1719465099220,237.1,25
1719465101913,238.0,200
1719465101913,238.0,200
1719465103384,239.0,50
1719465103384,239.0,50
1719465103384,239.0,50
1719465103384,239.0,50
1719465103384,239.0,50
1719465103384,239.0,50
1719465103384,239.0,50
1719465103384,239.0,50
1719465115820,237.9,25
1719465115820,237.9,25
1719465118111,238.85,25
1719465118111,238.85,25
1719465120886,238.3,25
1719465120886,238.3,25
1719465120886,238.3,25
1719465120886,238.3,25
1719465120886,238.3,25
1719465120886,238.3,25
1719465120886,238.3,25
1719465120886,238.3,25
1719465120886,238.3,25
1719465131974,238.15,125
1719465131974,238.15,125
1719465131974,238.15,125
1719465131974,238.15,125
1719465131974,238.15,125
1719465131974,238.15,125
1719465140062,235.8,150
1719465141033,237.0,50
1719465141033,237.0,50
1719465141033,237.0,50
1719465144317,239.6,25
1719465144671,237.9,225
1719465144671,237.9,225
1719465144671,237.9,225
1719465149753,235.75,50
1719465150104,234.65,150
1719465150104,234.65,150
1719465150104,234.65,150
1719465150104,234.65,150
1719465154951,233.7,100
1719465154951,233.7,100
1719465154951,233.7,100
1719465154951,233.7,100
1719465154951,233.7,100
1719465154951,233.7,100
1719465154951,233.7,100
1719465154951,233.7,100
1719465167142,234.7,125
1719465167142,234.7,125
1719465167142,234.7,125
1719465167142,234.7,125
1719465167142,234.7,125
1719465167142,234.7,125
1719465167142,234.7,125
1719465167142,234.7,125
1719465167142,234.7,125
1719465167142,234.7,125
1719465167142,234.7,125
1719465182951,235.25,50
1719465182951,235.25,50
1719465182951,235.25,50
1719465185874,235.15,25
1719465185874,235.15,25
1719465185874,235.15,25
1719465185874,235.15,25
1719465191488,235.85,25
1719465191488,235.85,25
1719465191488,235.85,25
1719465193465,234.25,250
1719465193465,234.25,250
1719465193465,234.25,250
1719465193465,234.25,250
1719465198607,235.9,25
1719465198607,235.9,25
1719465198607,235.9,25
1719465201729,238.9,25
1719465202611,239.0,50
1719465202692,240.0,50
1719465203293,241.5,75
1719465204399,241.3,75
1719465204399,241.3,75
1719465205834,241.1,25
1719465205834,241.1,25
1719465205834,241.1,25
1719465205834,241.1,25
1719465205834,241.1,25
1719465205834,241.1,25
1719465213010,243.8,150
1719465213104,245.0,75
1719465213701,244.65,50
1719465213701,244.65,50
1719465216154,252.0,50
1719465216154,252.0,50
1719465217203,252.4,25
1719465217889,252.6,25
1719465218071,252.55,150
1719465219051,252.75,25
1719465219051,252.75,25
1719465220150,256.8,75
1719465221297,256.6,25
1719465221297,256.6,25
1719465221297,256.6,25
1719465221297,256.6,25
1719465223883,252.95,150
1719465224646,256.0,25
1719465224646,256.0,25
1719465225764,254.75,150
1719465226486,256.4,100
1719465226486,256.4,100
1719465227349,259.7,75
1719465227349,259.7,75
1719465228448,261.0,25
1719465229200,268.7,75
1719465230664,260.05,25
1719465231390,260.1,50
1719465231958,260.1,25
1719465231958,260.1,25
1719465233628,259.7,100
1719465234756,259.2,100
1719465234756,259.2,100
1719465236066,262.4,25
1719465236403,264.7,100
1719465236403,264.7,100
1719465236403,264.7,100
1719465238355,264.6,50
1719465239085,265.5,25
1719465239085,265.5,25
1719465239085,265.5,25
1719465241215,270.0,100
1719465241383,268.9,25
1719465241383,268.9,25
1719465242728,269.2,100
1719465242728,269.2,100
1719465242728,269.2,100
1719465245458,265.9,25
1719465245632,264.75,25
1719465246472,267.5,25
1719465246472,267.5,25
1719465247543,264.95,75
1719465247543,264.95,75
1719465248933,264.7,75
1719465249764,266.35,50
1719465249848,266.6,150
1719465249848,266.6,150
1719465253230,271.0,25
1719465253678,271.15,25
1719465253954,269.55,25
1719465253954,269.55,25
1719465255095,268.6,50
1719465256397,268.0,25
1719465256397,268.0,25
1719465257874,266.45,25
1719465258189,266.4,25
1719465258189,266.4,25
1719465259199,269.25,25
1719465259199,269.25,25
1719465259927,269.8,75
1719465259927,269.8,75
1719465259927,269.8,75
1719465263479,269.0,150
1719465263535,268.55,25
1719465264410,268.2,25
1719465265532,267.45,125
1719465266610,264.85,25
1719465266685,264.9,50
1719465267531,264.85,75
1719465267531,264.85,75
1719465268444,264.85,25
1719465269892,269.45,25
1719465270190,270.0,50
1719465270190,270.0,50
1719465270190,270.0,50
1719465273601,271.65,25
1719465274522,271.45,100
1719465274522,271.45,100
1719465274522,271.45,100
1719465276979,269.4,250
1719465277755,268.45,25
1719465278167,269.2,25
1719465278820,268.9,25
1719465278820,268.9,25
1719465280489,268.8,25
1719465280489,268.8,25
1719465281679,269.35,25
1719465281679,269.35,25
1719465281679,269.35,25
1719465285209,268.45,25
1719465285209,268.45,25
1719465286951,268.0,25
1719465286951,268.0,25
1719465289034,268.45,25
1719465289034,268.45,25
1719465290443,268.9,25
1719465291553,267.5,25
1719465291553,267.5,25
1719465291772,268.2,25
1719465293137,266.0,25
1719465293509,266.25,25
1719465293509,266.25,25
1719465297123,266.0,25
1719465298307,268.75,25
1719465298307,268.75,25
1719465298307,268.75,25
1719465300110,268.6,25
1719465300110,268.6,25
1719465300110,268.6,25
1719465300110,268.6,25
1719465302330,270.35,25
1719465302330,270.35,25
1719465303508,270.8,25
1719465303800,270.45,150
1719465303800,270.45,150
1719465305346,274.95,250
1719465305588,276.3,100
1719465306563,276.65,25
1719465306563,276.65,25
1719465307892,275.05,50
1719465308232,274.35,125
1719465308644,274.35,75
1719465308644,274.35,75
1719465310932,274.95,150
1719465311683,276.05,150
1719465311683,276.05,150
1719465312158,275.6,25
1719465312158,275.6,25
1719465314042,275.6,25
1719465314625,275.7,150
1719465314625,275.7,150
1719465315189,275.5,75
1719465315189,275.5,75
1719465315189,275.5,75
1719465319105,275.2,25
1719465319222,274.35,25
1719465319222,274.35,25
1719465320527,272.8,150
1719465321260,272.25,100
1719465321260,272.25,100
1719465322863,272.2,150
1719465323141,272.5,75
1719465323762,273.6,75
1719465324749,272.55,25
1719465324749,272.55,25
1719465325418,272.15,25
1719465325418,272.15,25
1719465327768,275.05,25
1719465328089,274.2,50
1719465328752,275.15,25
1719465329571,273.7,50
1719465330396,272.05,50
1719465330396,272.05,50
1719465331687,270.0,25
1719465332272,272.25,150
1719465332272,272.25,150
1719465333475,269.35,25
1719465333475,269.35,25
1719465335727,270.25,25
1719465335727,270.25,25
1719465337321,272.1,25
1719465337610,273.0,150
1719465337610,273.0,150
1719465338742,275.0,25
1719465338742,275.0,25
1719465341201,273.65,25
1719465341471,273.35,25
1719465341471,273.35,25
1719465342452,273.45,50
1719465342452,273.45,50
1719465342452,273.45,50
1719465345243,268.4,25
1719465345243,268.4,25
1719465346955,268.65,50
1719465347588,268.55,25
1719465347588,268.55,25
1719465347588,268.55,25
1719465350728,267.3,25
1719465351598,266.65,50
1719465351598,266.65,50
1719465352672,268.2,150
1719465352672,268.2,150
1719465352672,268.2,150
1719465356022,268.65,50
1719465356607,269.85,25
1719465356607,269.85,25
1719465358077,270.95,50
1719465358077,270.95,50
1719465360095,270.35,50
1719465360095,270.35,50
1719465360095,270.35,50
1719465360095,270.35,50
1719465363970,270.55,50
1719465365033,269.85,50
1719465365033,269.85,50
1719465365033,269.85,50
1719465365033,269.85,50
1719465365033,269.85,50
1719465365033,269.85,50
1719465373938,266.8,25
1719465373938,266.8,25
1719465373938,266.8,25
1719465377481,266.55,25
1719465377481,266.55,25
1719465378728,267.3,50
1719465379685,266.0,75
1719465379997,265.7,50
1719465379997,265.7,50
1719465379997,265.7,50
1719465382911,264.9,25
1719465383507,262.9,75
1719465383507,262.9,75
1719465384552,263.5,25
1719465385358,263.75,25
1719465385358,263.75,25
1719465386943,264.75,50
1719465386943,264.75,50
1719465386943,264.75,50
1719465388860,264.85,25
1719465389171,265.95,25
1719465389171,265.95,25
1719465389171,265.95,25
1719465389171,265.95,25
1719465392454,269.65,50
1719465392454,269.65,50
1719465392454,269.65,50
1719465392454,269.65,50
1719465397707,269.45,25
1719465397707,269.45,25
1719465399207,267.6,25
1719465399207,267.6,25
1719465399207,267.6,25
1719465402173,266.6,25
1719465402173,266.6,25
1719465404008,267.15,25
1719465404690,267.4,100
1719465404690,267.4,100
1719465404690,267.4,100
1719465404690,267.4,100
1719465408806,267.35,75
1719465408806,267.35,75
1719465408806,267.35,75
1719465413566,266.25,25
1719465413743,266.7,25
1719465413743,266.7,25
1719465413743,266.7,25
1719465413743,266.7,25
1719465413743,266.7,25
1719465413743,266.7,25
1719465421715,269.45,25
1719465421715,269.45,25
1719465421715,269.45,25
1719465424703,270.0,25
1719465425223,270.5,50
1719465425223,270.5,50
1719465426972,269.25,50
1719465426972,269.25,50
1719465426972,269.25,50
1719465429809,270.85,75
1719465429809,270.85,75
1719465429809,270.85,75
1719465432408,267.35,50
1719465432408,267.35,50
1719465433851,266.05,25
1719465434850,267.3,50
1719465435174,267.3,25
1719465435174,267.3,25
1719465436649,269.2,75
1719465436649,269.2,75
1719465438354,270.2,25
1719465438354,270.2,25
1719465438354,270.2,25
1719465438354,270.2,25
1719465443211,271.4,50
1719465443211,271.4,50
1719465444608,271.55,50
1719465444608,271.55,50
1719465444608,271.55,50
1719465444608,271.55,50
1719465444608,271.55,50
1719465444608,271.55,50
1719465444608,271.55,50
1719465444608,271.55,50
1719465444608,271.55,50
1719465456263,270.0,75
1719465456263,270.0,75
1719465457133,268.75,25
1719465457216,269.1,50
1719465457216,269.1,50
1719465459337,271.65,75
1719465459337,271.65,75
1719465461219,273.7,25
1719465461219,273.7,25
1719465461219,273.7,25
1719465461219,273.7,25
1719465461219,273.7,25
1719465461219,273.7,25
1719465461219,273.7,25
1719465461219,273.7,25
1719465461219,273.7,25
1719465461219,273.7,25
1719465476286,275.2,50
1719465476286,275.2,50
1719465476286,275.2,50
1719465476286,275.2,50
1719465476286,275.2,50
1719465481012,270.25,75
1719465481012,270.25,75
1719465482361,269.7,25
1719465482361,269.7,25
1719465484749,271.8,25
1719465485021,271.75,25
1719465485021,271.75,25
1719465485021,271.75,25
1719465485021,271.75,25
1719465485021,271.75,25
1719465485021,271.75,25
1719465485021,271.75,25
1719465485021,271.75,25
1719465495458,270.9,25
1719465495458,270.9,25
1719465495458,270.9,25
1719465495458,270.9,25
1719465501948,271.55,25
1719465502592,272.5,25
1719465502592,272.5,25
1719465503903,269.4,25
1719465503903,269.4,25
1719465503903,269.4,25
1719465507988,270.9,75
1719465507988,270.9,75
1719465508832,270.1,250
1719465508832,270.1,250
1719465508832,270.1,250
1719465508832,270.1,250
1719465512913,273.05,50
1719465512913,273.05,50
1719465512913,273.05,50
1719465512913,273.05,50
1719465517351,274.5,50
1719465517351,274.5,50
1719465517351,274.5,50
1719465517351,274.5,50
1719465517351,274.5,50
1719465523967,271.65,25
1719465523967,271.65,25
1719465523967,271.65,25
1719465527533,269.4,25
1719465528790,269.8,25
1719465528790,269.8,25
1719465528790,269.8,25
1719465528790,269.8,25
1719465528790,269.8,25
1719465534515,272.15,25
1719465534515,272.15,25
1719465535441,272.6,75
1719465535441,272.6,75
1719465535441,272.6,75
1719465538949,273.6,25
1719465539548,275.35,25
1719465539548,275.35,25
1719465539548,275.35,25
1719465539548,275.35,25
1719465543071,274.55,25
1719465543071,274.55,25
1719465543071,274.55,25
1719465546392,270.75,25
1719465546392,270.75,25
1719465546392,270.75,25
1719465549193,272.65,25
1719465549193,272.65,25
1719465550555,271.3,25
1719465550555,271.3,25
1719465550555,271.3,25
1719465550555,271.3,25
1719465556830,272.05,50
1719465556830,272.05,50
1719465560260,271.7,50
1719465560260,271.7,50
1719465563497,271.2,125
1719465563497,271.2,125
1719465563497,271.2,125
1719465566793,270.55,25
1719465566793,270.55,25
1719465566793,270.55,25
1719465566793,270.55,25
1719465566793,270.55,25
1719465566793,270.55,25
1719465566793,270.55,25
1719465566793,270.55,25
1719465566793,270.55,25
1719465578235,268.3,100
1719465578235,268.3,100
1719465578235,268.3,100
1719465578235,268.3,100
1719465581012,270.75,25
1719465581012,270.75,25
1719465581012,270.75,25
1719465584004,271.6,25
1719465584004,271.6,25
1719465584004,271.6,25
1719465584004,271.6,25
1719465589421,266.55,250
1719465589511,266.55,50
1719465589511,266.55,50
1719465590548,264.55,250
1719465590548,264.55,250
1719465590548,264.55,250
1719465594451,264.55,25
1719465594451,264.55,25
1719465594451,264.55,25
1719465598343,258.9,25
1719465598656,257.9,125
1719465599019,256.65,50
1719465600043,258.55,25
1719465600274,259.75,25
1719465600274,259.75,25
1719465600274,259.75,25
1719465601197,259.4,25
1719465601197,259.4,25
1719465602385,260.15,125
1719465602385,260.15,125
1719465602385,260.15,125
1719465606368,260.25,50
1719465606368,260.25,50
1719465607695,258.95,25
1719465608680,259.6,125
1719465608680,259.6,125
1719465608680,259.6,125
1719465608680,259.6,125
1719465608680,259.6,125
1719465614291,259.35,25
1719465614291,259.35,25
1719465614291,259.35,25
1719465614291,259.35,25
1719465614291,259.35,25
1719465622026,261.45,25
1719465622026,261.45,25
1719465625481,256.2,100
1719465625481,256.2,100
1719465626234,255.2,25
1719465626234,255.2,25
1719465627401,251.6,25
1719465628201,253.3,25
1719465628201,253.3,25
1719465628201,253.3,25
1719465628201,253.3,25
1719465628201,253.3,25
1719465628201,253.3,25
1719465633946,254.4,25
1719465633946,254.4,25
1719465633946,254.4,25
1719465633946,254.4,25
1719465639402,249.35,250
1719465639945,248.7,150
1719465639945,248.7,150
1719465640796,250.2,50
1719465641943,251.7,25
1719465641943,251.7,25
1719465641943,251.7,25
1719465643875,252.15,50
1719465643875,252.15,50
1719465643875,252.15,50
1719465643875,252.15,50
1719465643875,252.15,50
1719465650764,252.15,150
1719465650764,252.15,150
1719465650764,252.15,150
1719465650764,252.15,150
1719465655886,253.85,50
1719465657003,252.55,25
1719465657003,252.55,25
1719465657653,253.1,50
1719465657653,253.1,50
1719465660653,249.9,25
1719465660653,249.9,25
1719465661222,250.55,50
1719465662006,252.4,100
1719465663169,252.05,25
1719465663169,252.05,25
1719465663169,252.05,25
1719465666922,253.85,50
1719465666922,253.85,50
1719465667626,253.75,50
1719465668230,253.25,25
1719465668230,253.25,25
1719465668230,253.25,25
1719465668230,253.25,25
1719465668230,253.25,25
1719465668230,253.25,25
1719465668230,253.25,25
1719465668230,253.25,25
1719465679985,252.85,25
1719465679985,252.85,25
1719465679985,252.85,25
1719465679985,252.85,25
1719465679985,252.85,25
1719465685961,250.85,25
1719465686645,247.05,175
1719465686645,247.05,175
1719465688016,246.2,25
1719465688469,247.5,175
1719465688469,247.5,175
1719465689286,248.35,50
1719465690571,250.75,25
1719465690571,250.75,25
1719465691008,249.45,150
1719465691008,249.45,150
1719465691008,249.45,150
1719465691008,249.45,150
1719465691008,249.45,150
1719465697596,249.25,75
1719465697596,249.25,75
1719465697596,249.25,75
1719465697596,249.25,75
1719465697596,249.25,75
1719465704960,248.0,25
1719465704960,248.0,25
1719465704960,248.0,25
1719465704960,248.0,25
1719465709859,249.25,150
1719465710459,250.0,25
1719465710459,250.0,25
1719465710459,250.0,25
1719465710459,250.0,25
1719465710459,250.0,25
1719465710459,250.0,25
1719465710459,250.0,25
1719465720239,250.05,25
1719465720239,250.05,25
1719465720796,250.05,25
1719465720796,250.05,25
1719465720796,250.05,25
1719465720796,250.05,25
1719465727009,251.5,175
1719465727009,251.5,175
1719465727009,251.5,175
1719465727009,251.5,175
1719465727009,251.5,175
1719465727009,251.5,175
1719465734046,251.2,100
1719465734046,251.2,100
1719465734046,251.2,100
1719465734046,251.2,100
1719465734046,251.2,100
1719465734046,251.2,100
1719465743228,253.0,25
1719465743228,253.0,25
1719465744065,253.25,100
1719465744065,253.25,100
1719465747070,254.55,100
1719465747070,254.55,100
1719465747070,254.55,100
1719465747070,254.55,100
1719465747070,254.55,100
1719465747070,254.55,100
1719465747070,254.55,100
1719465747070,254.55,100
1719465747070,254.55,100
1719465747070,254.55,100
1719465747070,254.55,100
1719465747070,254.55,100
1719465747070,254.55,100
1719465764879,255.3,25
1719465764879,255.3,25
1719465764879,255.3,25
1719465764879,255.3,25
1719465764879,255.3,25
1719465771940,253.5,50
1719465771940,253.5,50
1719465771940,253.5,50
1719465771940,253.5,50
1719465771940,253.5,50
1719465771940,253.5,50
1719465771940,253.5,50
1719465771940,253.5,50
1719465782319,256.4,50
1719465782319,256.4,50
1719465782319,256.4,50
1719465782319,256.4,50
1719465782319,256.4,50
1719465782319,256.4,50
1719465782319,256.4,50
1719465782319,256.4,50
1719465782319,256.4,50
1719465782319,256.4,50
1719465796549,255.15,150
1719465796549,255.15,150
1719465796549,255.15,150
1719465796549,255.15,150
1719465796549,255.15,150
1719465803968,257.5,100
1719465803968,257.5,100
1719465803968,257.5,100
1719465803968,257.5,100
1719465803968,257.5,100
1719465810497,256.35,25
1719465810497,256.35,25
1719465810497,256.35,25
1719465810497,256.35,25
1719465810497,256.35,25
1719465810497,256.35,25
1719465810497,256.35,25
1719465810497,256.35,25
1719465820152,258.0,50
1719465820152,258.0,50
1719465821592,257.85,200
1719465821592,257.85,200
1719465821592,257.85,200
1719465821592,257.85,200
1719465821592,257.85,200
1719465821592,257.85,200
1719465830245,257.55,25
1719465830245,257.55,25
1719465830245,257.55,25
1719465833200,258.1,25
1719465833200,258.1,25
1719465833200,258.1,25
1719465833200,258.1,25
1719465833200,258.1,25
1719465833200,258.1,25
1719465833200,258.1,25
1719465833200,258.1,25
1719465833200,258.1,25
1719465833200,258.1,25
1719465833200,258.1,25
1719465833200,258.1,25
1719465833200,258.1,25
1719465851849,258.1,50
1719465851849,258.1,50
1719465851849,258.1,50
1719465851849,258.1,50
1719465851849,258.1,50
1719465851849,258.1,50
1719465851849,258.1,50
1719465862126,264.6,125
1719465862126,264.6,125
1719465862126,264.6,125
1719465862126,264.6,125
1719465867232,266.15,25
1719465867232,266.15,25
1719465867232,266.15,25
1719465867232,266.15,25
1719465867232,266.15,25
1719465867232,266.15,25
1719465867232,266.15,25
1719465867232,266.15,25
1719465867232,266.15,25
1719465867232,266.15,25
1719465867232,266.15,25
1719465867232,266.15,25
1719465884182,272.0,100
1719465884182,272.0,100
1719465886954,273.55,25
1719465886954,273.55,25
1719465886954,273.55,25
1719465886954,273.55,25
1719465886954,273.55,25
1719465893048,269.45,50
1719465893048,269.45,50
1719465893048,269.45,50
1719465893048,269.45,50
1719465898370,268.95,75
1719465898370,268.95,75
1719465898370,268.95,75
1719465898370,268.95,75
1719465898370,268.95,75
1719465904065,268.9,25
1719465904065,268.9,25
1719465904330,268.3,25
1719465904330,268.3,25
1719465904330,268.3,25
1719465907950,268.05,25
1719465907950,268.05,25
1719465907950,268.05,25
1719465907950,268.05,25
1719465907950,268.05,25
1719465907950,268.05,25
1719465907950,268.05,25
1719465907950,268.05,25
1719465907950,268.05,25
1719465922371,265.2,25
1719465922371,265.2,25
1719465922830,265.05,25
1719465924138,264.9,25
1719465924138,264.9,25
1719465924138,264.9,25
1719465924138,264.9,25
1719465924138,264.9,25
1719465924138,264.9,25
1719465924138,264.9,25
1719465924138,264.9,25
1719465924138,264.9,25
1719465924138,264.9,25
1719465924138,264.9,25
1719465924138,264.9,25
1719465941454,264.4,25
1719465941454,264.4,25
1719465941454,264.4,25
1719465941454,264.4,25
1719465941454,264.4,25
1719465941454,264.4,25
1719465941454,264.4,25
1719465941454,264.4,25
1719465941454,264.4,25
1719465955470,262.7,150
1719465955470,262.7,150
1719465956547,263.1,25
1719465957452,263.7,25
1719465957452,263.7,25
1719465957452,263.7,25
1719465960995,261.35,150
1719465960995,261.35,150
1719465960995,261.35,150
1719465962804,260.4,75
1719465962908,261.15,75
1719465962908,261.15,75
1719465962908,261.15,75
1719465962908,261.15,75
1719465962908,261.15,75
1719465970918,256.2,100
1719465970918,256.2,100
1719465970918,256.2,100
1719465970918,256.2,100
1719465970918,256.2,100
1719465970918,256.2,100
1719465979685,254.5,25
1719465979685,254.5,25
1719465979685,254.5,25
1719465979685,254.5,25
1719465985495,255.3,25
1719465985867,255.75,25
1719465985867,255.75,25
1719465985867,255.75,25
1719465988434,254.1,25
1719465988434,254.1,25
1719465988434,254.1,25
1719465988434,254.1,25
1719465988434,254.1,25
1719465988434,254.1,25
1719465988434,254.1,25
1719465988434,254.1,25
1719465988434,254.1,25
1719465988434,254.1,25
1719466002449,256.65,75
1719466002449,256.65,75
1719466002449,256.65,75
1719466002449,256.65,75
1719466002449,256.65,75
1719466002449,256.65,75
1719466002449,256.65,75
1719466002449,256.65,75
1719466014454,254.2,25
1719466014454,254.2,25
1719466014454,254.2,25
1719466014454,254.2,25
1719466014454,254.2,25
1719466014454,254.2,25
1719466014454,254.2,25
1719466024305,254.1,25
1719466024305,254.1,25
1719466024305,254.1,25
1719466024305,254.1,25
1719466027721,252.35,25
1719466029212,254.3,25
1719466029212,254.3,25
1719466029212,254.3,25
1719466029212,254.3,25
1719466029212,254.3,25
1719466036363,253.45,25
1719466037008,254.25,25
1719466037008,254.25,25
1719466037008,254.25,25
1719466037008,254.25,25
1719466037008,254.25,25
1719466037008,254.25,25
1719466037008,254.25,25
1719466037008,254.25,25
1719466037008,254.25,25
1719466037008,254.25,25
1719466052327,254.25,75
1719466052327,254.25,75
1719466052327,254.25,75
1719466058114,251.55,100
1719466058114,251.55,100
1719466058114,251.55,100
1719466058114,251.55,100
1719466229170,243.35,50
1719466230475,243.35,25
1719466230475,243.35,25
1719466230475,243.35,25
1719466230475,243.35,25
1719466230475,243.35,25
1719466230475,243.35,25
1719466230475,243.35,25
1719466230475,243.35,25
1719466240608,244.55,75
1719466240608,244.55,75
1719466240608,244.55,75
1719466243484,243.1,125
1719466243484,243.1,125
1719466243484,243.1,125
1719466243484,243.1,125
1719466247924,246.75,25
1719466247924,246.75,25
1719466247924,246.75,25
1719466247924,246.75,25
1719466247924,246.75,25
1719466255667,244.5,50
1719466255667,244.5,50
1719466255667,244.5,50
1719466255667,244.5,50
1719466255667,244.5,50
1719466255667,244.5,50
1719466255667,244.5,50
1719466255667,244.5,50
1719466255667,244.5,50
1719466255667,244.5,50
1719466255667,244.5,50
1719466255667,244.5,50
1719466255667,244.5,50
1719466255667,244.5,50
1719466255667,244.5,50
1719466255667,244.5,50
1719466255667,244.5,50
1719466255667,244.5,50
1719466255667,244.5,50
1719466255667,244.5,50
1719466255667,244.5,50
1719466287450,239.8,25
1719466287450,239.8,25
1719466287450,239.8,25
1719466287450,239.8,25
1719466287450,239.8,25
1719466287450,239.8,25
1719466287450,239.8,25
1719466287450,239.8,25
1719466287450,239.8,25
1719466298822,240.3,125
1719466299540,240.5,25
1719466299540,240.5,25
1719466299540,240.5,25
1719466299540,240.5,25
1719466299540,240.5,25
1719466299540,240.5,25
1719466299540,240.5,25
1719466299540,240.5,25
1719466299540,240.5,25
1719466299540,240.5,25
1719466299540,240.5,25
1719466299540,240.5,25
1719466299540,240.5,25
1719466299540,240.5,25
1719466299540,240.5,25
1719466323109,245.0,100
1719466323109,245.0,100
1719466323109,245.0,100
1719466323109,245.0,100
1719466323109,245.0,100
1719466330842,245.45,25
1719466330842,245.45,25
1719466330842,245.45,25
1719466330842,245.45,25
1719466330842,245.45,25
1719466330842,245.45,25
1719466330842,245.45,25
1719466330842,245.45,25
1719466330842,245.45,25
1719466330842,245.45,25
1719466330842,245.45,25
1719466330842,245.45,25
1719466349622,242.1,100
1719466349622,242.1,100
1719466349622,242.1,100
1719466349622,242.1,100
1719466349622,242.1,100
1719466349622,242.1,100
1719466349622,242.1,100
1719466349622,242.1,100
1719466349622,242.1,100
1719466349622,242.1,100
1719466349622,242.1,100
1719466349622,242.1,100
1719466349622,242.1,100
1719466349622,242.1,100
1719466349622,242.1,100
1719466349622,242.1,100
1719466349622,242.1,100
1719466349622,242.1,100
1719466349622,242.1,100
1719466349622,242.1,100
1719466349622,242.1,100
1719466349622,242.1,100
1719466383127,248.75,50
1719466383251,249.25,150
1719466383251,249.25,150
1719466383251,249.25,150
1719466383251,249.25,150
1719466383251,249.25,150
1719466390003,247.65,25
1719466390003,247.65,25
1719466390003,247.65,25
1719466390003,247.65,25
1719466396537,247.05,150
1719466396537,247.05,150
1719466396537,247.05,150
1719466396537,247.05,150
1719466396537,247.05,150
1719466396537,247.05,150
1719466396537,247.05,150
1719466396537,247.05,150
1719466396537,247.05,150
1719466396537,247.05,150
1719466411454,244.65,100
1719466411579,244.3,100
1719466411579,244.3,100
1719466411579,244.3,100
1719466411579,244.3,100
1719466411579,244.3,100
1719466411579,244.3,100
1719466411579,244.3,100
1719466411579,244.3,100
1719466411579,244.3,100
1719466411579,244.3,100
1719466411579,244.3,100
1719466411579,244.3,100
1719466411579,244.3,100
1719466433045,249.7,25
1719466433045,249.7,25
1719466433045,249.7,25
1719466433045,249.7,25
1719466433045,249.7,25
1719466440560,251.35,75
1719466440560,251.35,75
1719466440560,251.35,75
1719466440560,251.35,75
1719466440560,251.35,75
1719466440560,251.35,75
1719466440560,251.35,75
1719466440560,251.35,75
1719466440560,251.35,75
1719466451613,250.15,75
1719466451613,250.15,75
1719466451613,250.15,75
1719466451613,250.15,75
1719466451613,250.15,75
1719466451613,250.15,75
1719466451613,250.15,75
1719466451613,250.15,75
1719466451613,250.15,75
1719466451613,250.15,75
1719466451613,250.15,75
1719466451613,250.15,75
1719466451613,250.15,75
1719466451613,250.15,75
1719466451613,250.15,75
1719466473051,248.9,100
1719466473051,248.9,100
1719466475719,247.95,25
1719466475719,247.95,25
1719466476283,248.85,25
1719466476283,248.85,25
1719466476283,248.85,25
1719466476283,248.85,25
1719466476283,248.85,25
1719466476283,248.85,25
1719466476283,248.85,25
1719466476283,248.85,25
1719466488063,250.0,25
1719466488063,250.0,25
1719466488063,250.0,25
1719466488063,250.0,25
1719466488063,250.0,25
1719466488063,250.0,25
1719466488063,250.0,25
1719466488063,250.0,25
1719466488063,250.0,25
1719466488063,250.0,25
1719466488063,250.0,25
1719466488063,250.0,25
1719466488063,250.0,25
1719466488063,250.0,25
1719466509160,246.95,75
1719466509160,246.95,75
1719466509160,246.95,75
1719466509160,246.95,75
1719466509160,246.95,75
1719466509160,246.95,75
1719466509160,246.95,75
1719466509160,246.95,75
1719466509160,246.95,75
1719466522676,247.25,25
1719466522676,247.25,25
1719466522676,247.25,25
1719466522676,247.25,25
1719466522676,247.25,25
1719466522676,247.25,25
1719466522676,247.25,25
1719466522676,247.25,25
1719466534602,244.5,25
1719466534602,244.5,25
1719466534602,244.5,25
1719466534602,244.5,25
1719466540468,245.7,150
1719466540468,245.7,150
1719466540468,245.7,150
1719466540468,245.7,150
1719466540468,245.7,150
1719466540468,245.7,150
1719466540468,245.7,150
1719466540468,245.7,150
1719466540468,245.7,150
1719466540468,245.7,150
1719466540468,245.7,150
1719466540468,245.7,150
1719466540468,245.7,150
1719466540468,245.7,150
1719466540468,245.7,150
1719466540468,245.7,150
1719466540468,245.7,150
1719466540468,245.7,150
1719466540468,245.7,150
1719466540468,245.7,150
1719466540468,245.7,150
1719466540468,245.7,150
1719466540468,245.7,150
1719466540468,245.7,150
1719466540468,245.7,150
1719466540468,245.7,150
1719466540468,245.7,150
1719466540468,245.7,150
1719466540468,245.7,150
1719466540468,245.7,150
1719466540468,245.7,150
1719466540468,245.7,150
1719466540468,245.7,150
1719466592867,244.05,25
1719466592867,244.05,25
1719466592867,244.05,25
1719466592867,244.05,25
1719466592867,244.05,25
1719466600539,244.6,25
1719466600539,244.6,25
1719466602603,244.0,50
1719466602603,244.0,50
1719466602603,244.0,50
1719466602603,244.0,50
1719466602603,244.0,50
1719466602603,244.0,50
1719466610388,244.0,125
1719466610388,244.0,125
1719466610388,244.0,125
1719466610388,244.0,125
1719466610388,244.0,125
1719466616214,245.85,25
1719466617590,245.05,25
1719466617590,245.05,25
1719466617945,245.45,125
1719466617945,245.45,125
1719466617945,245.45,125
1719466617945,245.45,125
1719466617945,245.45,125
1719466617945,245.45,125
1719466617945,245.45,125
1719466617945,245.45,125
1719466617945,245.45,125
1719466617945,245.45,125
1719466632366,243.3,25
1719466632366,243.3,25
1719466632366,243.3,25
1719466632366,243.3,25
1719466632366,243.3,25
1719466632366,243.3,25
1719466632366,243.3,25
1719466632366,243.3,25
1719466632366,243.3,25
1719466632366,243.3,25
1719466632366,243.3,25
1719466632366,243.3,25
1719466632366,243.3,25
1719466632366,243.3,25
1719466632366,243.3,25
1719466632366,243.3,25
1719466632366,243.3,25
1719466632366,243.3,25
1719466632366,243.3,25
1719466632366,243.3,25
1719466632366,243.3,25
1719466632366,243.3,25
1719466664677,244.45,25
1719466665271,245.35,50
1719466665271,245.35,50
1719466665271,245.35,50
1719466665271,245.35,50
1719466665271,245.35,50
1719466665271,245.35,50
1719466665271,245.35,50
1719466665271,245.35,50
1719466665271,245.35,50
1719466665271,245.35,50
1719466679317,244.05,125
1719466679317,244.05,125
1719466679317,244.05,125
1719466679317,244.05,125
1719466679317,244.05,125
1719466679317,244.05,125
1719466679317,244.05,125
1719466679317,244.05,125
1719466679317,244.05,125
1719466679317,244.05,125
1719466679317,244.05,125
1719466679317,244.05,125
1719466679317,244.05,125
1719466679317,244.05,125
1719466700255,246.0,50
1719466700255,246.0,50
1719466700255,246.0,50
1719466704166,244.85,75
1719466704166,244.85,75
1719466704166,244.85,75
1719466704166,244.85,75
1719466708952,244.1,25
1719466708952,244.1,25
1719466708952,244.1,25
1719466708952,244.1,25
1719466713028,244.0,50
1719466713028,244.0,50
1719466713028,244.0,50
1719466713028,244.0,50
1719466713028,244.0,50
1719466713028,244.0,50
1719466713028,244.0,50
1719466723052,245.45,25
1719466723052,245.45,25
1719466723052,245.45,25
1719466723052,245.45,25
1719466723052,245.45,25
1719466723052,245.45,25
1719466723052,245.45,25
1719466723052,245.45,25
1719466723052,245.45,25
1719466723052,245.45,25
1719466723052,245.45,25
1719466723052,245.45,25
1719466723052,245.45,25
1719466743344,242.9,125
1719466743344,242.9,125
1719466743344,242.9,125
1719466743344,242.9,125
1719466743344,242.9,125
1719466743344,242.9,125
1719466752179,243.15,75
1719466752179,243.15,75
1719466752179,243.15,75
1719466752179,243.15,75
1719466752179,243.15,75
1719466752179,243.15,75
1719466752179,243.15,75
1719466752179,243.15,75
1719466752179,243.15,75
1719466752179,243.15,75
1719466752179,243.15,75
1719466752179,243.15,75
1719466752179,243.15,75
1719466752179,243.15,75
1719466752179,243.15,75
1719466752179,243.15,75
1719466752179,243.15,75
1719466752179,243.15,75
1719466779017,242.9,125
1719466779017,242.9,125
1719466779017,242.9,125
1719466779017,242.9,125
1719466779017,242.9,125
1719466785191,242.1,25
1719466785191,242.1,25
1719466785191,242.1,25
1719466789312,242.3,25
1719466789312,242.3,25
1719466789312,242.3,25
1719466789312,242.3,25
1719466789312,242.3,25
1719466795009,242.95,75
1719466795009,242.95,75
1719466795009,242.95,75
1719466795009,242.95,75
1719466795009,242.95,75
1719466795009,242.95,75
1719466795009,242.95,75
1719466795009,242.95,75
1719466795009,242.95,75
1719466795009,242.95,75
1719466808021,241.8,25
1719466808021,241.8,25
1719466808021,241.8,25
1719466808021,241.8,25
1719466808021,241.8,25
1719466808021,241.8,25
1719466808021,241.8,25
1719466808021,241.8,25
1719466808021,241.8,25
1719466808021,241.8,25
1719466808021,241.8,25
1719466808021,241.8,25
1719466808021,241.8,25
1719466808021,241.8,25
1719466808021,241.8,25
1719466808021,241.8,25
1719466808021,241.8,25
1719466808021,241.8,25
1719466808021,241.8,25
1719466836542,240.0,25
1719466836818,239.4,100
1719466836818,239.4,100
1719466836818,239.4,100
1719466839820,240.75,100
1719466839820,240.75,100
1719466839820,240.75,100
1719466843296,240.3,125
1719466843296,240.3,125
1719466843296,240.3,125
1719466843296,240.3,125
1719466843296,240.3,125
1719466843296,240.3,125
1719466843296,240.3,125
1719466843296,240.3,125
1719466854747,237.75,75
1719466854747,237.75,75
1719466856226,235.0,25
1719466857311,235.35,25
1719466857700,235.7,25
1719466857999,235.9,25
1719466857999,235.9,25
1719466857999,235.9,25
1719466857999,235.9,25
1719466862583,236.05,25
1719466862583,236.05,25
1719466862583,236.05,25
1719466862583,236.05,25
1719466862583,236.05,25
1719466862583,236.05,25
1719466862583,236.05,25
1719466872063,232.8,25
1719466872063,232.8,25
1719466872063,232.8,25
1719466872063,232.8,25
1719466876623,233.0,25
1719466876623,233.0,25
1719466876623,233.0,25
1719466876623,233.0,25
1719466876623,233.0,25
1719466876623,233.0,25
1719466885177,233.7,25
1719466885177,233.7,25
1719466885177,233.7,25
1719466885177,233.7,25
1719466885177,233.7,25
1719466885177,233.7,25
1719466885177,233.7,25
1719466885177,233.7,25
1719466885177,233.7,25
1719466885177,233.7,25
1719466885177,233.7,25
1719466900655,234.45,25
1719466900655,234.45,25
1719466900655,234.45,25
1719466900655,234.45,25
1719466900655,234.45,25
1719466906661,234.7,150
1719466906661,234.7,150
1719466906661,234.7,150
1719466906661,234.7,150
1719466906661,234.7,150
1719466914247,235.0,50
1719466914423,235.0,225
1719466914423,235.0,225
1719466914423,235.0,225
1719466914423,235.0,225
1719466919110,233.0,25
1719466919110,233.0,25
1719466920255,232.8,50
1719466920255,232.8,50
1719466920255,232.8,50
1719466920255,232.8,50
1719466920255,232.8,50
1719466920255,232.8,50
1719466927250,232.4,75
1719466927250,232.4,75
1719466927250,232.4,75
1719466929825,232.05,100
1719466929825,232.05,100
1719466932002,232.6,25
1719466932002,232.6,25
1719466932002,232.6,25
1719466935445,232.6,50
1719466935445,232.6,50
1719466935445,232.6,50
1719466935445,232.6,50
1719466935445,232.6,50
1719466935445,232.6,50
1719466935445,232.6,50
1719466935445,232.6,50
1719466947395,233.15,75
1719466947395,233.15,75
1719466947395,233.15,75
1719466947395,233.15,75
1719466947395,233.15,75
1719466947395,233.15,75
1719466947395,233.15,75
1719466956258,234.0,25
1719466956258,234.0,25
1719466956258,234.0,25
1719466956258,234.0,25
1719466956258,234.0,25
1719466956258,234.0,25
1719466956258,234.0,25
1719466956258,234.0,25
1719466956258,234.0,25
1719466970162,230.55,75
1719466970259,229.9,50
1719466971220,228.05,150
1719466971220,228.05,150
1719466971220,228.05,150
1719466971220,228.05,150
1719466971220,228.05,150
1719466971220,228.05,150
1719466978466,228.5,50
1719466978466,228.5,50
1719466980200,226.2,25
1719466980777,225.45,25
1719466980777,225.45,25
1719466981576,223.9,75
1719466982349,223.1,25
1719466982349,223.1,25
1719466982349,223.1,25
1719466986154,224.8,25
1719466986154,224.8,25
1719466986154,224.8,25
1719466986154,224.8,25
1719466990036,223.85,25
1719466990928,224.25,25
1719466990928,224.25,25
1719466992638,224.35,25
1719466992638,224.35,25
1719466992638,224.35,25
1719466992638,224.35,25
1719466996227,222.75,25
1719466996227,222.75,25
1719466998219,222.55,25
1719466999370,222.1,25
1719466999370,222.1,25
1719466999370,222.1,25
1719466999370,222.1,25
1719466999370,222.1,25
1719467005084,223.0,50
1719467005084,223.0,50
1719467006640,222.45,50
1719467006640,222.45,50
1719467006640,222.45,50
1719467006640,222.45,50
1719467006640,222.45,50
1719467012120,224.2,25
1719467012547,223.1,50
1719467012547,223.1,50
1719467012547,223.1,50
1719467014864,225.4,25
1719467014864,225.4,25
1719467014864,225.4,25
1719467014864,225.4,25
1719467020011,222.15,25
1719467020011,222.15,25
1719467020011,222.15,25
1719467020011,222.15,25
1719467024797,221.45,50
1719467024797,221.45,50
1719467024797,221.45,50
1719467024797,221.45,50
1719467024797,221.45,50
1719467031256,220.05,25
1719467031594,219.55,25
1719467031594,219.55,25
1719467031594,219.55,25
1719467035285,220.2,25
1719467035285,220.2,25
1719467035285,220.2,25
1719467035285,220.2,25
1719467040118,220.85,50
1719467040279,220.0,25
1719467040279,220.0,25
1719467040279,220.0,25
1719467040279,220.0,25
1719467043357,222.75,200
1719467043697,222.8,100
1719467043697,222.8,100
1719467043697,222.8,100
1719467043697,222.8,100
1719467043697,222.8,100
1719467043697,222.8,100
1719467043697,222.8,100
1719467043697,222.8,100
1719467043697,222.8,100
1719467043697,222.8,100
1719467043697,222.8,100
1719467043697,222.8,100
1719467043697,222.8,100
1719467043697,222.8,100
1719467043697,222.8,100
1719467043697,222.8,100
1719467043697,222.8,100
1719467043697,222.8,100
1719467043697,222.8,100
1719467043697,222.8,100
1719467043697,222.8,100
1719467043697,222.8,100
1719467043697,222.8,100
1719467043697,222.8,100
1719467043697,222.8,100
1719467043697,222.8,100
1719467043697,222.8,100
1719467043697,222.8,100
1719467043697,222.8,100
1719467091401,224.3,25
1719467091401,224.3,25
1719467091401,224.3,25
1719467096169,224.55,375
1719467096169,224.55,375
1719467096169,224.55,375
1719467096169,224.55,375
1719467096169,224.55,375
1719467096169,224.55,375
1719467102292,223.7,25
1719467102292,223.7,25
1719467103182,225.1,25
1719467103182,225.1,25
1719467103182,225.1,25
