time,price,volume
1719461502221,142.05,75
1719461502221,142.05,75
1719461504038,142.75,75
1719461504038,142.75,75
1719461504038,142.75,75
1719461507185,142.8,25
1719461508163,143.15,25
1719461508437,143.3,25
1719461508437,143.3,25
1719461509948,142.55,75
1719461509948,142.55,75
1719461511114,142.4,100
1719461511114,142.4,100
1719461512706,142.55,100
1719461512706,142.55,100
1719461512706,142.55,100
1719461516190,144.05,50
1719461516791,144.2,75
1719461516791,144.2,75
1719461518081,142.5,25
1719461518513,142.3,25
1719461518513,142.3,25
1719461519882,142.9,75
1719461520196,142.9,50
1719461520196,142.9,50
1719461521573,142.5,75
1719461521573,142.5,75
1719461522490,142.0,25
1719461523735,141.0,350
1719461523735,141.0,350
1719461524573,140.45,100
1719461524573,140.45,100
1719461526031,140.3,25
1719461526031,140.3,25
1719461526031,140.3,25
1719461526031,140.3,25
1719461530434,139.15,25
1719461530434,139.15,25
1719461531569,139.45,25
1719461531569,139.45,25
1719461532951,140.3,25
1719461533868,139.65,25
1719461534819,139.7,75
1719461535277,139.95,25
1719461536053,139.4,25
1719461536760,139.3,75
1719461537540,139.2,50
1719461537540,139.2,50
1719461539577,139.45,50
1719461539577,139.45,50
1719461541780,138.65,75
1719461542177,138.55,100
1719461542177,138.55,100
1719461543209,138.0,25
1719461543209,138.0,25
1719461545428,137.25,25
1719461545571,137.15,25
1719461545571,137.15,25
1719461546190,136.5,125
1719461547029,137.65,25
1719461547029,137.65,25
1719461548612,138.2,100
1719461548612,138.2,100
1719461549256,138.25,50
1719461549256,138.25,50
1719461549256,138.25,50
1719461549256,138.25,50
1719461549256,138.25,50
1719461549256,138.25,50
1719461556248,138.85,50
1719461557069,138.65,25
1719461557069,138.65,25
1719461558574,138.7,50
1719461558918,139.25,75
1719461559251,139.35,50
1719461560038,138.9,50
1719461561535,139.15,175
1719461561535,139.15,175
1719461563056,137.95,100
1719461563056,137.95,100
1719461564533,137.25,25
1719461564533,137.25,25
1719461565830,137.25,50
1719461567176,136.95,75
1719461567176,136.95,75
1719461567556,137.2,50
1719461568369,137.25,25
1719461568848,137.6,25
1719461569392,137.55,50
1719461570471,137.25,50
1719461571651,138.2,25
1719461571651,138.2,25
1719461574006,137.75,25
1719461574006,137.75,25
1719461576611,139.25,25
1719461576854,139.1,25
1719461576854,139.1,25
1719461578190,139.65,50
1719461578970,139.75,75
1719461579652,139.8,225
1719461580600,139.35,25
1719461580600,139.35,25
1719461581816,139.1,25
1719461582381,139.1,25
1719461582381,139.1,25
1719461583292,139.65,50
1719461583979,139.95,50
1719461583979,139.95,50
1719461583979,139.95,50
1719461585771,138.95,25
1719461586594,138.45,50
1719461586816,138.85,50
1719461586816,138.85,50
1719461588435,138.3,50
1719461588435,138.3,50
1719461589244,138.4,150
1719461589244,138.4,150
1719461590820,137.95,25
1719461590820,137.95,25
1719461590820,137.95,25
1719461595605,138.7,25
1719461595966,138.85,25
1719461595966,138.85,25
1719461595966,138.85,25
1719461600320,139.5,50
1719461600320,139.5,50
1719461601529,140.0,25
1719461602173,139.45,25
1719461602173,139.45,25
1719461602173,139.45,25
1719461602173,139.45,25
1719461605688,139.75,25
1719461606572,140.1,75
1719461607462,139.0,50
1719461607462,139.0,50
1719461608646,138.6,25
1719461608803,138.9,25
1719461608803,138.9,25
1719461608803,138.9,25
1719461610826,138.9,25
1719461610868,138.9,50
1719461610868,138.9,50
1719461610868,138.9,50
1719461615623,138.75,25
1719461615623,138.75,25
1719461616680,139.15,50
1719461616680,139.15,50
1719461618152,138.15,25
1719461618152,138.15,25
1719461619276,138.75,50
1719461619583,138.7,25
1719461620677,139.35,75
1719461621586,139.95,25
1719461622385,139.85,25
1719461622385,139.85,25
1719461622385,139.85,25
1719461624225,140.0,25
1719461624225,140.0,25
1719461625813,141.35,175
1719461626641,141.2,250
1719461626641,141.2,250
1719461628070,141.6,75
1719461628070,141.6,75
1719461628070,141.6,75
1719461631182,141.55,150
1719461632358,140.95,150
1719461633042,142.1,25
1719461633680,141.9,25
1719461633680,141.9,25
1719461633680,141.9,25
1719461636506,141.85,25
1719461637293,141.3,25
1719461637293,141.3,25
1719461638967,141.15,25
1719461638967,141.15,25
1719461641341,141.2,50
1719461641341,141.2,50
1719461641341,141.2,50
1719461644995,141.2,25
1719461645562,141.45,25
1719461646140,141.1,25
1719461646859,141.3,25
1719461646859,141.3,25
1719461646859,141.3,25
1719461649306,141.4,25
1719461650402,141.3,50
1719461650402,141.3,50
1719461651110,141.4,50
1719461651110,141.4,50
1719461652479,141.55,25
1719461652926,142.0,100
1719461653529,142.0,25
1719461653529,142.0,25
1719461655150,141.95,100
1719461655150,141.95,100
1719461656902,141.95,25
1719461657213,141.6,25
1719461657213,141.6,25
1719461658397,141.2,75
1719461658397,141.2,75
1719461658397,141.2,75
1719461658397,141.2,75
1719461663190,139.5,25
1719461663387,139.5,25
1719461663889,139.65,125
1719461664159,139.45,50
1719461664159,139.45,50
1719461665853,139.95,25
1719461665853,139.95,25
1719461667919,141.15,25
1719461667919,141.15,25
1719461669701,141.15,25
1719461669701,141.15,25
1719461669701,141.15,25
1719461673854,140.9,75
1719461673854,140.9,75
1719461675449,140.65,25
1719461675449,140.65,25
1719461676468,141.15,25
1719461676468,141.15,25
1719461678062,140.65,25
1719461678308,140.8,150
1719461678308,140.8,150
1719461679990,140.05,25
1719461679990,140.05,25
1719461679990,140.05,25
1719461683957,141.4,125
1719461683957,141.4,125
1719461685129,141.25,25
1719461685129,141.25,25
1719461687153,141.0,50
1719461687153,141.0,50
1719461688395,140.95,25
1719461688395,140.95,25
1719461689503,140.8,25
1719461689535,141.05,75
1719461689840,141.35,150
1719461691542,141.4,50
1719461691542,141.4,50
1719461693801,141.55,50
1719461693801,141.55,50
1719461693801,141.55,50
1719461696388,141.0,25
1719461696388,141.0,25
1719461697948,141.2,200
1719461698183,140.85,25
1719461698183,140.85,25
1719461698183,140.85,25
1719461700849,141.3,25
1719461701334,141.75,75
1719461702416,142.45,75
1719461702581,142.2,25
1719461703066,141.5,25
1719461703066,141.5,25
1719461704477,141.75,250
1719461705894,141.05,25
1719461706693,140.45,25
1719461706693,140.45,25
1719461707931,139.4,25
1719461707931,139.4,25
1719461707931,139.4,25
1719461710156,140.7,50
1719461710156,140.7,50
1719461711674,141.3,25
1719461711674,141.3,25
1719461712778,141.4,25
1719461712778,141.4,25
1719461712778,141.4,25
1719461716323,140.2,50
1719461716712,140.0,25
1719461717604,140.15,200
1719461717604,140.15,200
1719461720350,142.0,25
1719461720350,142.0,25
1719461721100,141.6,25
1719461722077,141.0,25
1719461722077,141.0,25
1719461722077,141.0,25
1719461724063,140.95,25
1719461748333,144.65,25
1719461749086,145.05,25
1719461749475,145.7,75
1719461749475,145.7,75
1719461750982,145.85,175
1719461750982,145.85,175
1719461752888,146.15,25
1719461753140,146.75,100
1719461753140,146.75,100
1719461755014,146.2,50
1719461755014,146.2,50
1719461755014,146.2,50
1719461758407,145.55,50
1719461758601,145.65,25
1719461758601,145.65,25
1719461759971,145.9,200
1719461759971,145.9,200
1719461759971,145.9,200
1719461760990,145.95,50
1719461761854,146.7,50
1719461762279,147.45,25
1719461762279,147.45,25
1719461763339,146.8,25
1719461763339,146.8,25
1719461764736,147.15,25
1719461765755,146.2,25
1719461765847,146.35,25
1719461766646,146.8,250
1719461767375,146.25,25
1719461767375,146.25,25
1719461768504,145.75,50
1719461768504,145.75,50
1719461769740,146.05,50
1719461770698,146.3,50
1719461770698,146.3,50
1719461771669,146.45,25
1719461772459,145.55,25
1719461772459,145.55,25
1719461772459,145.55,25
1719461774955,145.35,25
1719461775650,145.9,25
1719461775894,145.9,300
1719461776314,145.4,50
1719461776314,145.4,50
1719461776314,145.4,50
1719461779177,145.9,150
1719461780339,145.5,25
1719461780339,145.5,25
1719461780905,145.5,25
1719461781140,146.4,50
1719461782310,146.45,25
1719461782310,146.45,25
1719461783889,146.3,50
1719461783889,146.3,50
1719461784387,146.5,25
1719461785497,146.6,50
1719461785497,146.6,50
1719461787147,147.75,25
1719461787147,147.75,25
1719461788001,149.0,100
1719461788001,149.0,100
1719461789201,148.95,25
1719461789612,149.15,25
1719461789612,149.15,25
1719461791899,148.45,25
1719461792481,148.35,25
1719461792481,148.35,25
1719461793725,148.6,50
1719461793725,148.6,50
1719461794618,148.1,25
1719461794618,148.1,25
1719461795868,148.55,25
1719461797336,147.9,50
1719461797470,148.4,50
1719461797470,148.4,50
1719461798675,149.15,25
1719461798984,149.2,25
1719461798984,149.2,25
1719461800581,148.5,25
1719461801875,149.15,25
1719461801875,149.15,25
1719461803100,149.0,25
1719461803552,148.6,50
1719461804140,149.1,50
1719461804140,149.1,50
1719461805748,148.9,250
1719461806418,148.85,25
1719461807228,148.85,50
1719461807228,148.85,50
1719461808567,148.9,25
1719461808567,148.9,25
1719461809640,149.0,25
1719461810466,148.85,75
1719461810798,149.0,25
1719461811375,148.95,25
1719461812279,148.9,50
1719461812279,148.9,50
1719461813252,148.5,25
1719461813955,148.8,25
1719461813955,148.8,25
1719461815357,148.5,100
1719461816124,148.4,100
1719461817139,147.0,25
1719461817139,147.0,25
1719461818727,147.05,25
1719461818931,147.45,25
1719461818931,147.45,25
1719461818931,147.45,25
1719461818931,147.45,25
1719461818931,147.45,25
1719461824742,146.0,25
1719461825309,146.6,25
1719461825936,146.85,25
1719461827402,145.8,25
1719461827402,145.8,25
1719461827402,145.8,25
1719461829299,146.55,25
1719461829299,146.55,25
1719461831039,145.05,75
1719461831303,145.55,25
1719461831303,145.55,25
1719461833446,146.6,25
1719461834162,148.05,25
1719461835226,148.15,150
1719461835817,148.85,25
1719461835817,148.85,25
1719461836969,148.2,125
1719461836969,148.2,125
1719461838390,147.1,25
1719461838912,146.95,25
1719461838912,146.95,25
1719461839950,146.8,150
1719461840127,146.3,25
1719461840127,146.3,25
1719461840127,146.3,25
1719461844075,146.5,25
1719461844075,146.5,25
1719461846131,147.0,25
1719461846131,147.0,25
1719461846131,147.0,25
1719461846131,147.0,25
1719461846131,147.0,25
1719461846131,147.0,25
1719461846131,147.0,25
1719461854318,147.1,50
1719461854318,147.1,50
1719461854318,147.1,50
1719461858146,147.0,25
1719461858256,146.7,50
1719461858983,146.75,75
1719461858983,146.75,75
1719461860541,146.25,150
1719461860541,146.25,150
1719461861644,147.1,25
1719461861644,147.1,25
1719461861644,147.1,25
1719461861644,147.1,25
1719461861644,147.1,25
1719461867670,147.1,25
1719461869064,147.15,25
1719461869662,147.1,25
1719461869662,147.1,25
1719461872263,146.25,50
1719461872263,146.25,50
1719461873737,146.0,25
1719461873737,146.0,25
1719461874886,145.0,75
1719461875940,145.5,25
1719461875940,145.5,25
1719461877356,145.25,50
1719461877356,145.25,50
1719461877356,145.25,50
1719461879721,145.35,25
1719461879721,145.35,25
1719461879721,145.35,25
1719461881915,144.35,25
1719461882103,144.3,250
1719461882103,144.3,250
1719461882103,144.3,250
1719461882103,144.3,250
1719461886306,145.25,25
1719461886523,145.7,25
1719461887479,145.45,25
1719461887479,145.45,25
1719461888460,145.2,25
1719461888460,145.2,25
1719461888460,145.2,25
1719461892338,144.05,175
1719461892338,144.05,175
1719461892881,144.0,25
1719461892881,144.0,25
1719461894579,144.6,25
1719461894883,144.5,50
1719461894883,144.5,50
1719461896230,144.5,25
1719461896230,144.5,25
1719461897791,144.5,25
1719461898533,144.25,25
1719461898906,144.0,25
1719461899792,144.55,25
1719461900509,145.0,25
1719461901079,144.9,200
1719461901967,145.8,25
1719461901967,145.8,25
1719461903289,145.8,525
1719461903289,145.8,525
1719461903289,145.8,525
1719461903289,145.8,525
1719461908903,144.6,25
1719461908903,144.6,25
1719461910660,144.0,25
1719461910660,144.0,25
1719461912056,143.7,250
1719461912595,144.15,25
1719461912595,144.15,25
1719461913595,143.7,25
1719461913595,143.7,25
1719461914856,143.1,25
1719461914856,143.1,25
1719461916083,143.15,50
1719461916832,142.95,25
1719461917036,142.95,75
1719461917036,142.95,75
1719461917036,142.95,75
1719461917036,142.95,75
1719461922131,144.65,25
1719461922131,144.65,25
1719461923493,144.5,250
1719461923493,144.5,250
1719461925369,144.7,50
1719461925666,145.2,50
1719461926771,145.4,75
1719461926920,145.05,75
1719461926920,145.05,75
1719461926920,145.05,75
1719461926920,145.05,75
1719461931414,145.05,200
1719461931786,145.05,75
1719461932577,145.1,50
1719461934242,144.9,25
1719461935535,144.6,25
1719461935535,144.6,25
1719461937200,144.4,100
1719461937443,144.45,50
1719461937443,144.45,50
1719461938290,144.35,25
1719461939080,144.7,25
1719461939080,144.7,25
1719461939080,144.7,25
1719461939080,144.7,25
1719461941964,145.15,25
1719461942646,145.1,25
1719461942646,145.1,25
1719461942646,145.1,25
1719461942646,145.1,25
1719461947516,145.95,25
1719461947516,145.95,25
1719461948759,146.05,25
1719461948759,146.05,25
1719461949361,146.1,50
1719461950373,146.45,50
1719461950373,146.45,50
1719461951928,146.15,25
1719461951928,146.15,25
1719461953471,146.15,25
1719461953471,146.15,25
1719461954304,146.3,25
1719461954923,145.85,75
1719461954923,145.85,75
1719461954923,145.85,75
1719461958526,147.05,50
1719461958526,147.05,50
1719461958526,147.05,50
1719461961481,149.0,25
1719461961867,149.9,175
1719461962416,149.25,50
1719461962416,149.25,50
1719461963838,149.8,25
1719461963838,149.8,25
1719461964785,149.75,125
1719461965474,150.25,150
1719461965474,150.25,150
1719461966706,149.5,25
1719461967166,149.15,25
1719461967655,149.1,50
1719461967655,149.1,50
1719461969844,149.8,25
1719461970276,149.8,50
1719461970276,149.8,50
1719461970276,149.8,50
1719461972682,149.7,25
1719461972969,149.7,25
1719461974265,149.15,100
1719461974988,149.0,25
1719461975244,149.35,25
1719461975244,149.35,25
1719461977973,149.5,25
1719461977973,149.5,25
1719461979426,148.8,25
1719461979426,148.8,25
1719461982637,149.05,75
1719461982637,149.05,75
1719461983420,150.0,25
1719461983420,150.0,25
1719461984966,150.9,150
1719461986047,150.3,25
1719461986424,150.55,25
1719461986424,150.55,25
1719461986424,150.55,25
1719461989301,150.25,25
1719461990467,150.75,50
1719461990467,150.75,50
1719461992381,150.4,50
1719461992381,150.4,50
1719461993894,150.15,75
1719461993894,150.15,75
1719461994974,150.85,100
1719461994974,150.85,100
1719461996858,149.1,325
1719461996994,149.65,50
1719461996994,149.65,50
1719461998245,149.9,25
1719461998245,149.9,25
1719462000467,149.65,50
1719462000467,149.65,50
1719462000467,149.65,50
1719462001205,150.1,25
1719462001741,150.3,125
1719462002348,151.1,25
1719462002348,151.1,25
1719462003024,151.0,450
1719462004092,150.3,25
1719462005028,150.3,25
1719462005132,150.7,50
1719462005938,150.3,125
1719462005938,150.3,125
1719462007017,151.0,175
1719462007017,151.0,175
1719462008904,152.0,25
1719462008904,152.0,25
1719462009810,151.55,50
1719462010711,151.95,100
1719462010711,151.95,100
1719462011583,151.0,25
1719462011583,151.0,25
1719462012709,151.35,50
1719462012709,151.35,50
1719462014546,151.55,25
1719462015928,151.5,50
1719462016928,151.7,50
1719462016928,151.7,50
1719462017870,152.2,50
1719462018794,152.25,25
1719462019070,152.15,25
1719462019711,152.15,25
1719462020752,151.95,75
1719462020752,151.95,75
1719462021611,151.75,1000
1719462021611,151.75,1000
1719462023226,150.65,25
1719462023467,150.25,50
1719462023467,150.25,50
1719462024886,149.8,275
1719462025604,149.75,75
1719462026801,150.0,25
1719462027549,149.8,25
1719462027549,149.8,25
1719462028726,150.25,25
1719462029223,150.0,75
1719462029223,150.0,75
1719462029223,150.0,75
1719462029223,150.0,75
1719462032238,150.75,25
1719462032238,150.75,25
1719462032238,150.75,25
1719462035228,149.85,25
1719462035690,150.55,25
1719462035941,150.7,25
1719462036679,151.0,875
1719462037620,150.4,25
1719462037620,150.4,25
1719462037620,150.4,25
1719462037620,150.4,25
1719462041079,151.0,200
1719462041931,150.05,50
1719462042208,150.0,250
1719462042208,150.0,250
1719462044294,149.7,200
1719462044294,149.7,200
1719462044294,149.7,200
1719462044294,149.7,200
1719462044294,149.7,200
1719462051186,151.5,150
1719462051540,151.4,300
1719462052593,152.0,250
1719462052593,152.0,250
1719462053150,152.05,25
1719462054229,152.1,25
1719462054229,152.1,25
1719462054229,152.1,25
1719462054229,152.1,25
1719462058676,150.45,25
1719462058676,150.45,25
1719462059492,150.2,25
1719462059492,150.2,25
1719462059492,150.2,25
1719462061334,151.05,25
1719462061773,152.0,25
1719462061773,152.0,25
1719462061773,152.0,25
1719462061773,152.0,25
1719462066073,150.75,50
1719462066856,150.7,25
1719462066856,150.7,25
1719462068901,150.7,25
1719462068901,150.7,25
1719462070316,150.35,25
1719462070316,150.35,25
1719462071660,150.2,250
1719462071660,150.2,250
1719462071660,150.2,250
1719462071660,150.2,250
1719462076853,150.5,50
1719462076853,150.5,50
1719462077952,150.4,25
1719462078732,150.5,25
1719462078732,150.5,25
1719462080366,150.15,25
1719462080963,150.85,150
1719462081127,150.4,100
1719462081874,150.2,25
1719462082573,150.05,25
1719462082781,148.75,50
1719462083430,149.25,25
1719462084400,149.25,150
1719462084592,148.95,225
1719462084592,148.95,225
1719462086777,148.65,100
1719462086777,148.65,100
1719462087366,149.25,50
1719462087962,149.05,50
1719462088919,149.25,250
1719462088919,149.25,250
1719462088919,149.25,250
1719462088919,149.25,250
1719462091447,148.45,50
1719462091672,148.4,50
1719462092252,148.85,25
1719462092252,148.85,25
1719462093472,148.55,125
1719462093472,148.55,125
1719462094852,148.0,25
1719462095791,148.0,125
1719462095791,148.0,125
1719462095791,148.0,125
1719462097843,148.0,50
1719462097843,148.0,50
1719462100340,148.4,50
1719462100525,148.25,50
1719462101303,147.85,25
1719462101303,147.85,25
1719462103088,147.95,150
1719462103088,147.95,150
1719462105321,147.75,125
1719462105786,147.7,25
1719462105786,147.7,25
1719462106991,147.65,25
1719462106991,147.65,25
1719462107672,147.85,25
1719462108523,148.35,25
1719462108523,148.35,25
1719462110676,149.05,125
1719462110676,149.05,125
1719462111757,148.75,75
1719462111757,148.75,75
1719462112842,148.95,75
1719462113913,148.8,25
1719462114313,148.55,25
1719462114313,148.55,25
1719462114313,148.55,25
1719462116576,148.0,25
1719462117159,147.85,25
1719462117615,147.9,25
1719462117615,147.9,25
1719462119334,147.0,50
1719462119593,147.0,50
1719462120106,147.35,25
1719462120106,147.35,25
1719462120106,147.35,25
1719462121947,146.9,25
1719462122233,146.1,25
1719462122233,146.1,25
1719462122233,146.1,25
1719462124901,146.3,25
1719462126029,146.5,25
1719462126029,146.5,25
1719462126589,146.4,50
1719462127567,146.35,25
1719462127567,146.35,25
1719462127567,146.35,25
1719462129643,146.2,25
1719462130161,146.55,25
1719462131058,146.0,125
1719462131058,146.0,125
1719462133021,145.95,25
1719462133021,145.95,25
1719462135844,146.65,25
1719462135844,146.65,25
1719462135844,146.65,25
1719462138198,146.6,25
1719462138198,146.6,25
1719462138198,146.6,25
1719462141217,145.85,25
1719462141217,145.85,25
1719462143074,145.7,100
1719462143397,145.6,75
1719462144253,145.15,50
1719462144253,145.15,50
1719462144253,145.15,50
1719462147230,146.1,25
1719462147230,146.1,25
1719462148344,146.9,150
1719462148795,146.6,250
1719462149457,146.65,25
1719462149771,146.65,25
1719462149771,146.65,25
1719462149771,146.65,25
1719462149771,146.65,25
1719462154216,146.25,175
1719462154216,146.25,175
1719462154746,146.65,25
1719462154746,146.65,25
1719462154746,146.65,25
1719462154746,146.65,25
1719462154746,146.65,25
1719462154746,146.65,25
1719462154746,146.65,25
1719462154746,146.65,25
1719462166628,146.0,50
1719462166628,146.0,50
1719462169574,144.35,125
1719462169695,144.0,75
1719462169695,144.0,75
1719462171390,144.8,25
1719462172016,144.9,25
1719462172016,144.9,25
1719462172016,144.9,25
1719462173397,145.95,125
1719462174409,146.55,25
1719462174409,146.55,25
1719462174409,146.55,25
1719462174409,146.55,25
1719462178129,144.7,25
1719462178765,144.0,25
1719462179366,144.4,25
1719462179625,144.25,250
1719462179625,144.25,250
1719462179625,144.25,250
1719462181523,144.45,50
1719462182598,144.85,25
1719462182598,144.85,25
1719462183792,144.2,25
1719462183792,144.2,25
1719462185998,144.35,50
1719462185998,144.35,50
1719462186989,143.7,25
1719462186989,143.7,25
1719462188660,143.7,25
1719462188660,143.7,25
1719462188660,143.7,25
1719462192143,144.7,25
1719462192626,144.55,25
1719462192626,144.55,25
1719462193509,144.55,25
1719462193509,144.55,25
1719462195228,143.75,25
1719462195228,143.75,25
1719462195228,143.75,25
1719462195228,143.75,25
1719462200057,144.0,50
1719462200057,144.0,50
1719462201567,144.45,100
1719462202654,144.85,25
1719462202654,144.85,25
1719462203249,145.1,25
1719462204110,145.25,50
1719462204408,145.9,25
1719462204408,145.9,25
1719462204408,145.9,25
1719462206509,145.9,150
1719462207177,145.45,50
1719462207674,145.45,75
1719462207674,145.45,75
1719462207674,145.45,75
1719462211038,144.4,25
1719462211281,144.45,25
1719462212476,144.2,25
1719462212476,144.2,25
1719462212476,144.2,25
1719462212476,144.2,25
1719462216973,144.65,50
1719462216973,144.65,50
1719462216973,144.65,50
1719462221074,144.75,50
1719462221074,144.75,50
1719462222799,144.45,50
1719462223862,144.7,25
1719462223862,144.7,25
1719462225083,144.45,75
1719462225319,144.4,25
1719462225319,144.4,25
1719462225319,144.4,25
1719462230198,144.1,25
1719462230366,144.3,25
1719462230366,144.3,25
1719462232850,143.75,175
1719462232850,143.75,175
1719462233865,144.4,125
1719462234399,144.3,25
1719462234399,144.3,25
1719462234399,144.3,25
1719462234399,144.3,25
1719462234399,144.3,25
1719462234399,144.3,25
1719462241002,144.5,25
1719462241002,144.5,25
1719462241613,145.05,50
1719462241613,145.05,50
1719462244397,145.3,50
1719462244397,145.3,50
1719462244905,145.25,25
1719462244905,145.25,25
1719462246344,145.15,25
1719462246777,145.8,150
1719462246777,145.8,150
1719462248195,145.45,150
1719462248430,145.45,25
1719462249119,145.25,75
1719462249119,145.25,75
1719462251058,144.9,50
1719462251058,144.9,50
1719462251058,144.9,50
1719462253950,145.45,25
1719462255241,145.75,25
1719462255241,145.75,25
1719462256939,145.35,200
1719462256939,145.35,200
1719462256939,145.35,200
1719462256939,145.35,200
1719462262127,145.7,50
1719462262127,145.7,50
1719462264358,146.1,25
1719462264358,146.1,25
1719462265142,146.0,50
1719462266051,145.75,25
1719462266051,145.75,25
1719462266051,145.75,25
1719462266051,145.75,25
1719462269794,146.6,25
1719462269794,146.6,25
1719462269794,146.6,25
1719462271534,146.25,25
1719462272143,146.05,75
1719462272143,146.05,75
1719462272143,146.05,75
1719462272143,146.05,75
1719462272143,146.05,75
1719462278441,147.5,25
1719462279119,147.65,25
1719462279490,147.65,25
1719462279490,147.65,25
1719462281079,147.75,50
1719462281079,147.75,50
1719462281079,147.75,50
1719462281079,147.75,50
1719462287280,147.2,25
1719462287280,147.2,25
1719462288011,146.9,25
1719462288011,146.9,25
1719462289856,148.05,50
1719462289985,148.1,25
1719462291308,148.6,25
1719462292176,148.75,50
1719462292625,149.15,25
1719462292625,149.15,25
1719462294062,148.2,75
1719462294062,148.2,75
1719462294062,148.2,75
1719462296320,147.7,25
1719462296680,147.95,25
1719462297845,147.85,25
1719462297845,147.85,25
1719462299072,148.75,100
1719462299072,148.75,100
1719462300488,149.1,75
1719462300488,149.1,75
1719462300488,149.1,75
1719462300488,149.1,75
1719462300488,149.1,75
1719462300488,149.1,75
1719462300488,149.1,75
1719462300488,149.1,75
1719462309364,148.8,50
1719462309364,148.8,50
1719462309858,148.0,25
1719462309858,148.0,25
1719462312042,149.45,75
1719462312850,150.25,50
1719462312850,150.25,50
1719462313886,150.15,50
1719462313886,150.15,50
1719462315220,150.3,25
1719462316265,150.0,50
1719462316265,150.0,50
1719462316580,149.35,25
1719462317803,150.55,25
1719462317803,150.55,25
1719462317803,150.55,25
1719462320973,149.25,50
1719462320973,149.25,50
1719462322066,149.4,25
1719462322066,149.4,25
1719462323338,149.5,25
1719462323338,149.5,25
1719462323338,149.5,25
1719462323338,149.5,25
1719462328044,150.05,25
1719462328354,150.8,50
1719462328354,150.8,50
1719462330067,149.95,25
1719462330067,149.95,25
1719462330067,149.95,25
1719462331709,150.5,50
1719462332598,149.5,25
1719462332598,149.5,25
1719462333288,149.7,50
1719462333487,149.9,25
1719462333487,149.9,25
1719462335122,150.25,25
1719462335122,150.25,25
1719462337966,149.9,25
1719462337966,149.9,25
1719462337966,149.9,25
1719462341066,150.0,25
1719462341066,150.0,25
1719462341066,150.0,25
1719462343172,150.4,25
1719462343172,150.4,25
1719462343172,150.4,25
1719462347586,149.85,250
1719462347586,149.85,250
1719462347586,149.85,250
1719462350236,150.05,150
1719462351083,150.1,25
1719462351083,150.1,25
1719462351751,150.25,225
1719462352728,149.7,25
1719462352728,149.7,25
1719462353658,150.0,225
1719462353658,150.0,225
1719462354904,149.35,25
1719462356264,149.4,125
1719462356264,149.4,125
1719462357810,149.15,25
1719462358865,148.55,75
1719462359308,149.5,275
1719462359308,149.5,275
1719462361154,148.85,25
1719462361927,149.6,25
1719462361927,149.6,25
1719462363991,149.35,25
1719462363991,149.35,25
1719462365048,148.55,25
1719462365270,148.3,50
1719462365270,148.3,50
1719462367708,147.75,25
1719462367708,147.75,25
1719462368146,147.95,175
1719462368146,147.95,175
1719462371284,148.3,25
1719462371284,148.3,25
1719462372152,149.0,125
1719462372858,149.25,50
1719462374117,149.05,25
1719462374117,149.05,25
1719462375674,148.95,200
1719462375674,148.95,200
1719462377405,149.15,200
1719462377405,149.15,200
1719462378116,148.55,25
1719462378116,148.55,25
1719462379990,148.3,25
1719462380994,147.75,25
1719462380994,147.75,25
1719462381625,147.9,25
1719462383025,148.45,25
1719462383025,148.45,25
1719462383025,148.45,25
1719462383025,148.45,25
1719462389584,147.8,25
1719462389584,147.8,25
1719462389584,147.8,25
1719462389584,147.8,25
1719462391775,148.05,50
1719462392595,148.1,125
1719462392595,148.1,125
1719462392595,148.1,125
1719462392595,148.1,125
1719462397186,150.0,100
1719462397186,150.0,100
1719462399861,150.65,75
1719462400183,151.15,50
1719462400954,153.05,50
1719462400954,153.05,50
1719462401678,153.9,25
1719462402737,153.45,75
1719462403376,153.6,25
1719462403376,153.6,25
1719462405554,152.8,75
1719462405554,152.8,75
1719462406727,153.05,75
1719462406847,153.45,25
1719462407780,154.0,25
1719462408120,154.85,25
1719462409665,154.6,25
1719462409665,154.6,25
1719462410116,154.4,50
1719462410172,154.9,50
1719462410172,154.9,50
1719462412273,155.6,25
1719462412626,155.2,50
1719462414126,155.9,25
1719462414900,156.35,25
1719462415151,157.0,25
1719462415987,157.95,50
1719462415987,157.95,50
1719462417082,158.35,25
1719462417582,158.25,25
1719462417582,158.25,25
1719462419224,158.4,50
1719462419461,158.4,50
1719462420547,159.25,50
1719462420547,159.25,50
1719462421145,159.9,50
1719462421145,159.9,50
1719462422270,162.2,25
1719462422978,162.3,25
1719462423504,161.9,25
1719462424254,161.0,175
1719462424606,161.55,25
1719462425432,161.5,25
1719462426445,160.9,25
1719462426445,160.9,25
1719462427132,161.15,25
1719462427876,159.85,50
1719462428159,160.2,25
1719462428956,161.5,125
1719462429380,161.15,25
1719462429867,161.0,775
1719462431085,160.9,25
1719462431488,161.4,25
1719462432119,161.45,300
1719462432601,161.15,25
1719462432601,161.15,25
1719462433610,160.55,50
1719462434665,161.75,25
1719462434665,161.75,25
1719462435880,162.25,50
1719462436470,161.8,50
1719462437097,161.65,25
1719462437937,161.2,25
1719462438201,161.8,50
1719462438688,161.3,25
1719462439623,161.15,25
1719462439927,161.0,25
1719462441135,160.05,50
1719462441195,160.0,25
1719462442030,160.7,25
1719462442601,160.4,25
1719462444309,160.7,100
1719462444618,161.3,75
1719462444919,161.0,50
1719462446083,161.95,50
1719462446541,162.0,150
1719462446919,161.95,25
1719462447737,160.55,25
1719462447737,160.55,25
1719462448943,161.1,25
1719462449724,160.4,25
1719462450162,161.0,25
1719462450583,160.65,25
1719462451100,160.1,50
1719462451324,161.0,50
1719462451859,160.0,25
1719462452412,159.95,50
1719462452412,159.95,50
1719462453978,160.0,25
1719462454541,159.9,25
1719462454777,160.1,50
1719462455632,160.9,50
1719462455632,160.9,50
1719462456941,160.25,25
1719462457648,160.4,25
1719462457648,160.4,25
1719462457648,160.4,25
1719462460752,160.95,25
1719462460988,160.75,25
1719462460988,160.75,25
1719462462185,161.0,25
1719462462702,161.15,25
1719462462702,161.15,25
1719462464282,162.25,50
1719462464282,162.25,50
1719462465436,160.85,25
1719462465788,161.2,50
1719462466432,162.5,25
1719462467066,162.95,150
1719462467943,163.4,50
1719462468335,163.55,25
1719462468812,163.65,25
1719462469639,163.6,25
1719462470170,164.55,25
1719462470866,164.9,25
1719462471552,165.0,50
1719462472136,165.5,25
1719462474118,166.1,75
1719462474699,165.5,25
1719462475352,165.3,25
1719462476132,165.6,25
1719462476595,166.6,25
1719462477103,167.0,50
1719462478147,166.6,225
1719462479163,166.4,25
1719462479688,165.4,325
1719462480132,166.2,25
1719462480844,167.95,25
1719462481299,168.1,50
1719462481299,168.1,50
1719462482249,169.15,25
1719462483175,170.4,25
1719462484172,169.3,150
1719462484747,169.15,25
1719462485119,169.55,25
1719462485972,169.0,25
1719462486200,169.2,50
1719462487225,169.0,25
1719462487862,169.1,150
1719462489441,168.9,625
1719462489939,169.15,25
1719462490495,168.35,25
1719462490950,169.0,25
1719462491453,169.15,25
1719462492152,169.7,75
1719462493156,169.05,25
1719462493404,168.5,25
1719462494169,168.6,100
1719462494973,168.75,25
1719462495341,168.45,25
1719462496042,167.25,50
1719462496417,168.25,25
1719462496990,167.95,100
1719462497916,167.2,25
1719462497916,167.2,25
1719462498635,167.2,150
1719462500020,165.85,25
1719462500123,166.2,25
1719462501023,166.65,25
1719462501634,166.75,50
1719462502202,166.8,25
1719462502760,167.0,125
1719462502760,167.0,125
1719462504061,166.7,25
1719462504761,168.25,25
1719462505385,168.25,25
1719462506538,169.05,25
1719462507173,169.15,75
1719462507938,169.0,25
1719462507938,169.0,25
1719462509069,168.55,25
1719462510040,168.65,50
1719462510040,168.65,50
1719462510679,168.7,25
1719462511173,168.5,25
1719462511173,168.5,25
1719462511969,169.15,25
1719462513177,170.0,50
1719462513177,170.0,50
1719462514298,169.9,25
1719462514298,169.9,25
1719462515261,169.2,100
1719462515915,169.3,50
1719462516615,169.55,25
1719462517129,169.85,100
1719462518177,169.25,100
1719462518351,169.1,250
1719462519070,168.55,50
1719462519862,169.1,50
1719462519862,169.1,50
1719462520991,168.45,25
1719462520991,168.45,25
1719462521760,167.4,125
1719462523439,167.1,25
1719462523486,167.0,25
1719462524288,167.55,50
1719462524937,167.45,25
1719462524937,167.45,25
1719462524937,167.45,25
1719462527358,167.4,25
1719462528001,166.55,25
1719462528487,165.65,25
1719462529165,166.0,25
1719462529753,165.6,125
1719462529753,165.6,125
1719462531121,166.15,25
1719462531121,166.15,25
1719462532051,166.7,25
1719462532051,166.7,25
1719462533557,166.15,25
1719462534805,166.5,25
1719462534805,166.5,25
1719462535422,166.5,25
1719462536239,167.1,125
1719462536471,166.95,25
1719462536471,166.95,25
1719462538409,167.55,50
1719462538409,167.55,50
1719462539096,167.95,75
1719462539833,167.65,50
1719462540350,167.85,25
1719462540350,167.85,25
1719462541047,167.65,25
1719462541047,167.65,25
1719462541974,168.4,25
1719462543486,168.5,25
1719462544017,168.0,125
1719462544685,168.25,25
1719462544685,168.25,25
1719462546131,167.55,50
1719462546617,166.95,125
1719462547147,167.5,25
1719462548254,166.95,25
1719462548254,166.95,25
1719462549005,167.25,25
1719462549866,167.2,25
1719462550062,167.45,50
1719462550601,167.6,100
1719462551563,167.7,50
1719462552373,168.2,50
1719462553305,168.25,25
1719462554162,168.9,25
1719462554700,168.75,25
1719462555105,169.0,25
1719462556290,169.8,25
1719462556551,170.3,50
1719462557111,169.4,25
1719462558275,170.05,25
1719462558275,170.05,25
1719462559498,169.9,25
1719462559690,169.4,75
1719462559690,169.4,75
1719462561084,169.65,50
1719462561650,169.95,25
1719462562224,169.45,25
1719462563253,168.75,25
1719462563253,168.75,25
1719462564176,169.0,25
1719462564860,169.45,100
1719462565200,169.5,75
1719462565841,169.3,25
1719462565841,169.3,25
1719462566891,168.85,25
1719462568429,169.45,50
1719462568870,169.75,50
1719462569779,169.75,25
1719462569779,169.75,25
1719462570744,169.7,50
1719462570744,169.7,50
1719462571675,170.4,25
1719462571842,170.25,50
1719462571842,170.25,50
1719462573430,170.3,25
1719462574222,169.95,25
1719462574222,169.95,25
1719462575366,169.25,25
1719462576364,168.75,275
1719462576663,168.3,25
1719462576956,168.65,25
1719462578405,167.4,50
1719462579404,168.0,25
1719462579404,168.0,25
1719462580038,167.7,25
1719462581153,168.2,25
1719462581408,167.85,25
1719462581408,167.85,25
1719462583254,167.9,50
1719462583254,167.9,50
1719462583900,168.15,25
1719462583900,168.15,25
1719462585145,169.3,75
1719462586252,169.0,25
1719462586651,169.45,25
1719462586651,169.45,25
1719462587292,169.7,25
1719462589031,168.8,25
1719462589849,169.6,25
1719462590125,169.35,25
1719462590630,169.0,25
1719462591737,169.2,25
1719462591737,169.2,25
1719462592587,169.4,25
1719462592587,169.4,25
1719462593924,168.75,50
1719462594939,169.4,25
1719462594939,169.4,25
1719462595368,168.8,100
1719462596560,169.1,50
1719462596560,169.1,50
1719462598206,168.9,25
1719462598206,168.9,25
1719462599076,169.7,50
1719462599805,169.25,25
1719462600454,170.8,25
1719462600770,170.35,100
1719462600971,171.15,50
1719462601405,171.45,125
1719462602194,171.15,50
1719462603370,171.2,375
1719462604176,170.5,25
1719462604982,170.55,75
1719462604982,170.55,75
1719462606225,170.0,25
1719462606700,169.25,50
1719462607081,169.7,100
1719462608252,169.0,25
1719462608252,169.0,25
1719462609124,170.2,25
1719462609613,169.55,25
1719462610207,169.8,25
1719462610861,169.8,50
1719462611484,169.85,100
1719462611484,169.85,100
1719462611484,169.85,100
1719462613992,169.8,50
1719462614155,169.95,50
1719462614155,169.95,50
1719462615300,170.1,25
1719462616025,170.0,50
1719462616567,170.25,75
1719462616930,169.1,25
1719462617485,170.05,150
1719462618373,169.45,75
1719462619211,168.6,100
1719462619548,168.45,25
1719462620239,168.45,25
1719462621075,168.45,175
1719462621821,167.7,75
1719462621821,167.7,75
1719462623451,167.5,25
1719462624168,167.15,25
1719462625025,167.05,75
1719462625051,167.05,125
1719462626254,167.5,25
1719462626819,168.0,25
1719462626819,168.0,25
1719462628254,168.9,25
1719462628425,168.4,100
1719462628530,168.6,50
1719462630039,168.7,25
1719462630314,168.55,50
1719462630314,168.55,50
1719462631503,169.7,25
1719462631753,169.45,25
1719462632240,169.6,50
1719462633253,170.15,25
1719462633323,169.9,100
1719462634233,170.8,25
1719462635003,170.85,25
1719462635253,170.8,25
1719462636164,171.35,25
1719462636753,171.0,25
1719462637329,171.15,75
1719462638503,171.6,250
1719462638753,171.55,25
1719462639850,170.15,25
1719462640254,170.95,25
1719462640503,170.9,25
1719462640503,170.9,25
1719462642254,170.95,25
1719462643233,170.05,25
1719462643233,170.05,25
1719462644254,169.85,25
1719462644587,169.75,50
1719462645371,170.15,25
1719462646254,171.1,25
1719462646800,170.7,25
1719462647450,171.85,125
1719462648254,171.35,25
1719462649477,171.55,25
1719462650040,171.2,25
1719462650448,170.65,25
1719462651503,171.1,25
1719462651753,171.6,25
1719462652061,171.35,25
1719462652889,171.1,25
1719462652889,171.1,25
1719462654040,171.45,25
1719462654040,171.45,25
1719462655408,171.15,300
1719462656257,171.65,25
1719462656688,171.55,25
1719462657232,171.6,25
1719462658264,173.0,25
1719462658333,172.6,25
1719462658333,172.6,25
1719462660025,173.65,125
1719462660025,173.65,125
1719462660782,174.85,25
1719462660782,174.85,25
1719462661850,174.75,50
1719462662438,174.95,25
1719462663469,175.4,25
1719462704524,178.45,50
1719462704999,179.4,25
1719462705222,179.25,100
1719462706130,178.3,25
1719462706489,178.45,125
1719462707734,179.7,75
1719462707897,179.35,25
1719462709171,179.45,100
1719462710106,178.45,25
1719462710106,178.45,25
1719462711295,178.7,100
1719462711356,179.6,25
1719462712212,179.8,100
1719462713187,179.95,100
1719462713570,179.8,25
1719462714106,180.6,25
1719462715158,181.45,25
1719462715268,181.2,25
1719462715672,181.5,100
1719462716582,181.1,25
1719462716933,180.85,25
1719462717934,181.4,25
1719462719305,181.8,25
1719462720177,181.45,25
1719462720334,182.05,25
1719462720742,181.95,50
1719462721220,183.6,50
1719462721372,183.65,25
1719462722289,184.4,25
1719462723235,185.5,50
1719462723419,185.3,25
1719462724303,185.35,25
1719462725158,185.05,25
1719462725469,184.45,50
1719462726583,185.15,25
1719462727460,184.45,25
1719462728342,185.25,25
1719462728592,185.1,25
1719462729314,184.95,50
1719462730181,184.15,25
1719462730512,184.75,25
1719462731517,185.85,125
1719462731798,185.2,50
1719462732508,184.75,50
1719462733520,184.5,25
1719462734332,185.2,25
1719462735113,184.45,50
1719462735700,184.8,75
1719462735998,185.15,25
1719462736788,184.45,25
1719462737250,183.35,50
1719462738260,183.75,50
1719462738407,183.75,25
1719462739228,184.45,75
1719462740299,184.0,25
1719462740436,184.5,50
1719462741718,183.25,25
1719462742245,183.25,25
1719462743563,184.05,50
1719462743881,183.25,250
1719462745112,183.9,25
1719462745112,183.9,25
1719462746154,183.7,25
1719462746456,183.4,50
1719462747162,183.3,25
1719462748324,183.35,50
1719462748324,183.35,50
1719462749005,183.75,25
1719462749774,183.8,100
1719462749774,183.8,100
1719462750625,183.65,25
1719462751588,182.9,50
1719462751588,182.9,50
1719462752221,184.1,25
1719462753280,184.6,50
1719462753618,184.65,150
1719462754153,184.15,25
1719462754881,183.45,50
1719462755649,183.55,25
1719462756757,183.8,25
1719462757632,184.0,50
1719462758653,183.4,25
1719462759347,183.8,25
1719462760003,183.0,500
1719462760637,183.15,50
1719462761302,182.85,25
1719462761678,183.05,50
1719462761678,183.05,50
1719462763123,182.8,25
1719462763123,182.8,25
1719462764169,182.25,25
1719462765270,182.35,25
1719462766288,182.05,25
1719462766716,182.0,25
1719462767315,182.3,25
1719462768512,181.35,25
1719462768512,181.35,25
1719462769127,182.8,25
1719462769127,182.8,25
1719462770804,181.95,50
1719462771777,184.65,50
1719462772341,184.55,25
1719462773299,185.5,125
1719462773382,185.95,25
1719462773382,185.95,25
1719462775158,185.55,25
1719462775158,185.55,25
1719462776567,185.05,25
1719462776567,185.05,25
1719462777925,183.85,100
1719462778361,183.7,25
1719462778361,183.7,25
1719462779260,183.6,50
1719462779937,184.25,100
1719462779937,184.25,100
1719462779937,184.25,100
1719462781714,186.0,25
1719462782522,186.3,25
1719462783376,186.25,50
1719462783744,185.55,25
1719462784236,186.9,25
1719462785257,187.0,25
1719462785308,187.05,25
1719462786225,186.5,50
1719462786812,186.7,50
1719462787395,186.65,50
1719462788112,187.45,50
1719462788479,186.85,175
1719462789223,187.1,25
1719462790280,187.4,25
1719462790280,187.4,25
1719462791342,188.75,25
1719462791564,188.4,225
1719462792530,188.2,25
1719462793290,187.1,125
1719462794393,187.6,25
1719462795204,186.85,25
1719462795310,187.4,75
1719462796505,187.0,25
1719462796848,186.65,25
1719462797282,186.55,25
1719462797932,186.25,25
1719462797932,186.25,25
1719462799341,186.3,25
1719462800306,187.15,25
1719462800571,186.95,25
1719462800970,187.15,25
1719462801718,187.25,25
1719462802298,187.05,25
1719462803289,187.25,50
1719462803481,187.0,50
1719462804327,187.75,25
1719462805313,187.2,75
1719462805313,187.2,75
1719462806764,186.65,25
1719462806854,186.0,50
1719462807039,186.15,25
1719462808303,185.55,25
1719462808386,185.3,325
1719462808937,185.9,25
1719462810265,184.45,25
1719462810750,184.5,25
1719462811564,184.0,25
1719462811939,183.5,25
1719462812526,182.8,175
1719462813450,183.05,25
1719462813967,183.7,125
1719462814367,182.6,175
1719462815303,182.5,50
1719462815374,181.75,100
1719462816386,182.25,25
1719462816884,182.25,50
1719462817365,182.85,25
1719462817999,181.7,25
1719462819552,181.35,50
1719462820231,180.6,25
1719462820456,180.8,25
1719462821246,180.75,50
1719462821645,180.65,25
1719462822360,180.75,50
1719462823195,181.5,25
1719462824295,181.95,25
1719462825273,180.65,25
1719462825489,181.75,25
1719462826356,181.05,25
1719462826522,180.8,25
1719462827200,181.15,50
1719462828135,181.2,100
1719462828135,181.2,100
1719462829560,181.1,225
1719462829780,181.35,25
1719462829780,181.35,25
1719462831273,180.95,25
1719462831876,181.5,100
1719462832374,181.85,200
1719462833303,181.95,75
1719462833556,182.4,25
1719462834158,181.95,25
1719462835218,181.95,50
1719462835476,182.45,25
1719462836320,181.8,25
1719462836932,181.65,25
1719462837079,182.2,100
1719462837946,182.4,25
1719462838565,182.4,50
1719462839576,182.7,50
1719462840373,183.7,25
1719462840852,183.55,25
1719462841347,183.45,25
1719462841909,183.6,125
1719462842393,184.0,75
1719462843114,183.4,25
1719462843114,183.4,25
1719462844292,184.1,25
1719462845250,184.5,100
1719462845606,184.3,25
1719462846770,183.4,25
1719462846984,183.65,50
1719462847411,183.95,25
1719462848491,183.0,25
1719462848491,183.0,25
1719462849389,182.5,25
1719462850092,182.4,100
1719462850206,182.45,25
1719462851072,183.8,25
1719462851659,184.0,200
1719462852211,184.2,25
1719462853422,184.1,25
1719462853422,184.1,25
1719462854121,183.85,25
1719462854927,183.65,50
1719462854927,183.65,50
1719462856550,183.35,25
1719462856778,183.45,25
1719462857301,183.4,25
1719462858563,183.55,25
1719462859057,182.8,25
1719462860084,183.3,50
1719462860583,183.8,250
1719462861353,183.7,25
1719462861986,184.1,125
1719462862362,184.2,25
1719462863581,184.2,25
1719462864397,184.7,25
1719462865136,184.8,100
1719462865330,184.7,25
1719462866204,184.95,50
1719462866204,184.95,50
1719462867338,183.9,75
1719462867837,184.7,150
1719462868563,184.85,25
1719462869699,184.05,25
1719462869699,184.05,25
1719463136580,188.15,25
1719463137190,188.5,25
1719463137371,188.5,25
1719463138774,188.55,25
1719463138909,188.55,25
1719463139486,189.85,50
1719463320633,193.25,25
1719463320838,192.55,25
1719463320907,192.65,25
1719463321557,193.5,25
1719463322654,194.0,25
1719463322809,194.35,25
1719463323854,193.95,25
1719463323854,193.95,25
1719463324337,193.7,25
1719463325312,193.8,25
1719463326005,193.85,25
1719463326504,194.25,275
1719463327364,194.1,50
1719463328530,193.25,25
1719463328983,193.8,50
1719463329834,194.0,25
1719463330226,193.75,25
1719463330673,194.0,75
1719463331601,192.8,225
1719463331864,193.55,25
1719463333266,193.15,25
1719463334121,193.7,25
1719463334538,193.4,25
1719463335860,193.0,25
1719463336678,193.55,50
1719463337456,194.0,25
1719463337456,194.0,25
1719463338788,193.1,250
1719463339220,193.2,50
1719463339511,193.8,150
1719463339770,193.55,25
1719463340833,193.15,50
1719463340833,193.15,50
1719463342579,193.0,50
1719463343604,193.2,25
1719463343981,193.0,25
1719463344887,192.65,275
1719463345637,193.45,25
1719463345637,193.45,25
1719463346528,193.4,100
1719463347470,193.0,25
1719463347470,193.0,25
1719463348853,192.2,50
1719463349273,193.35,25
1719463349273,193.35,25
1719463350609,194.2,25
1719463350609,194.2,25
1719463351389,193.35,25
1719463352611,193.45,50
1719463352611,193.45,50
1719463352916,193.55,50
1719463353861,194.35,100
1719463353861,194.35,100
1719463355702,194.35,50
1719463355702,194.35,50
1719463356683,195.55,50
1719463357555,195.4,50
1719463357555,195.4,50
1719463358572,195.7,25
1719463359307,196.3,25
1719463359861,196.8,25
1719463360198,196.7,25
1719463360198,196.7,25
1719463361634,196.8,25
1719463362645,195.55,25
1719463362645,195.55,25
1719463363753,195.1,25
1719463364231,195.55,175
1719463364475,195.85,25
1719463365806,196.55,25
1719463366656,196.35,25
1719463367702,195.7,50
1719463368650,195.95,50
1719463369070,196.3,25
1719463369070,196.3,25
1719463370578,196.8,25
1719463372178,197.1,125
1719463372397,197.4,75
1719463373634,196.7,25
1719463374213,196.95,50
1719463374505,197.0,25
1719463375642,196.7,175
1719463375642,196.7,175
1719463377587,197.1,25
1719463378614,196.8,25
1719463379295,196.35,50
1719463379600,195.9,100
1719463380727,195.55,25
1719463380921,195.25,25
1719463381096,195.25,75
1719463382631,194.6,25
1719463384131,193.4,100
1719463384289,192.65,25
1719463384714,193.25,25
1719463385813,193.15,75
1719463385813,193.15,75
1719463387073,194.6,50
1719463387574,194.0,50
1719463387574,194.0,50
1719463388874,194.3,25
1719463388943,193.9,225
1719463389466,194.1,25
1719463390646,194.4,125
1719463390646,194.4,125
1719463391701,193.85,125
1719463392551,193.3,25
1719463392551,193.3,25
1719463393279,193.9,25
1719463394166,193.9,50
1719463394384,193.65,25
1719463395582,193.45,25
1719463395926,193.4,325
1719463396289,193.15,100
1719463397389,192.7,125
1719463397667,193.3,50
1719463398589,193.15,25
1719463398981,192.6,50
1719463399594,193.6,125
1719463400402,193.6,25
1719463400402,193.6,25
1719463401668,193.2,100
1719463402547,192.65,25
1719463402547,192.65,25
1719463403702,193.0,50
1719463404121,193.0,75
1719463404836,192.8,25
1719463405509,193.2,25
1719463405895,192.85,175
1719463405895,192.85,175
1719463407326,190.0,100
1719463407631,189.75,50
1719463408775,190.3,100
1719463409130,189.4,50
1719463409346,190.5,25
1719463410479,188.65,25
1719463410963,188.65,25
1719463411629,189.85,75
1719463412521,189.9,50
1719463412726,188.9,25
1719463413805,190.0,25
1719463414073,189.6,50
1719463414585,190.1,25
1719463415676,189.15,250
1719463415676,189.15,250
1719463416829,189.25,25
1719463416829,189.25,25
1719463417716,188.95,25
1719463418871,188.7,25
1719463419037,188.6,25
1719463419518,188.7,25
1719463420450,188.55,25
1719463422180,188.5,275
1719463422373,188.0,75
1719463422373,188.0,75
1719463423831,187.4,25
1719463424036,187.9,75
1719463424473,188.3,25
1719463425636,187.5,25
1719463426018,187.4,50
1719463426465,187.75,25
1719463427609,187.15,25
1719463427710,187.0,325
1719463428608,182.65,25
1719463429194,183.45,25
1719463429291,183.15,100
1719463430601,184.2,175
1719463430601,184.2,175
1719463431580,183.75,25
1719463432620,182.1,25
1719463432922,180.15,25
1719463433913,182.55,75
1719463434123,182.2,25
1719463434936,182.0,200
1719463435836,181.4,25
1719463436948,181.65,175
1719463437518,181.65,75
1719463437518,181.65,75
1719463438756,182.45,100
1719463438756,182.45,100
1719463439877,181.95,25
1719463440326,183.4,50
1719463440326,183.4,50
1719463441697,183.3,75
1719463441697,183.3,75
1719463442657,183.6,25
1719463443541,184.0,25
1719463444190,184.8,25
1719463444380,183.85,50
1719463445941,184.65,100
1719463446289,185.2,250
1719463447383,184.95,25
1719463447702,185.3,150
1719463448504,184.65,25
1719463449235,184.7,25
1719463449235,184.7,25
1719463450618,184.75,25
1719463450618,184.75,25
1719463452274,184.75,25
1719463452647,185.0,100
1719463452647,185.0,100
1719463453578,185.15,25
1719463454340,185.05,25
1719463454845,185.75,75
1719463455540,186.1,50
1719463455895,185.7,25
1719463456550,185.45,25
1719463457384,185.85,25
1719463457384,185.85,25
1719463458540,185.4,25
1719463459279,184.8,25
1719463459279,184.8,25
1719463460863,183.85,25
1719463460863,183.85,25
1719463461432,183.5,50
1719463462377,184.6,50
1719463463938,185.15,175
1719463463938,185.15,175
1719463464723,184.8,75
1719463465531,184.2,25
1719463465531,184.2,25
1719463466889,184.8,50
1719463466889,184.8,50
1719463468590,185.15,25
1719463468590,185.15,25
1719463469908,184.8,100
1719463470255,186.0,50
1719463470255,186.0,50
1719463471055,187.0,25
1719463471446,187.0,25
1719463472739,187.25,25
1719463472739,187.25,25
1719463473893,187.4,150
1719463474291,188.05,25
1719463474291,188.05,25
1719463475796,187.15,25
1719463476668,187.2,50
1719463477767,187.35,25
1719463478763,185.85,50
1719463479047,185.55,25
1719463479897,186.35,75
1719463479897,186.35,75
1719463481528,184.95,25
1719463482119,185.05,100
1719463482599,185.0,25
1719463482878,185.05,50
1719463483481,183.95,25
1719463484472,184.85,25
1719463484472,184.85,25
1719463485490,183.9,25
1719463485490,183.9,25
1719463486938,184.2,75
1719463486938,184.2,75
1719463489090,184.2,25
1719463489510,184.4,25
1719463489763,184.5,25
1719463490514,184.3,25
1719463490514,184.3,25
1719463491903,183.75,25
1719463492707,183.0,25
1719463493188,183.45,50
1719463493188,183.45,50
1719463494734,184.05,25
1719463495938,183.85,100
1719463496054,183.9,75
1719463496054,183.9,75
1719463497342,183.5,25
1719463497896,184.6,50
1719463498637,184.0,50
1719463498637,184.0,50
1719463500110,184.25,25
1719463500676,184.7,300
1719463500676,184.7,300
1719463501069,184.9,25
1719463501898,184.35,25
1719463501898,184.35,25
1719463503175,184.2,50
1719463503667,183.95,50
1719463504503,183.9,25
1719463504503,183.9,25
1719463505719,183.0,25
1719463506098,182.9,25
1719463506928,182.25,25
1719463507702,183.1,25
1719463507885,183.1,50
1719463508795,183.5,50
1719463508950,183.4,25
1719463508950,183.4,25
1719463510014,183.8,25
1719463510909,183.55,25
1719463511575,182.8,50
1719463512302,182.3,25
1719463513546,182.45,50
1719463514254,182.45,25
1719463514695,182.4,25
1719463515859,182.15,25
1719463516344,182.1,25
1719463517744,182.15,25
1719463518935,182.1,50
1719463519338,182.45,25
1719463519501,182.25,50
1719463520455,183.45,25
1719463520455,183.45,25
1719463521378,183.55,25
1719463522217,183.6,75
1719463522217,183.6,75
1719463523007,184.35,25
1719463523007,184.35,25
1719463524662,185.2,25
1719463525718,185.65,25
1719463525977,185.3,25
1719463526983,185.4,25
1719463527310,185.35,50
1719463528641,186.05,25
1719463528641,186.05,25
1719463529422,185.7,25
1719463530679,186.95,25
1719463531013,187.0,25
1719463531807,187.1,25
1719463532559,187.35,200
1719463532843,187.05,25
1719463534145,186.85,50
1719463534145,186.85,50
1719463534452,186.9,50
1719463535637,187.65,25
1719463536230,187.35,50
1719463537645,188.75,250
1719463537868,188.2,50
1719463538446,188.95,25
1719463539041,188.25,25
1719463539041,188.25,25
1719463540261,188.0,75
1719463540261,188.0,75
1719463541716,188.0,25
1719463542479,188.1,50
1719463543628,188.25,25
1719463544212,188.55,25
1719463544668,188.65,100
1719463545736,188.7,25
1719463545940,189.0,50
1719463546415,188.8,125
1719463547377,189.1,25
1719463547377,189.1,25
1719463548734,189.7,25
1719463549192,189.65,100
1719463549714,190.05,25
1719463550787,190.65,100
1719463550787,190.65,100
1719463551730,189.65,25
1719463552246,190.0,50
1719463553193,189.95,100
1719463553849,189.6,25
1719463554613,188.5,250
1719463555582,188.15,25
1719463555582,188.15,25
1719463556973,188.1,50
1719463557171,187.6,225
1719463558002,188.25,25
1719463559166,188.4,75
1719463559610,188.3,100
1719463560118,188.65,50
1719463560118,188.65,50
1719463562006,188.05,50
1719463562518,188.55,50
1719463562518,188.55,50
1719463563726,188.4,25
1719463564407,187.45,50
1719463564407,187.45,50
1719463565835,187.4,25
1719463566747,187.1,75
1719463567802,187.2,25
1719463568694,187.35,100
1719463568999,187.8,75
1719463568999,187.8,75
1719463570180,186.9,25
1719463571075,186.45,25
1719463571799,187.2,50
1719463571799,187.2,50
1719463573344,186.0,25
1719463573344,186.0,25
1719463574628,186.15,125
1719463575648,187.05,25
1719463575648,187.05,25
1719463576612,186.55,25
1719463577329,187.15,250
1719463578040,186.55,25
1719463579310,185.9,25
1719463579749,185.75,50
1719463581156,186.05,75
1719463582150,186.0,100
1719463582150,186.0,100
1719463583741,185.0,125
1719463583741,185.0,125
1719463585239,184.3,25
1719463585766,184.2,25
1719463586138,185.15,50
1719463586138,185.15,50
1719463587452,185.3,50
1719463587452,185.3,50
1719463588597,185.6,25
1719463588597,185.6,25
1719463589588,185.55,25
1719463590518,185.25,125
1719463590518,185.25,125
1719463590518,185.25,125
1719463591481,185.65,25
1719463592252,185.0,25
1719463593528,185.45,25
1719463593528,185.45,25
1719463595716,185.05,50
1719463595958,185.0,25
1719463595958,185.0,25
1719463597809,184.2,25
1719463598140,185.0,25
1719463599242,184.45,25
1719463599747,184.4,25
1719463599747,184.4,25
1719463601480,184.4,50
1719463601955,184.05,25
1719463602894,185.55,200
1719463602914,186.0,75
1719463604067,186.45,25
1719463604454,187.0,25
1719463604454,187.0,25
1719463605692,188.0,25
1719463605692,188.0,25
1719463607473,187.85,25
1719463607473,187.85,25
1719463608382,188.0,25
1719463608495,187.9,50
1719463609216,187.7,100
1719463609216,187.7,100
1719463610233,186.55,25
1719463610233,186.55,25
1719463611586,187.1,50
1719463611586,187.1,50
1719463614005,186.8,75
1719463614326,186.95,25
1719463614326,186.95,25
1719463614326,186.95,25
1719463617292,187.7,225
1719463617498,187.75,25
1719463617498,187.75,25
1719463618330,186.8,25
1719463618330,186.8,25
1719463620832,186.3,50
1719463620832,186.3,50
1719463621779,185.35,75
1719463622581,185.9,50
1719463622581,185.9,50
1719463623625,185.0,25
1719463623625,185.0,25
1719463624658,185.7,200
1719463626286,185.1,25
1719463626286,185.1,25
1719463626862,184.85,100
1719463627335,185.55,100
1719463627335,185.55,100
1719463628744,185.85,25
1719463628888,185.9,75
1719463628888,185.9,75
1719463628888,185.9,75
1719463631960,186.35,125
1719463632920,186.0,150
1719463632920,186.0,150
1719463633477,185.9,25
1719463634041,186.45,25
1719463634041,186.45,25
1719463636280,186.3,25
1719463636280,186.3,25
1719463637852,186.6,250
1719463637999,187.2,25
1719463637999,187.2,25
1719463640293,187.65,100
1719463640293,187.65,100
1719463641712,188.0,25
1719463642308,188.1,25
1719463642308,188.1,25
1719463644145,188.0,50
1719463644145,188.0,50
1719463645656,188.0,50
1719463646186,188.1,450
1719463646757,188.0,25
1719463647563,187.0,25
1719463647971,186.5,25
1719463648790,186.3,25
1719463648790,186.3,25
1719463650037,186.35,25
1719463650037,186.35,25
1719463651155,186.65,25
1719463651155,186.65,25
1719463651155,186.65,25
1719463653838,186.35,25
1719463654111,186.0,25
1719463654111,186.0,25
1719463655696,185.05,50
1719463655696,185.05,50
1719463656435,185.0,25
1719463657783,185.0,25
1719463657783,185.0,25
1719463657783,185.0,25
1719463660014,185.8,25
1719463660014,185.8,25
1719463661637,185.45,25
1719463661693,185.0,25
1719463661693,185.0,25
1719463663209,184.95,25
1719463663209,184.95,25
1719463665154,184.9,75
1719463666083,184.55,175
1719463666298,184.7,100
1719463666761,185.0,25
1719463667133,185.3,25
1719463667975,184.95,25
1719463668244,184.8,75
1719463668244,184.8,75
1719463670284,184.6,25
1719463670969,184.8,25
1719463671321,184.35,25
1719463671737,185.3,50
1719463672394,184.9,25
1719463672926,185.75,25
1719463673857,186.65,25
1719463674338,187.05,25
1719463674338,187.05,25
1719463675484,185.75,50
1719463676088,184.7,25
1719463676088,184.7,25
1719463677411,185.9,50
1719463677411,185.9,50
1719463678208,185.5,25
1719463679545,185.7,25
1719463679545,185.7,25
1719463680741,184.65,25
1719463680741,184.65,25
1719463682673,185.25,25
1719463682915,184.85,100
1719463684307,184.65,25
1719463685058,184.8,50
1719463685641,184.8,50
1719463686300,185.5,75
1719463687016,185.35,75
1719463687978,185.35,25
1719463687978,185.35,25
1719463689235,185.2,75
1719463689235,185.2,75
1719463690254,185.25,25
1719463690503,185.0,25
1719463690503,185.0,25
1719463690503,185.0,25
1719463693627,185.3,25
1719463693627,185.3,25
1719463695072,184.85,25
1719463695611,185.15,25
1719463696025,184.2,25
1719463696866,184.6,50
1719463697436,185.4,50
1719463698018,186.25,50
1719463698780,186.35,75
1719463698780,186.35,75
1719463700915,186.2,25
1719463700915,186.2,25
1719463701805,186.0,25
1719463702571,186.25,25
1719463702571,186.25,25
1719463703844,186.0,50
1719463704454,186.05,25
1719463704454,186.05,25
1719463704454,186.05,25
1719463706990,186.45,25
1719463707784,186.05,25
1719463709356,186.3,25
1719463709356,186.3,25
1719463709356,186.3,25
1719463710891,186.3,25
1719463710891,186.3,25
1719463712267,188.0,25
1719463712267,188.0,25
1719463713145,187.7,25
1719463713471,187.75,25
1719463714521,187.0,25
1719463714748,187.0,25
1719463715746,186.95,25
1719463715746,186.95,25
1719463716792,188.45,25
1719463716792,188.45,25
1719463718418,188.25,25
1719463718418,188.25,25
1719463720818,188.95,25
1719463720818,188.95,25
1719463721481,188.85,50
1719463722835,189.5,25
1719463722992,188.85,25
1719463723179,188.15,50
1719463723179,188.15,50
1719463724855,189.35,25
1719463725998,188.4,50
1719463725998,188.4,50
1719463726861,188.1,125
1719463727465,188.05,200
1719463727465,188.05,200
1719463728876,187.4,25
1719463729257,186.55,125
1719463729257,186.55,125
1719463731063,187.05,25
1719463731281,187.2,50
1719463731281,187.2,50
1719463732119,187.15,25
1719463732119,187.15,25
1719463733856,186.5,25
1719463733856,186.5,25
1719463733856,186.5,25
1719463737403,187.2,25
1719463737754,187.8,125
1719463738051,187.85,25
1719463738051,187.85,25
1719463738051,187.85,25
1719463740847,187.25,75
1719463740847,187.25,75
1719463742654,187.45,75
1719463742654,187.45,75
1719463743206,187.6,75
1719463743647,187.7,25
1719463744248,187.2,25
1719463744248,187.2,25
1719463746262,187.6,25
1719463746752,187.2,25
1719463747942,187.2,25
1719463747942,187.2,25
1719463749095,187.45,25
1719463749566,187.45,25
1719463749883,187.45,25
1719463750658,187.1,25
1719463751452,187.55,25
1719463751731,187.6,25
1719463752460,188.0,25
1719463753092,188.35,25
1719463753313,188.25,25
1719463753313,188.25,25
1719463755435,187.6,25
1719463755824,188.25,25
1719463755824,188.25,25
1719463755824,188.25,25
1719463758919,188.7,75
1719463759499,189.0,25
1719463759879,189.4,25
1719463760371,189.3,50
1719463761375,189.2,50
1719463761375,189.2,50
1719463762759,189.8,225
1719463762759,189.8,225
1719463763961,189.2,325
1719463764602,189.5,25
1719463764602,189.5,25
1719463765193,188.85,50
1719463766352,188.0,25
1719463766352,188.0,25
1719463767491,188.3,25
1719463767491,188.3,25
1719463768630,187.9,50
1719463769476,188.25,25
1719463769476,188.25,25
1719463770786,188.0,25
1719463770786,188.0,25
1719463770786,188.0,25
1719463774181,188.95,75
1719463774181,188.95,75
1719463775391,188.75,25
1719463775694,188.8,25
1719463775694,188.8,25
1719463776992,190.0,75
1719463777222,189.65,25
1719463777222,189.65,25
1719463778484,189.2,25
1719463778484,189.2,25
1719463780044,189.5,50
1719463780340,189.3,25
1719463781190,188.55,25
1719463781645,188.8,50
1719463782202,189.05,25
1719463782202,189.05,25
1719463783938,189.3,50
1719463784562,189.35,50
1719463784562,189.35,50
1719463785370,188.4,25
1719463786050,188.85,75
1719463786881,189.0,25
1719463787843,189.05,25
1719463787843,189.05,25
1719463788722,188.7,25
1719463788722,188.7,25
1719463790808,189.05,25
1719463791456,188.9,25
1719463791456,188.9,25
1719463792396,188.7,25
1719463792396,188.7,25
1719463793614,189.4,75
1719463793614,189.4,75
1719463794907,189.6,50
1719463795758,189.2,25
1719463795758,189.2,25
1719463797060,189.05,125
1719463797896,188.7,25
1719463797896,188.7,25
1719463798655,189.6,25
1719463799756,189.2,25
1719463799756,189.2,25
1719463800677,188.8,25
1719463800677,188.8,25
1719463801868,188.85,25
1719463802887,188.25,100
1719463803037,188.65,25
1719463803230,188.4,25
1719463803230,188.4,25
1719463805543,188.6,25
1719463806234,187.6,25
1719463806565,188.1,25
1719463806565,188.1,25
1719463807851,188.2,25
1719463807851,188.2,25
1719463808752,188.6,25
1719463809902,188.65,25
1719463810887,189.55,25
1719463810887,189.55,25
1719463811895,189.5,75
1719463812820,189.65,50
1719463813153,190.0,75
1719463814144,190.4,25
1719463814651,190.4,25
1719463814651,190.4,25
1719463815601,190.85,75
1719463815601,190.85,75
1719463816868,190.8,25
1719463817391,189.35,25
1719463817391,189.35,25
1719463818538,189.5,100
1719463819602,190.0,25
1719463819602,190.0,25
1719463821263,189.2,50
1719463821263,189.2,50
1719463822015,190.0,50
1719463822950,189.8,25
1719463822950,189.8,25
1719463823829,190.8,75
1719463824181,190.05,25
1719463825474,190.65,25
1719463826489,190.45,100
1719463826489,190.45,100
1719463827263,189.85,25
1719463827263,189.85,25
1719463828894,189.0,25
1719463829994,188.45,25
1719463830932,188.5,125
1719463830932,188.5,125
1719463832547,189.0,25
1719463832867,189.7,25
1719463832867,189.7,25
1719463833806,189.8,25
1719463834923,189.45,50
1719463835684,189.6,25
1719463836090,189.1,50
1719463836888,189.6,25
1719463837559,188.5,25
1719463838090,188.45,25
1719463839141,189.0,25
1719463839534,189.1,25
1719463839534,189.1,25
1719463840599,188.75,50
1719463841595,188.05,25
1719463841595,188.05,25
1719463842310,188.0,25
1719463843160,187.75,25
1719463843535,187.25,25
1719463844784,188.0,25
1719463846446,188.0,75
1719463846446,188.0,75
1719463846999,188.0,175
1719463848210,188.35,25
1719463848210,188.35,25
1719463849423,188.0,100
1719463850034,187.5,75
1719463850134,187.95,25
1719463851426,187.8,25
1719463851426,187.8,25
1719463853505,187.25,25
1719463853651,187.8,100
1719463854506,187.25,25
1719463854506,187.25,25
1719463856499,187.0,25
1719463856934,187.2,25
1719463857891,187.7,25
1719463857891,187.7,25
1719463859189,188.9,25
1719463859189,188.9,25
1719463859189,188.9,25
1719463860227,189.45,25
1719463860227,189.45,25
1719463861977,189.65,25
1719463863011,190.0,125
1719463863011,190.0,125
1719463864107,189.55,25
1719463864487,189.8,25
1719463864487,189.8,25
1719463865970,188.4,25
1719463866602,188.35,75
1719463866843,188.8,25
1719463868098,188.7,25
1719463868098,188.7,25
1719463869882,188.8,50
1719463870704,189.6,50
1719463870704,189.6,50
1719463870704,189.6,50
1719463873773,189.3,25
1719463873941,189.65,75
1719463874717,189.5,50
1719463874717,189.5,50
1719463875567,188.75,25
1719463876612,188.35,25
1719463876874,188.45,50
1719463877607,189.7,50
1719463877607,189.7,50
1719463877607,189.7,50
1719463880915,190.0,100
1719463881235,189.55,50
1719463881840,189.85,500
1719463882977,190.4,25
1719463883024,190.25,25
1719463883879,190.25,25
1719463884561,190.75,250
1719463884561,190.75,250
1719463885277,190.45,25
1719463885277,190.45,25
1719463888202,190.95,25
1719463888792,190.6,50
1719463889566,190.2,25
1719463889566,190.2,25
1719463890485,190.8,150
1719463891604,190.0,25
1719463891604,190.0,25
1719463892922,190.0,25
1719463893305,189.55,25
1719463893305,189.55,25
1719463894964,189.85,25
1719463896403,188.6,25
1719463896403,188.6,25
1719463898180,188.7,25
1719463898180,188.7,25
1719463898874,189.3,25
1719463899686,189.25,25
1719463900977,189.65,25
1719463900977,189.65,25
1719463900977,189.65,25
1719463903738,190.15,25
1719463903738,190.15,25
1719463906157,189.95,25
1719463906562,189.7,25
1719463906562,189.7,25
1719463907943,190.6,25
1719463908157,190.4,50
1719463908624,190.1,25
1719463908624,190.1,25
1719463910164,190.45,25
1719463911501,190.0,175
1719463911501,190.0,175
1719463911901,190.0,500
1719463913030,190.75,25
1719463913030,190.75,25
1719463913030,190.75,25
1719463915220,190.8,25
1719463915220,190.8,25
1719463916708,190.9,25
1719463916708,190.9,25
1719463917760,190.95,25
1719463918206,190.3,25
1719463918957,190.0,200
1719463919145,190.35,50
1719463920826,190.05,75
1719463920989,189.5,250
1719463921454,189.3,25
1719463921454,189.3,25
1719463922981,189.3,75
1719463922981,189.3,75
1719463923875,189.85,25
1719463924850,190.0,75
1719463924850,190.0,75
1719463926100,189.65,25
1719463926683,189.4,25
1719463926683,189.4,25
1719463927367,189.75,25
1719463927367,189.75,25
1719463929768,189.5,25
1719463929768,189.5,25
1719463930401,190.4,25
1719463931330,190.3,575
1719463931330,190.3,575
1719463933409,190.5,100
1719463933519,190.85,25
1719463935014,191.0,50
1719463936100,191.5,25
1719463936556,190.8,25
1719463936556,190.8,25
1719463937924,190.0,25
1719463937924,190.0,25
1719463937924,190.0,25
1719463941318,189.65,25
1719463941318,189.65,25
1719463942121,189.7,25
1719463942121,189.7,25
1719463943998,189.95,25
1719463943998,189.95,25
1719463945278,190.05,100
1719463946394,190.05,25
1719463946394,190.05,25
1719463946806,190.2,100
1719463946806,190.2,100
1719463949427,189.9,50
1719463949427,189.9,50
1719463950301,189.15,100
1719463950301,189.15,100
1719463950301,189.15,100
1719463951820,189.6,25
1719463952049,190.1,300
1719463952440,189.7,25
1719463952440,189.7,25
1719463953575,189.6,175
1719463954749,189.6,25
1719463955997,188.8,150
1719463956210,189.0,25
1719463957206,188.65,25
1719463957484,189.2,225
1719463957484,189.2,225
1719463958900,188.25,50
1719463958900,188.25,50
1719463960453,188.0,50
1719463960580,188.0,25
1719463960580,188.0,25
1719463960580,188.0,25
1719463963998,187.7,175
1719463964846,187.95,25
1719463965104,188.0,25
1719463965104,188.0,25
1719463966902,189.05,25
1719463966902,189.05,25
1719463968794,188.65,25
1719463968794,188.65,25
1719463970498,188.4,50
1719463970498,188.4,50
1719463970498,188.4,50
1719463973685,188.35,50
1719463973685,188.35,50
1719463975907,188.4,25
1719463975907,188.4,25
1719463977108,188.25,25
1719463978184,188.1,25
1719463978184,188.1,25
1719463979024,189.0,75
1719463979364,189.25,25
1719463979364,189.25,25
1719463979364,189.25,25
1719463982756,189.05,75
1719463982756,189.05,75
1719463983924,189.0,25
1719463984463,188.3,25
1719463984463,188.3,25
1719463985450,188.3,25
1719463986348,188.95,25
1719463986916,188.65,75
1719463987217,188.95,25
1719463987217,188.95,25
1719463987217,188.95,25
1719463990765,188.35,25
1719463991529,188.6,100
1719463992486,188.35,125
1719463992486,188.35,125
1719463993367,188.9,25
1719463993705,188.0,25
1719463993705,188.0,25
1719463993705,188.0,25
1719463997131,188.25,25
1719463997131,188.25,25
1719463999216,187.45,75
1719463999216,187.45,75
1719464000720,186.65,25
1719464001115,186.9,875
1719464001505,186.35,75
1719464001990,186.6,25
1719464002825,187.5,50
1719464002825,187.5,50
1719464004183,187.25,25
1719464004712,186.65,25
1719464006385,186.4,25
1719464006385,186.4,25
1719464006726,186.35,250
1719464007551,186.55,100
1719464007551,186.55,100
1719464008645,186.15,50
1719464008645,186.15,50
1719464010628,186.6,275
1719464010628,186.6,275
1719464011073,186.7,150
1719464011397,186.45,25
1719464011397,186.45,25
1719464012500,185.8,25
1719464012500,185.8,25
1719464012500,185.8,25
1719464015350,185.75,50
1719464015350,185.75,50
1719464017209,185.55,50
1719464017643,186.75,100
1719464017643,186.75,100
1719464018508,186.65,125
1719464019679,186.3,175
1719464020342,186.45,25
1719464021408,187.35,100
1719464021408,187.35,100
1719464022910,188.35,100
1719464022910,188.35,100
1719464022910,188.35,100
1719464025602,186.95,25
1719464026000,186.85,25
1719464026000,186.85,25
1719464026000,186.85,25
1719464028499,186.35,25
1719464028499,186.35,25
1719464028499,186.35,25
1719464032691,185.8,25
1719464032691,185.8,25
1719464034434,185.4,25
1719464034779,185.55,125
1719464036024,185.25,50
1719464036024,185.25,50
1719464037310,185.35,50
1719464037310,185.35,50
1719464038371,185.4,75
1719464039077,185.0,25
1719464039725,185.05,25
1719464039725,185.05,25
1719464040816,184.75,25
1719464040816,184.75,25
1719464040816,184.75,25
1719464042874,184.85,25
1719464043068,184.45,125
1719464043068,184.45,125
1719464043468,184.35,25
1719464044869,183.6,75
1719464046049,184.75,75
1719464046296,184.25,25
1719464046296,184.25,25
1719464047668,184.25,25
1719464047668,184.25,25
1719464048971,184.6,25
1719464049911,184.2,25
1719464049911,184.2,25
1719464050189,184.0,175
1719464051256,184.1,25
1719464051591,184.15,25
1719464052561,183.8,50
1719464054159,184.4,75
1719464054159,184.4,75
1719464054964,184.75,75
1719464055372,185.25,25
1719464056419,186.4,250
1719464056973,186.35,25
1719464057583,186.35,25
1719464057583,186.35,25
1719464058400,186.25,25
1719464058400,186.25,25
1719464060649,184.45,25
1719464060649,184.45,25
1719464062914,184.5,150
1719464063177,184.0,300
1719464063177,184.0,300
1719464064410,183.5,25
1719464064410,183.5,25
1719464066212,183.65,25
1719464066548,183.35,125
1719464066802,183.65,125
1719464066802,183.65,125
1719464068341,184.45,600
1719464068634,184.4,25
1719464068634,184.4,25
1719464068634,184.4,25
1719464071027,183.85,50
1719464071027,183.85,50
1719464072220,184.15,25
1719464072220,184.15,25
1719464073373,183.8,25
1719464073960,183.7,50
1719464074319,183.55,25
1719464074319,183.55,25
1719464074319,183.55,25
1719464076633,183.8,25
1719464077393,183.95,100
1719464077393,183.95,100
1719464078406,184.05,50
1719464078908,183.95,25
1719464078908,183.95,25
1719464080226,183.0,225
1719464080417,183.0,25
1719464080417,183.0,25
1719464082131,183.35,25
1719464082131,183.35,25
1719464083746,183.25,25
1719464084080,183.15,150
1719464084747,183.05,200
1719464084747,183.05,200
1719464085803,183.0,25
1719464086274,182.75,25
1719464086841,183.0,25
1719464088098,182.35,50
1719464088555,182.25,125
1719464089630,182.3,50
1719464090104,182.45,25
1719464090489,183.05,50
1719464091602,182.75,125
1719464091602,182.75,125
1719464092561,183.6,25
1719464092561,183.6,25
1719464093953,184.65,25
1719464095069,185.85,25
1719464096086,185.7,25
1719464096086,185.7,25
1719464096086,185.7,25
1719464098704,185.2,25
1719464098704,185.2,25
1719464100114,184.45,75
1719464100698,184.35,100
1719464100698,184.35,100
1719464101427,184.25,25
1719464101965,185.3,25
1719464101965,185.3,25
1719464103536,185.25,25
1719464104310,184.75,25
1719464104747,185.0,50
1719464104747,185.0,50
1719464105667,184.9,50
1719464106616,185.2,75
1719464106916,184.75,25
1719464108255,184.7,25
1719464108255,184.7,25
1719464108606,185.0,50
1719464109372,184.9,50
1719464109372,184.9,50
1719464112255,184.35,25
1719464112504,184.4,25
1719464112504,184.4,25
1719464114254,184.05,25
1719464114503,184.05,25
1719464114503,184.05,25
1719464116432,184.25,25
1719464116432,184.25,25
1719464116432,184.25,25
1719464118597,184.45,25
1719464119072,185.4,25
1719464119588,185.0,25
1719464121048,185.6,50
1719464121607,185.6,25
1719464122117,185.35,25
1719464122909,185.5,50
1719464122909,185.5,50
1719464124013,184.95,50
1719464124939,184.8,150
1719464125778,185.6,25
1719464125778,185.6,25
1719464125778,185.6,25
1719464128550,184.9,25
1719464128790,185.2,50
1719464130078,185.35,25
1719464130078,185.35,25
1719464130541,185.75,25
1719464131118,185.15,75
1719464131639,185.0,25
1719464131986,184.85,75
1719464133020,184.3,25
1719464133020,184.3,25
1719464134269,184.25,75
1719464134591,184.45,25
1719464135985,184.0,25
1719464135985,184.0,25
1719464137184,184.4,25
1719464138131,184.35,75
1719464138354,184.0,25
1719464138775,184.0,50
1719464140076,183.0,25
1719464140830,183.85,25
1719464141472,183.6,50
1719464141472,183.6,50
1719464142536,184.35,50
1719464142536,184.35,50
1719464143952,185.15,50
1719464143952,185.15,50
1719464145234,185.7,200
1719464145867,185.5,100
1719464145867,185.5,100
1719464146717,185.7,25
1719464146717,185.7,25
1719464148916,186.0,100
1719464148916,186.0,100
1719464150518,185.75,25
1719464150518,185.75,25
1719464151802,185.4,25
1719464153346,185.35,25
1719464153346,185.35,25
1719464154540,185.7,25
1719464154916,185.55,25
1719464154916,185.55,25
1719464154916,185.55,25
1719464157013,183.8,25
1719464157013,183.8,25
1719464159421,184.0,25
1719464159752,184.65,25
1719464159752,184.65,25
1719464159752,184.65,25
1719464161195,184.75,75
1719464161438,184.45,25
1719464161438,184.45,25
1719464163092,185.1,25
1719464163092,185.1,25
1719464164019,185.4,225
1719464165027,185.8,25
1719464166255,185.35,25
1719464166504,185.25,25
1719464166504,185.25,25
1719464166504,185.25,25
1719464170076,186.0,25
1719464170076,186.0,25
1719464171274,186.3,25
1719464171515,186.05,25
1719464171515,186.05,25
1719464171515,186.05,25
1719464173673,186.1,50
1719464174709,186.0,25
1719464174709,186.0,25
1719464175200,185.65,25
1719464175873,185.5,25
1719464176670,185.0,25
1719464177101,184.95,50
1719464177284,184.95,100
1719464177284,184.95,100
1719464177284,184.95,100
1719464180977,186.45,25
1719464180977,186.45,25
1719464182231,186.45,25
1719464182454,186.25,250
1719464182454,186.25,250
1719464184192,187.0,275
1719464184192,187.0,275
1719464184192,187.0,275
1719464186786,186.75,125
1719464188319,185.5,50
1719464188493,185.55,25
1719464189171,185.6,50
1719464190149,185.9,125
1719464190632,185.55,25
1719464190632,185.55,25
1719464191529,185.0,50
1719464192007,185.0,125
1719464193102,185.25,75
1719464193102,185.25,75
1719464194036,186.0,25
1719464194988,185.9,25
1719464196054,185.95,25
1719464196212,186.25,125
1719464196212,186.25,125
1719464198061,186.45,125
1719464198061,186.45,125
1719464199216,186.4,100
1719464199216,186.4,100
1719464201742,185.0,75
1719464202760,184.55,25
1719464202760,184.55,25
1719464203786,184.85,25
1719464204479,185.05,25
1719464205166,185.35,25
1719464206057,186.0,25
1719464206792,185.15,50
1719464206792,185.15,50
1719464206792,185.15,50
1719464210155,186.35,25
1719464210155,186.35,25
1719464212283,186.55,25
1719464212283,186.55,25
1719464214293,185.8,25
1719464214293,185.8,25
1719464215475,185.9,25
1719464216184,185.9,25
1719464216649,186.55,300
1719464216649,186.55,300
1719464218017,187.0,100
1719464218404,187.5,50
1719464219033,188.0,125
1719464219033,188.0,125
1719464220606,188.8,25
1719464220606,188.8,25
1719464221092,188.15,75
1719464221486,188.85,50
1719464221486,188.85,50
1719464222698,188.95,50
1719464223490,189.15,250
1719464223913,188.9,100
1719464225116,189.25,25
1719464225116,189.25,25
1719464226099,189.7,25
1719464226239,189.75,25
1719464226239,189.75,25
1719464228144,190.6,100
1719464228144,190.6,100
1719464229149,190.5,75
1719464229915,190.85,25
1719464231336,191.15,50
1719464231336,191.15,50
1719464232354,191.5,25
1719464233030,190.85,25
1719464233030,190.85,25
1719464233699,191.55,25
1719464234885,191.35,50
1719464236125,191.25,225
1719464236625,191.8,25
1719464237096,191.35,25
1719464238309,191.5,100
1719464239151,191.1,50
1719464239151,191.1,50
1719464240591,190.95,100
1719464240698,191.45,50
1719464240698,191.45,50
1719464242803,191.05,50
1719464243401,191.25,25
1719464244150,191.15,50
1719464244912,191.75,25
1719464244912,191.75,25
1719464246311,191.25,25
1719464246828,192.6,325
1719464247361,192.95,25
1719464248382,193.95,25
1719464249155,194.95,50
1719464250182,193.75,25
1719464250306,193.55,50
1719464250687,194.05,25
1719464251329,194.95,25
1719464251868,194.0,25
1719464252091,194.5,25
1719464253165,195.0,25
1719464253283,195.45,25
1719464253719,195.4,50
1719464255075,194.9,375
1719464256199,195.05,25
1719464256516,195.25,25
1719464257210,194.5,25
1719464258160,195.55,25
1719464258426,195.85,50
1719464259260,195.45,50
1719464259974,194.95,25
1719464261195,194.0,75
1719464261553,194.6,25
1719464261553,194.6,25
1719464263377,196.3,25
1719464263377,196.3,25
1719464264207,195.75,50
1719464264861,195.75,25
1719464264861,195.75,25
1719464266206,196.2,75
1719464266688,195.45,25
1719464267379,195.9,100
1719464268445,195.6,50
1719464269010,195.85,175
1719464269758,196.0,250
1719464269758,196.0,250
1719464271115,195.65,200
1719464271837,195.4,75
1719464272155,195.25,200
1719464272671,194.65,25
1719464273438,195.5,200
1719464274155,194.85,25
1719464274803,194.85,175
1719464274803,194.85,175
1719464276103,196.0,25
1719464276473,195.85,50
1719464276900,196.0,75
1719464278404,195.55,25
1719464278404,195.55,25
1719464278691,195.2,25
1719464279927,193.8,50
1719464279927,193.8,50
1719464279927,193.8,50
1719464281001,195.25,100
1719464281001,195.25,100
1719464282351,196.45,75
1719464282617,195.75,125
1719464284193,195.0,50
1719464285277,196.1,750
1719464285470,195.45,25
1719464286762,195.05,25
1719464287072,195.0,25
1719464288163,195.65,25
1719464288289,195.85,50
1719464288289,195.85,50
1719464289689,195.9,50
1719464290264,195.45,275
1719464290824,195.5,25
1719464291700,196.5,100
1719464292508,197.95,100
1719464293064,197.7,25
1719464293064,197.7,25
1719464294244,197.8,25
1719464295169,198.2,25
1719464295290,197.75,25
1719464295842,197.65,150
1719464296386,197.0,25
1719464297211,196.6,25
1719464297744,197.5,25
1719464299167,197.35,75
1719464300033,197.3,25
1719464300033,197.3,25
1719464301247,196.85,25
1719464301850,196.6,25
1719464302106,197.15,25
1719464303403,196.85,125
1719464303403,196.85,125
1719464304059,197.15,25
1719464305043,196.85,50
1719464305043,196.85,50
1719464305858,196.95,50
1719464306757,196.3,25
1719464307197,197.0,25
1719464308037,197.15,50
1719464308475,197.8,25
1719464309115,198.3,125
1719464310332,199.0,25
1719464310495,199.4,100
1719464310842,198.45,50
1719464310955,199.0,25
1719464311731,198.8,100
1719464312229,198.7,25
1719464313259,198.95,25
1719464313259,198.95,25
1719464314424,200.6,50
1719464315201,199.5,300
1719464316238,200.4,25
1719464316940,200.55,50
1719464317218,200.95,50
1719464318070,201.45,25
1719464318522,200.3,125
1719464319430,200.45,25
1719464320235,201.15,75
1719464320315,201.25,100
1719464321072,200.95,25
1719464321525,201.85,50
1719464322025,201.8,50
1719464323113,201.45,25
1719464323553,201.9,25
1719464324163,201.35,50
1719464324913,201.6,75
1719464326291,201.25,50
1719464326751,201.45,25
1719464327250,200.45,25
1719464328079,199.45,25
1719464328491,198.85,100
1719464329011,198.55,75
1719464330057,197.55,250
1719464330057,197.55,250
1719464331081,199.2,75
1719464331739,199.7,25
1719464332152,199.75,25
1719464332760,199.85,75
1719464332760,199.85,75
1719464334073,200.0,50
1719464334492,199.85,75
1719464334492,199.85,75
1719464335991,199.9,25
1719464336884,200.1,25
1719464337123,199.65,50
1719464338164,199.9,50
1719464338164,199.9,50
1719464338846,200.3,25
1719464339983,200.0,25
1719464340778,200.6,25
1719464340922,200.1,350
1719464341933,200.05,25
1719464342252,199.9,25
1719464342872,199.65,50
1719464342872,199.65,50
1719464344196,200.1,50
1719464345374,200.55,25
1719464345552,200.6,75
1719464346932,200.65,200
1719464347236,200.7,100
1719464347918,200.9,25
1719464348586,200.45,50
1719464349248,200.25,50
1719464350142,201.0,25
1719464350327,200.65,25
1719464351269,200.7,50
1719464351617,201.1,25
1719464351617,201.1,25
1719464353329,200.45,25
1719464353933,200.0,100
1719464355061,200.3,25
1719464355415,199.9,275
1719464356230,200.2,25
1719464356827,200.0,100
1719464356827,200.0,100
1719464358160,199.55,200
1719464358160,199.55,200
1719464359158,199.65,50
1719464360070,200.0,25
1719464360451,200.25,25
1719464360527,200.05,25
1719464362001,201.4,75
1719464362277,200.8,25
1719464363496,199.85,25
1719464363496,199.85,25
1719464364184,200.5,25
1719464365153,200.9,25
1719464366246,200.55,25
1719464367022,200.35,25
1719464367177,200.25,25
1719464368182,199.9,175
1719464368182,199.9,175
1719464368793,200.3,25
1719464370034,200.25,75
1719464370282,200.25,50
1719464370699,199.8,25
1719464371055,200.5,25
1719464371591,200.2,25
1719464372093,200.1,25
1719464373254,200.8,25
1719464373254,200.8,25
1719464373964,200.65,50
1719464375052,200.7,25
1719464375052,200.7,25
1719464375743,200.35,25
1719464375743,200.35,25
1719464377325,200.15,25
1719464378105,200.25,25
1719464378442,200.45,25
1719464379176,199.9,100
1719464380215,199.5,25
1719464381202,200.15,25
1719464381374,200.35,25
1719464382259,200.25,25
1719464383275,200.25,25
1719464383547,199.8,25
1719464384170,199.1,25
1719464385185,199.4,50
1719464385185,199.4,50
1719464385748,199.15,25
1719464386945,198.8,25
1719464387305,198.7,50
1719464388258,199.05,100
1719464388258,199.05,100
1719464389214,199.1,275
1719464390219,198.9,100
1719464390673,199.6,50
1719464391781,199.65,100
1719464392233,199.95,25
1719464393025,199.6,150
1719464393025,199.6,150
1719464394012,200.0,25
1719464394012,200.0,25
1719464395648,199.05,25
1719464396065,199.25,25
1719464396557,199.6,50
1719464397123,199.6,25
1719464398077,200.55,25
1719464398460,200.2,75
1719464399267,199.95,25
1719464400314,200.2,25
1719464400724,199.65,25
1719464401357,199.4,25
1719464401934,199.0,25
1719464401934,199.0,25
1719464403158,198.4,200
1719464403587,199.45,75
1719464404141,199.65,25
1719464405045,199.85,25
1719464406262,200.85,25
1719464406962,200.65,25
1719464406962,200.65,25
1719464408272,199.85,50
1719464408648,200.3,225
1719464409223,199.9,300
1719464410176,199.75,75
1719464410176,199.75,75
1719464410619,199.8,25
1719464411841,199.7,25
1719464411841,199.7,25
1719464413084,199.35,25
1719464413084,199.35,25
1719464414272,199.4,175
1719464415171,199.6,200
1719464415577,199.3,25
1719464416611,199.2,25
1719464416611,199.2,25
1719464418049,199.4,25
1719464418654,199.35,25
1719464419070,199.95,25
1719464420219,200.6,25
1719464420383,199.4,125
1719464421329,199.35,25
1719464421979,199.3,25
1719464422287,199.4,25
1719464422950,199.1,25
1719464423453,199.45,25
1719464424286,199.65,25
1719464425289,199.45,25
1719464425404,199.55,25
1719464427027,199.4,25
1719464427463,200.1,25
1719464427463,200.1,25
1719464429561,199.95,25
1719464429561,199.95,25
1719464430337,199.85,100
1719464430631,199.5,25
1719464431299,199.95,25
1719464431935,199.9,25
1719464432307,200.1,25
1719464432826,200.2,25
1719464432826,200.2,25
1719464434043,200.05,100
1719464435048,200.75,100
1719464436496,200.75,175
1719464436791,200.2,25
1719464437240,200.95,25
1719464438033,201.0,25
1719464438033,201.0,25
1719464439342,201.15,75
1719464439914,201.6,75
1719464440460,201.45,100
1719464440983,201.55,50
1719464442091,201.35,25
1719464442091,201.35,25
1719464443152,201.4,25
1719464443152,201.4,25
1719464444270,200.55,50
1719464445341,200.3,25
1719464445341,200.3,25
1719464446084,201.0,25
1719464446857,200.45,625
1719464446857,200.45,625
1719464448173,199.8,25
1719464448384,199.9,25
1719464448384,199.9,25
1719464449669,200.05,200
1719464450983,200.5,25
1719464450983,200.5,25
1719464452314,200.55,75
1719464453084,200.95,25
1719464453568,199.95,75
1719464454264,199.1,25
1719464454957,199.55,25
1719464456278,199.3,25
1719464456915,199.05,25
1719464456915,199.05,25
1719464458024,199.6,100
1719464458024,199.6,100
1719464459296,199.0,25
1719464460345,199.3,150
1719464460865,199.0,250
1719464461338,198.65,50
1719464461666,198.15,25
1719464461666,198.15,25
1719464463452,197.0,50
1719464463643,196.85,100
1719464463643,196.85,100
1719464465212,196.7,25
1719464465481,195.8,25
1719464466079,196.65,25
1719464467194,196.85,100
1719464467239,197.4,25
1719464468559,196.75,25
1719464468559,196.75,25
1719464469092,196.9,25
1719464469773,197.5,50
1719464470497,197.15,25
1719464471416,197.6,50
1719464471416,197.6,50
1719464472576,197.35,25
1719464473785,198.1,25
1719464473785,198.1,25
1719464474038,198.7,100
1719464474879,198.25,25
1719464474879,198.25,25
1719464475753,198.45,100
1719464476823,198.05,25
1719464477346,198.0,25
1719464478247,197.55,25
1719464478247,197.55,25
1719464478956,196.95,25
1719464480239,196.9,25
1719464480239,196.9,25
1719464481298,196.5,50
1719464482211,196.6,75
1719464482211,196.6,75
1719464482211,196.6,75
1719464484851,197.35,100
1719464485095,197.65,50
1719464485095,197.65,50
1719464486472,196.3,25
1719464487102,196.75,100
1719464487102,196.75,100
1719464487916,196.95,75
1719464487916,196.95,75
1719464489821,196.05,275
1719464490209,195.9,25
1719464490519,195.9,50
1719464490666,195.9,200
1719464490666,195.9,200
1719464491967,196.05,25
1719464492281,196.6,100
1719464492781,196.45,50
1719464493740,196.6,100
1719464494361,196.0,750
1719464494413,196.15,25
1719464494413,196.15,25
1719464496172,196.7,25
1719464496967,196.55,50
1719464497324,196.85,50
1719464497981,196.95,125
1719464497981,196.95,125
1719464499498,197.65,25
1719464500161,198.05,25
1719464500456,198.05,25
1719464501090,198.35,50
1719464502053,197.9,275
1719464502053,197.9,275
1719464503345,197.6,25
1719464503525,197.55,75
1719464504270,196.9,75
1719464505631,196.9,25
1719464506448,196.45,25
1719464506918,196.1,75
1719464506918,196.1,75
1719464506918,196.1,75
1719464509849,196.15,50
1719464510370,196.4,25
1719464510370,196.4,25
1719464511098,196.35,25
1719464511098,196.35,25
1719464512791,195.75,25
1719464513203,195.55,25
1719464513203,195.55,25
1719464513203,195.55,25
1719464517139,196.1,25
1719464517139,196.1,25
1719464518100,195.45,50
1719464518100,195.45,50
1719464518939,195.9,25
1719464519003,195.85,25
1719464519928,196.0,25
1719464519928,196.0,25
1719464519928,196.0,25
1719464521230,196.0,50
1719464522199,194.2,25
1719464522199,194.2,25
1719464522703,193.5,100
1719464522703,193.5,100
1719464524491,191.85,100
1719464525708,192.85,125
1719464526301,193.0,25
1719464526944,193.25,25
1719464526944,193.25,25
1719464527717,194.2,50
1719464528740,193.9,75
1719464528740,193.9,75
1719464529872,193.75,25
1719464529872,193.75,25
1719464531164,193.4,25
1719464531703,193.85,25
1719464533382,193.5,25
1719464533382,193.5,25
1719464534231,193.3,50
1719464535192,193.05,25
1719464535483,192.7,25
1719464535867,193.4,25
1719464535867,193.4,25
1719464538662,192.35,25
1719464538662,192.35,25
1719464538909,193.05,75
1719464540236,193.45,25
1719464540621,193.25,25
1719464541224,192.35,50
1719464541851,192.75,200
1719464541851,192.75,200
1719464543378,192.8,25
1719464543597,192.5,200
1719464543597,192.5,200
1719464543597,192.5,200
1719464546355,191.35,25
1719464547114,191.9,25
1719464548233,191.25,100
1719464548233,191.25,100
1719464549757,191.3,75
1719464550259,191.0,775
1719464550703,190.0,250
1719464550837,190.35,25
1719464550912,190.1,25
1719464551830,190.15,25
1719464551830,190.15,25
1719464552610,190.2,25
1719464552610,190.2,25
1719464554263,190.95,100
1719464555355,190.95,25
1719464555577,191.2,25
1719464556783,191.65,25
1719464557219,191.0,25
1719464558227,191.4,25
1719464558227,191.4,25
1719464559065,191.2,25
1719464560382,191.15,200
1719464560382,191.15,200
1719464561796,191.7,25
1719464562413,190.8,25
1719464563133,191.35,175
1719464563488,191.75,25
1719464564170,191.15,25
1719464565234,190.55,175
1719464565234,190.55,175
1719464566188,191.05,25
1719464567336,190.8,25
1719464567336,190.8,25
1719464568173,190.35,50
1719464568173,190.35,50
1719464569375,190.35,25
1719464570052,190.25,25
1719464570052,190.25,25
1719464570052,190.25,25
1719464572491,190.5,25
1719464573500,190.5,25
1719464573500,190.5,25
1719464574478,191.05,25
1719464574478,191.05,25
1719464576087,190.0,75
1719464577321,190.5,125
1719464577321,190.5,125
1719464577674,190.6,75
1719464577674,190.6,75
1719464580424,190.1,25
1719464580424,190.1,25
1719464580424,190.1,25
1719464581072,190.0,25
1719464582404,190.25,25
1719464582404,190.25,25
1719464582404,190.25,25
1719464584689,190.2,50
1719464585742,190.4,25
1719464585742,190.4,25
1719464586302,190.0,25
1719464586443,190.45,25
1719464588918,189.0,25
1719464589125,188.1,25
1719464589213,188.9,50
1719464590562,187.65,25
1719464590723,187.05,50
1719464590723,187.05,50
1719464592191,184.75,25
1719464592389,184.4,25
1719464593365,185.15,125
1719464593786,184.0,25
1719464594432,184.35,100
1719464595453,185.0,25
1719464595453,185.0,25
1719464596807,184.85,100
1719464597323,185.8,25
1719464598304,184.5,25
1719464598914,184.6,25
1719464599417,184.6,250
1719464599765,183.0,175
1719464600691,183.05,25
1719464601788,180.0,50
1719464601911,180.0,25
1719464602773,179.0,25
1719464603635,179.8,25
1719464604121,178.8,100
1719464604121,178.8,100
1719464605592,178.95,100
1719464605675,178.9,25
1719464606250,179.5,75
1719464607390,174.9,25
1719464608398,175.1,25
1719464609105,174.0,25
1719464609105,174.0,25
1719464610592,172.25,225
1719464610710,172.4,50
1719464610710,172.4,50
1719464611798,169.35,25
1719464611962,166.4,25
1719464612866,160.7,75
1719464613858,153.6,50
1719464614260,157.95,400
1719464614260,157.95,400
1719464614260,157.95,400
1719464616430,162.5,25
1719464616987,163.3,175
1719464616987,163.3,175
1719464618485,164.8,25
1719464618940,165.45,50
1719464619446,166.95,50
1719464620567,166.15,150
1719464620797,166.2,25
1719464621109,166.5,25
1719464622441,166.35,100
1719464623423,168.6,25
1719464624215,168.65,25
1719464624434,169.65,50
1719464625417,170.7,100
1719464625771,171.3,75
1719464626339,171.15,25
1719464627241,170.5,50
1719464628357,171.9,25
1719464629172,175.0,25
1719464629172,175.0,25
1719464630117,174.15,25
1719464630810,174.3,25
1719464630810,174.3,25
1719464632141,174.15,25
1719464633198,172.3,150
1719464634037,171.3,75
1719464634263,170.55,100
1719464635372,169.75,100
1719464635813,168.4,25
1719464636377,166.65,25
1719464637020,166.6,25
1719464638093,167.45,25
1719464639211,167.6,25
1719464639339,167.1,25
1719464640437,168.0,275
1719464640712,168.7,25
1719464641553,167.65,25
1719464642321,167.5,25
1719464642520,167.5,25
1719464643819,169.0,50
1719464643819,169.0,50
1719464644314,169.35,25
1719464645421,169.45,50
1719464645712,169.85,50
1719464646632,170.05,200
1719464647385,171.9,25
1719464647385,171.9,25
1719464648504,172.85,25
1719464649256,172.9,25
1719464649504,172.45,25
1719464650754,170.95,25
1719464651061,170.7,25
1719464651335,170.0,50
1719464652410,169.75,25
1719464652606,170.35,100
1719464653199,170.5,25
1719464654148,169.35,25
1719464654430,169.5,25
1719464655436,169.95,25
1719464655819,170.45,50
1719464656372,169.1,25
1719464657205,169.95,50
1719464657205,169.95,50
1719464658411,169.7,25
1719464658876,170.6,125
1719464659565,172.05,400
1719464660391,173.05,50
1719464660391,173.05,50
1719464661199,172.4,25
1719464662355,173.1,50
1719464662675,172.15,100
1719464663062,171.5,25
1719464664171,171.45,25
1719464664657,170.25,100
1719464665690,170.75,25
1719464665690,170.75,25
1719464666624,170.75,25
1719464667173,170.05,25
1719464667616,171.2,200
1719464667616,171.2,200
1719464669008,170.0,100
1719464669448,170.1,25
1719464670605,172.25,25
1719464670694,172.35,100
1719464670694,172.35,100
1719464671751,172.45,25
1719464672371,172.4,25
1719464672584,173.1,50
1719464673408,172.85,25
1719464674243,172.85,25
1719464674243,172.85,25
1719464675334,172.5,50
1719464676053,173.3,50
1719464676148,173.2,25
1719464677653,173.15,25
1719464678006,173.2,25
1719464679164,171.75,25
1719464679164,171.75,25
1719464680421,171.25,25
1719464680949,171.1,25
1719464681333,170.9,25
1719464682431,172.1,25
1719464682431,172.1,25
1719464683401,170.8,25
1719464684290,173.0,25
1719464684290,173.0,25
1719464685356,171.75,25
1719464685752,172.1,75
1719464686383,172.45,25
1719464687167,171.75,25
1719464687167,171.75,25
1719464688320,170.7,25
1719464688714,171.2,25
1719464688714,171.2,25
1719464690580,171.05,25
1719464691090,170.35,75
1719464691126,170.05,75
1719464692244,169.95,25
1719464692244,169.95,25
1719464693445,170.6,75
1719464694262,168.35,250
1719464694262,168.35,250
1719464695539,168.15,25
1719464695874,168.35,50
1719464696273,168.05,25
1719464696875,167.85,50
1719464696875,167.85,50
1719464698405,167.7,25
1719464699323,167.0,50
1719464699710,166.2,25
1719464700291,165.65,25
1719464700291,165.65,25
1719464701114,165.0,125
1719464701505,165.4,50
1719464702198,164.0,125
1719464702769,164.7,50
1719464703479,164.75,25
1719464704354,164.15,100
1719464704354,164.15,100
1719464705323,164.3,200
1719464705974,165.2,300
1719464706600,165.5,100
1719464707619,165.65,25
1719464708203,164.65,200
1719464709267,165.75,25
1719464709402,165.65,25
1719464710432,166.75,25
1719464710867,167.35,25
1719464711331,166.55,25
1719464712255,167.35,25
1719464712753,167.05,25
1719464712938,167.1,25
1719464714255,166.7,25
1719464714505,167.4,25
1719464715611,169.95,50
1719464715777,170.0,25
1719464716559,168.85,25
1719464717754,167.9,25
1719464718475,168.25,50
1719464718475,168.25,50
1719464719805,168.25,50
1719464720254,168.15,25
1719464720764,168.35,25
1719464721685,167.6,25
1719464722254,166.25,25
1719464722753,166.05,25
1719464723535,165.5,200
1719464723937,166.2,150
1719464723937,166.2,150
1719464725676,166.0,75
1719464725676,166.0,75
1719464726776,166.0,25
1719464727757,166.0,50
1719464727794,165.9,25
1719464728041,165.6,25
1719464729088,164.7,25
1719464730456,166.55,50
1719464730955,166.1,50
1719464731360,166.1,50
1719464732015,166.0,25
1719464732015,166.0,25
1719464733371,167.05,25
1719464734025,167.0,25
1719464734025,167.0,25
1719464735446,166.45,50
1719464735843,166.95,50
1719464736043,166.05,50
1719464737293,166.05,25
1719464737293,166.05,25
1719464738670,167.0,25
1719464739011,167.2,25
1719464739467,167.25,25
1719464740220,166.5,25
1719464740860,166.65,25
1719464741148,167.7,25
1719464742728,166.65,50
1719464744029,167.0,25
1719464744325,167.4,25
1719464744454,167.35,25
1719464745367,167.05,50
1719464745718,167.5,25
1719464745718,167.5,25
1719464747260,168.0,25
1719464747260,168.0,25
1719464748183,167.4,50
1719464749190,167.8,25
1719464749428,169.35,25
1719464750318,168.85,25
1719464751009,168.95,25
1719464751109,168.8,25
1719464751926,169.0,50
1719464752703,169.1,25
1719464753408,168.65,25
1719464753865,168.45,25
1719464755395,169.75,50
1719464755885,171.0,50
1719464756680,171.2,25
1719464757640,171.35,25
1719464757640,171.35,25
1719464758485,171.3,25
1719464759484,171.3,25
1719464760142,170.4,125
1719464760800,169.95,50
1719464761008,170.8,100
1719464761345,170.2,225
1719464762806,168.75,75
1719464763164,169.7,25
1719464764386,168.75,50
1719464764386,168.75,50
1719464765015,168.7,50
1719464765871,167.9,25
1719464766278,167.6,225
1719464767393,168.85,75
1719464767725,168.55,25
1719464768255,168.0,25
1719464769254,169.3,25
1719464770340,170.7,25
1719464770340,170.7,25
1719464771610,171.55,175
1719464772455,171.0,25
1719464772584,171.15,75
1719464773447,171.75,25
1719464773942,171.15,25
1719464773942,171.15,25
1719464775540,169.3,150
1719464775740,170.65,25
1719464776319,170.0,50
1719464777431,169.75,25
1719464778127,169.8,25
1719464778850,169.8,25
1719464778850,169.8,25
1719464780056,169.8,50
1719464780056,169.8,50
1719464781569,170.0,25
1719464781569,170.0,25
1719464783173,169.8,50
1719464783684,170.05,25
1719464784476,170.55,25
1719464785591,170.4,75
1719464785591,170.4,75
1719464786496,171.8,25
1719464787375,173.25,50
1719464787375,173.25,50
1719464788581,173.2,25
1719464789251,172.35,25
1719464789251,172.35,25
1719464789614,171.95,25
1719464790769,172.1,25
1719464790975,171.95,275
1719464791659,170.85,25
1719464792005,170.5,25
1719464792005,170.5,25
1719464793409,169.45,25
1719464793633,169.5,25
1719464795453,169.95,125
1719464795953,168.9,25
1719464796494,170.2,25
1719464796494,170.2,25
1719464798271,171.0,25
1719464799391,171.85,25
1719464799690,171.8,100
1719464800743,171.75,25
1719464801391,171.65,25
1719464801665,172.05,25
1719464801665,172.05,25
1719464802956,172.7,25
1719464804305,171.1,25
1719464804305,171.1,25
1719464805494,171.05,75
1719464806073,171.55,25
1719464806073,171.55,25
1719464807335,172.05,50
1719464807678,172.1,25
1719464808579,172.15,25
1719464809194,172.05,25
1719464810429,171.85,125
1719464811056,171.5,25
1719464811056,171.5,25
1719464812092,170.9,50
1719464812092,170.9,50
1719464813324,170.15,25
1719464813655,170.5,25
1719464815508,171.25,25
1719464815775,171.4,25
1719464815775,171.4,25
1719464816533,170.5,25
1719464817584,170.45,50
1719464817924,171.25,100
1719464818813,170.45,25
1719464818813,170.45,25
1719464820459,170.5,50
1719464820767,170.8,175
1719464821014,170.6,25
1719464821485,170.75,100
1719464822563,171.7,75
1719464823396,171.65,75
1719464824503,170.5,25
1719464825503,170.0,25
1719464825503,170.0,25
1719464826504,169.55,25
1719464827508,170.1,25
1719464827508,170.1,25
1719464828209,170.2,25
1719464828836,170.9,25
1719464829757,172.2,25
1719464830616,173.0,25
1719464830616,173.0,25
1719464831015,173.85,75
1719464831566,174.0,50
1719464832562,175.15,25
1719464833521,174.8,25
1719464833784,174.7,25
1719464834496,174.05,50
1719464835291,173.7,75
1719464835838,172.8,250
1719464836521,172.35,50
1719464837520,172.45,150
1719464838580,172.7,100
1719464839332,172.55,175
1719464839332,172.55,175
1719464840308,174.2,25
1719464840308,174.2,25
1719464841431,174.15,25
1719464841618,174.15,25
1719464841618,174.15,25
1719464843479,174.85,50
1719464844284,173.9,25
1719464844284,173.9,25
1719464844852,174.55,25
1719464845901,174.4,25
1719464846247,174.5,150
1719464847613,174.65,50
1719464848473,173.8,25
1719464849189,174.4,25
1719464849189,174.4,25
1719464849189,174.4,25
1719464851017,175.2,50
1719464851492,174.9,25
1719464852115,174.8,50
1719464852641,174.8,50
1719464853470,175.15,25
1719464854228,175.85,100
1719464854228,175.85,100
1719464855678,175.95,25
1719464855678,175.95,25
1719464856249,175.25,50
1719464857331,176.3,25
1719464857747,177.2,50
1719464858314,176.25,25
1719464859153,176.5,50
1719464859153,176.5,50
1719464860072,176.95,25
1719464860072,176.95,25
1719464861404,175.95,25
1719464862103,175.4,25
1719464862574,175.5,25
1719464863490,174.65,100
1719464864306,174.05,25
1719464864306,174.05,25
1719464865698,174.75,25
1719464865801,174.3,150
1719464866280,174.8,50
1719464866778,174.8,50
1719464867607,176.5,25
1719464868114,176.6,100
1719464868957,176.45,25
1719464868957,176.45,25
1719464870106,176.95,25
1719464870106,176.95,25
1719464871153,176.85,25
1719464872485,175.8,50
1719464872786,176.15,25
1719464873203,176.15,25
1719464874300,177.2,25
1719464875637,177.05,25
1719464875637,177.05,25
1719464876577,177.65,25
1719464877497,177.45,25
1719464877587,177.4,25
1719464877587,177.4,25
1719464879359,176.7,75
1719464879359,176.7,75
1719464880426,176.5,200
1719464880608,176.15,25
1719464880608,176.15,25
1719464880608,176.15,25
1719464882173,175.4,100
1719464882792,176.15,25
1719464883513,176.5,125
1719464883513,176.5,125
1719464884722,175.2,125
1719464885129,175.2,50
1719464885129,175.2,50
1719464886881,174.55,50
1719464887592,175.3,25
1719464887592,175.3,25
1719464888504,175.3,25
1719464888504,175.3,25
1719464889980,175.7,50
1719464890737,175.0,25
1719464890737,175.0,25
1719464891807,174.0,25
1719464892657,173.0,25
1719464892931,173.9,150
1719464892931,173.9,150
1719464894312,172.8,75
1719464894963,172.9,175
1719464894963,172.9,175
1719464896400,173.3,25
1719464897441,172.75,75
1719464897878,173.05,100
1719464898476,172.7,75
1719464899136,173.15,25
1719464899136,173.15,25
1719464899937,172.75,25
1719464901239,171.8,50
1719464901239,171.8,50
1719464902507,171.75,125
1719464902664,172.05,25
1719464903281,172.4,100
1719464904525,173.9,25
1719464904525,173.9,25
1719464905085,175.0,50
1719464905730,176.0,350
1719464906509,177.0,300
1719464907711,177.05,50
1719464907711,177.05,50
1719464908438,176.55,25
1719464909418,176.65,25
1719464909623,177.2,50
1719464910851,179.3,25
1719464910851,179.3,25
1719464910851,179.3,25
1719464911670,178.55,25
1719464912735,178.2,300
1719464912735,178.2,300
1719464913355,177.65,175
1719464913675,177.55,50
1719464914580,178.05,25
1719464915457,176.45,25
1719464915795,177.0,75
1719464915795,177.0,75
1719464917495,175.6,25
1719464917809,175.1,25
1719464917809,175.1,25
1719464919324,176.5,25
1719464920747,176.95,25
1719464920747,176.95,25
1719464921433,176.15,25
1719464921644,176.35,25
1719464921644,176.35,25
1719464923700,176.5,25
1719464924530,176.55,25
1719464924530,176.55,25
1719464925596,175.7,100
1719464925596,175.7,100
1719464925596,175.7,100
1719464925596,175.7,100
1719464931301,175.15,50
1719464931890,176.2,25
1719464932926,175.3,50
1719464933060,175.8,50
1719464933060,175.8,50
1719464934275,175.0,25
1719464934275,175.0,25
1719464935541,174.15,25
1719464935541,174.15,25
1719464936338,173.7,200
1719464937182,174.1,25
1719464937182,174.1,25
1719464938737,175.0,100
1719464939389,176.35,25
1719464939389,176.35,25
1719464939389,176.35,25
1719464939389,176.35,25
1719464941873,177.0,25
1719464942246,176.45,250
1719464942757,176.75,25
1719464942757,176.75,25
1719464944349,176.85,25
1719464944349,176.85,25
1719464945836,177.0,150
1719464946255,176.4,25
1719464946504,176.6,25
1719464946913,176.55,25
1719464946913,176.55,25
1719464948187,175.15,100
1719464948187,175.15,100
1719464948187,175.15,100
1719464951487,173.75,75
1719464952661,173.8,25
1719464952661,173.8,25
1719464953654,174.0,75
1719464954553,173.35,75
1719464954671,173.45,50
1719464954784,173.95,25
1719464954784,173.95,25
1719464957102,175.4,25
1719464957947,176.0,50
1719464957947,176.0,50
1719464957947,176.0,50
1719464959755,175.7,25
1719464959755,175.7,25
1719464962618,174.95,25
1719464962812,174.7,25
1719464962812,174.7,25
1719464964475,174.15,50
1719464964475,174.15,50
1719464966217,174.75,25
1719464966720,175.6,25
1719464967300,176.3,100
1719464967780,175.95,25
1719464967780,175.95,25
1719464969286,174.45,25
1719464969707,174.0,225
1719464969707,174.0,225
1719464970840,174.15,25
1719464970840,174.15,25
1719464970840,174.15,25
1719464972300,174.3,25
1719464972970,174.85,25
1719464972970,174.85,25
1719464974057,175.3,100
1719464975256,174.8,50
1719464975256,174.8,50
1719464977056,174.35,125
1719464977056,174.35,125
1719464978385,174.0,25
1719464978385,174.0,25
1719464980349,174.35,25
1719464980709,174.2,125
1719464980897,174.35,50
1719464980897,174.35,50
1719464983015,175.0,75
1719464983231,174.75,250
1719464983231,174.75,250
1719464985877,175.1,25
1719464985877,175.1,25
1719464986637,174.45,50
1719464987844,174.7,75
1719464987844,174.7,75
1719464988225,174.7,100
1719464989336,174.3,25
1719464989660,173.65,100
1719464989660,173.65,100
1719464991377,173.0,25
1719464991377,173.0,25
1719464992706,173.0,25
1719464992706,173.0,25
1719464992706,173.0,25
1719464994972,173.4,25
1719464994972,173.4,25
1719464994972,173.4,25
1719464998866,173.4,25
1719464999236,173.65,25
1719464999236,173.65,25
1719464999236,173.65,25
1719464999236,173.65,25
1719465001740,173.8,25
1719465002327,174.3,25
