time,price,volume
1719461500085,551.4,25
1719461500085,551.4,25
1719461500085,551.4,25
1719461500085,551.4,25
1719461500085,551.4,25
1719461508144,553.6,25
1719461508144,553.6,25
1719461508144,553.6,25
1719461510716,552.4,25
1719461510716,552.4,25
1719461510716,552.4,25
1719461510716,552.4,25
1719461510716,552.4,25
1719461515837,555.15,25
1719461515837,555.15,25
1719461515837,555.15,25
1719461515837,555.15,25
1719461515837,555.15,25
1719461515837,555.15,25
1719461515837,555.15,25
1719461522045,551.0,75
1719461522045,551.0,75
1719461522045,551.0,75
1719461522045,551.0,75
1719461522045,551.0,75
1719461522045,551.0,75
1719461522045,551.0,75
1719461522045,551.0,75
1719461522045,551.0,75
1719461522045,551.0,75
1719461522045,551.0,75
1719461522045,551.0,75
1719461522045,551.0,75
1719461522045,551.0,75
1719461522045,551.0,75
1719461540585,545.0,25
1719461540585,545.0,25
1719461540585,545.0,25
1719461540585,545.0,25
1719461546206,540.0,100
1719461546206,540.0,100
1719461546819,540.05,25
1719461548191,541.95,25
1719461548191,541.95,25
1719461550270,543.0,25
1719461550270,543.0,25
1719461550270,543.0,25
1719461550270,543.0,25
1719461550270,543.0,25
1719461550270,543.0,25
1719461550270,543.0,25
1719461550270,543.0,25
1719461550270,543.0,25
1719461550270,543.0,25
1719461550270,543.0,25
1719461550270,543.0,25
1719461550270,543.0,25
1719461550270,543.0,25
1719461563608,543.05,100
1719461563608,543.05,100
1719461563608,543.05,100
1719461563608,543.05,100
1719461563608,543.05,100
1719461563608,543.05,100
1719461563608,543.05,100
1719461563608,543.05,100
1719461571872,542.05,25
1719461572104,544.0,25
1719461572104,544.0,25
1719461572104,544.0,25
1719461572104,544.0,25
1719461572104,544.0,25
1719461572104,544.0,25
1719461572104,544.0,25
1719461572104,544.0,25
1719461572104,544.0,25
1719461572104,544.0,25
1719461572104,544.0,25
1719461572104,544.0,25
1719461572104,544.0,25
1719461572104,544.0,25
1719461572104,544.0,25
1719461572104,544.0,25
1719461572104,544.0,25
1719461593575,539.7,25
1719461593575,539.7,25
1719461593575,539.7,25
1719461593575,539.7,25
1719461593575,539.7,25
1719461593575,539.7,25
1719461599447,545.45,25
1719461599447,545.45,25
1719461599447,545.45,25
1719461599447,545.45,25
1719461599447,545.45,25
1719461599447,545.45,25
1719461604785,541.55,50
1719461605687,545.0,25
1719461605687,545.0,25
1719461605687,545.0,25
1719461605687,545.0,25
1719461605687,545.0,25
1719461605687,545.0,25
1719461605687,545.0,25
1719461605687,545.0,25
1719461605687,545.0,25
1719461605687,545.0,25
1719461605687,545.0,25
1719461616189,543.75,25
1719461616189,543.75,25
1719461616189,543.75,25
1719461616189,543.75,25
1719461616189,543.75,25
1719461616189,543.75,25
1719461616189,543.75,25
1719461616189,543.75,25
1719461616189,543.75,25
1719461616189,543.75,25
1719461616189,543.75,25
1719461629320,550.1,25
1719461629320,550.1,25
1719461629320,550.1,25
1719461632411,548.85,25
1719461632411,548.85,25
1719461632411,548.85,25
1719461632411,548.85,25
1719461632411,548.85,25
1719461637817,549.8,50
1719461637817,549.8,50
1719461637817,549.8,50
1719461637817,549.8,50
1719461637817,549.8,50
1719461637817,549.8,50
1719461637817,549.8,50
1719461637817,549.8,50
1719461637817,549.8,50
1719461637817,549.8,50
1719461637817,549.8,50
1719461637817,549.8,50
1719461637817,549.8,50
1719461637817,549.8,50
1719461651631,549.45,50
1719461651631,549.45,50
1719461651631,549.45,50
1719461651631,549.45,50
1719461654977,550.85,50
1719461655204,552.0,225
1719461655204,552.0,225
1719461655204,552.0,225
1719461655204,552.0,225
1719461655204,552.0,225
1719461655204,552.0,225
1719461655204,552.0,225
1719461655204,552.0,225
1719461663772,544.45,25
1719461663772,544.45,25
1719461663772,544.45,25
1719461663772,544.45,25
1719461663772,544.45,25
1719461667984,549.4,25
1719461667984,549.4,25
1719461670090,550.0,25
1719461670090,550.0,25
1719461670090,550.0,25
1719461670090,550.0,25
1719461670090,550.0,25
1719461670090,550.0,25
1719461670090,550.0,25
1719461670090,550.0,25
1719461677548,548.2,25
1719461677548,548.2,25
1719461677548,548.2,25
1719461679708,546.0,100
1719461679708,546.0,100
1719461679708,546.0,100
1719461679708,546.0,100
1719461679708,546.0,100
1719461679708,546.0,100
1719461679708,546.0,100
1719461679708,546.0,100
1719461679708,546.0,100
1719461679708,546.0,100
1719461679708,546.0,100
1719461679708,546.0,100
1719461679708,546.0,100
1719461679708,546.0,100
1719461679708,546.0,100
1719461679708,546.0,100
1719461679708,546.0,100
1719461679708,546.0,100
1719461679708,546.0,100
1719461679708,546.0,100
1719461679708,546.0,100
1719461702416,553.0,100
1719461702416,553.0,100
1719461703018,551.85,50
1719461703018,551.85,50
1719461704923,550.0,250
1719461704923,550.0,250
1719461704923,550.0,250
1719461704923,550.0,250
1719461707766,545.0,25
1719461707766,545.0,25
1719461707766,545.0,25
1719461707766,545.0,25
1719461707766,545.0,25
1719461707766,545.0,25
1719461707766,545.0,25
1719461707766,545.0,25
1719461707766,545.0,25
1719461707766,545.0,25
1719461707766,545.0,25
1719461707766,545.0,25
1719461719642,548.0,525
1719461719642,548.0,525
1719461719642,548.0,525
1719461719642,548.0,525
1719461719642,548.0,525
1719461719642,548.0,525
1719461719642,548.0,525
1719461719642,548.0,525
1719461719642,548.0,525
1719461719642,548.0,525
1719461719642,548.0,525
1719461719642,548.0,525
1719461719642,548.0,525
1719461732330,555.0,25
1719461732330,555.0,25
1719461734453,560.0,25
1719461734453,560.0,25
1719461734453,560.0,25
1719461734453,560.0,25
1719461739868,558.7,25
1719461739868,558.7,25
1719461741457,558.0,50
1719461741457,558.0,50
1719461741457,558.0,50
1719461741457,558.0,50
1719461741457,558.0,50
1719461741457,558.0,50
1719461746811,558.65,25
1719461746811,558.65,25
1719461746811,558.65,25
1719461746811,558.65,25
1719461751234,560.0,25
1719461751234,560.0,25
1719461751234,560.0,25
1719461751234,560.0,25
1719461751234,560.0,25
1719461751234,560.0,25
1719461757576,560.5,175
1719461757763,557.15,75
1719461757763,557.15,75
1719461759783,559.65,50
1719461759783,559.65,50
1719461759783,559.65,50
1719461759783,559.65,50
1719461768328,561.3,25
1719461768328,561.3,25
1719461768328,561.3,25
1719461768328,561.3,25
1719461768328,561.3,25
1719461774339,557.9,25
1719461774339,557.9,25
1719461775810,560.45,25
1719461775810,560.45,25
1719461775810,560.45,25
1719461775810,560.45,25
1719461792443,564.6,25
1719461792443,564.6,25
1719461792443,564.6,25
1719461796532,566.15,50
1719461796532,566.15,50
1719461796532,566.15,50
1719461796532,566.15,50
1719461796532,566.15,50
1719461801479,565.0,25
1719461801479,565.0,25
1719461801479,565.0,25
1719461801479,565.0,25
1719461805840,564.75,25
1719461805840,564.75,25
1719461807519,566.85,50
1719461807519,566.85,50
1719461807519,566.85,50
1719461807519,566.85,50
1719461807519,566.85,50
1719461817037,561.55,50
1719461817037,561.55,50
1719461817037,561.55,50
1719461817037,561.55,50
1719461817037,561.55,50
1719461817037,561.55,50
1719461823179,560.15,100
1719461823179,560.15,100
1719461824735,560.0,25
1719461824735,560.0,25
1719461824735,560.0,25
1719461824735,560.0,25
1719461824735,560.0,25
1719461824735,560.0,25
1719461824735,560.0,25
1719461832062,558.6,50
1719461832062,558.6,50
1719461832062,558.6,50
1719461832062,558.6,50
1719461832062,558.6,50
1719461832062,558.6,50
1719461832062,558.6,50
1719461832062,558.6,50
1719461832062,558.6,50
1719461852745,558.75,25
1719461863188,560.0,25
1719461863188,560.0,25
1719461863188,560.0,25
1719461863188,560.0,25
1719461863188,560.0,25
1719461863188,560.0,25
1719461863188,560.0,25
1719461863188,560.0,25
1719461863188,560.0,25
1719461863188,560.0,25
1719461881210,555.0,25
1719461881210,555.0,25
1719461881210,555.0,25
1719461881863,555.0,25
1719461881863,555.0,25
1719461881863,555.0,25
1719461881863,555.0,25
1719461881863,555.0,25
1719461881863,555.0,25
1719461889092,557.6,50
1719461889092,557.6,50
1719461889092,557.6,50
1719461889092,557.6,50
1719461889092,557.6,50
1719461892985,554.45,25
1719461892985,554.45,25
1719461894842,555.0,1000
1719461894842,555.0,1000
1719461894842,555.0,1000
1719461894842,555.0,1000
1719461894842,555.0,1000
1719461894842,555.0,1000
1719461894842,555.0,1000
1719461894842,555.0,1000
1719461894842,555.0,1000
1719461894842,555.0,1000
1719461894842,555.0,1000
1719461894842,555.0,1000
1719461894842,555.0,1000
1719461907138,555.0,25
1719461907138,555.0,25
1719461907138,555.0,25
1719461907138,555.0,25
1719461910626,554.5,25
1719461910626,554.5,25
1719461910626,554.5,25
1719461910626,554.5,25
1719461910626,554.5,25
1719461910626,554.5,25
1719461910626,554.5,25
1719461910626,554.5,25
1719461910626,554.5,25
1719461919937,551.5,25
1719461919937,551.5,25
1719461919937,551.5,25
1719461921441,554.0,25
1719461921441,554.0,25
1719461921441,554.0,25
1719461921441,554.0,25
1719461924679,555.05,25
1719461924964,553.7,25
1719461924964,553.7,25
1719461924964,553.7,25
1719461924964,553.7,25
1719461924964,553.7,25
1719461924964,553.7,25
1719461924964,553.7,25
1719461924964,553.7,25
1719461924964,553.7,25
1719461924964,553.7,25
1719461924964,553.7,25
1719461924964,553.7,25
1719461924964,553.7,25
1719461924964,553.7,25
1719461924964,553.7,25
1719461924964,553.7,25
1719461924964,553.7,25
1719461942553,556.6,25
1719461942553,556.6,25
1719461942553,556.6,25
1719461942553,556.6,25
1719461942553,556.6,25
1719461942553,556.6,25
1719461942553,556.6,25
1719461942553,556.6,25
1719461942553,556.6,25
1719461942553,556.6,25
1719461952744,559.85,25
1719461953487,558.6,25
1719461953487,558.6,25
1719461953983,560.3,25
1719461953983,560.3,25
1719461953983,560.3,25
1719461953983,560.3,25
1719461953983,560.3,25
1719461953983,560.3,25
1719461953983,560.3,25
1719461961350,565.0,25
1719461961350,565.0,25
1719461963137,568.0,50
1719461963137,568.0,50
1719461964784,567.7,75
1719461964784,567.7,75
1719461964784,567.7,75
1719461964784,567.7,75
1719461967560,564.9,100
1719461967560,564.9,100
1719461967560,564.9,100
1719461967560,564.9,100
1719461967560,564.9,100
1719461967560,564.9,100
1719461971670,567.25,25
1719461971670,567.25,25
1719461971670,567.25,25
1719461973437,567.5,75
1719461973437,567.5,75
1719461975055,566.45,25
1719461975055,566.45,25
1719461975055,566.45,25
1719461975055,566.45,25
1719461975055,566.45,25
1719461975055,566.45,25
1719461975055,566.45,25
1719461975055,566.45,25
1719461975055,566.45,25
1719461975055,566.45,25
1719461975055,566.45,25
1719461987181,569.55,50
1719461987181,569.55,50
1719461987181,569.55,50
1719461987181,569.55,50
1719461987181,569.55,50
1719461993217,568.35,25
1719461993217,568.35,25
1719461993217,568.35,25
1719461993217,568.35,25
1719461993217,568.35,25
1719461993217,568.35,25
1719461993217,568.35,25
1719461993217,568.35,25
1719461993217,568.35,25
1719462002346,570.0,25
1719462002346,570.0,25
1719462002346,570.0,25
1719462002346,570.0,25
1719462002346,570.0,25
1719462002346,570.0,25
1719462002346,570.0,25
1719462002346,570.0,25
1719462013426,572.2,75
1719462013426,572.2,75
1719462013426,572.2,75
1719462016368,569.9,25
1719462016368,569.9,25
1719462016368,569.9,25
1719462016368,569.9,25
1719462022195,570.0,25
1719462022195,570.0,25
1719462022195,570.0,25
1719462022195,570.0,25
1719462022195,570.0,25
1719462027011,566.05,25
1719462027011,566.05,25
1719462027011,566.05,25
1719462027011,566.05,25
1719462027011,566.05,25
1719462027011,566.05,25
1719462027011,566.05,25
1719462027011,566.05,25
1719462027011,566.05,25
1719462027011,566.05,25
1719462027011,566.05,25
1719462027011,566.05,25
1719462027011,566.05,25
1719462027011,566.05,25
1719462027011,566.05,25
1719462027011,566.05,25
1719462027011,566.05,25
1719462027011,566.05,25
1719462027011,566.05,25
1719462027011,566.05,25
1719462027011,566.05,25
1719462027011,566.05,25
1719462027011,566.05,25
1719462052560,570.0,100
1719462052560,570.0,100
1719462052560,570.0,100
1719462056366,568.0,50
1719462056366,568.0,50
1719462056366,568.0,50
1719462056366,568.0,50
1719462056366,568.0,50
1719462056366,568.0,50
1719462056366,568.0,50
1719462056366,568.0,50
1719462056366,568.0,50
1719462056366,568.0,50
1719462056366,568.0,50
1719462056366,568.0,50
1719462056366,568.0,50
1719462056366,568.0,50
1719462056366,568.0,50
1719462056366,568.0,50
1719462056366,568.0,50
1719462056366,568.0,50
1719462056366,568.0,50
1719462056366,568.0,50
1719462056366,568.0,50
1719462056366,568.0,50
1719462082740,564.0,25
1719462083520,563.3,50
1719462083520,563.3,50
1719462083520,563.3,50
1719462083520,563.3,50
1719462083520,563.3,50
1719462083520,563.3,50
1719462083520,563.3,50
1719462083520,563.3,50
1719462083520,563.3,50
1719462092623,564.45,50
1719462092623,564.45,50
1719462092623,564.45,50
1719462092623,564.45,50
1719462092623,564.45,50
1719462092623,564.45,50
1719462092623,564.45,50
1719462092623,564.45,50
1719462092623,564.45,50
1719462092623,564.45,50
1719462092623,564.45,50
1719462092623,564.45,50
1719462092623,564.45,50
1719462092623,564.45,50
1719462092623,564.45,50
1719462092623,564.45,50
1719462092623,564.45,50
1719462092623,564.45,50
1719462092623,564.45,50
1719462115480,566.25,75
1719462115480,566.25,75
1719462115480,566.25,75
1719462115480,566.25,75
1719462115480,566.25,75
1719462120399,563.9,25
1719462120399,563.9,25
1719462120399,563.9,25
1719462120399,563.9,25
1719462120399,563.9,25
1719462120399,563.9,25
1719462120399,563.9,25
1719462120399,563.9,25
1719462120399,563.9,25
1719462120399,563.9,25
1719462132837,560.0,25
1719462132837,560.0,25
1719462134854,563.5,50
1719462134854,563.5,50
1719462134854,563.5,50
1719462134854,563.5,50
1719462134854,563.5,50
1719462134854,563.5,50
1719462134854,563.5,50
1719462134854,563.5,50
1719462134854,563.5,50
1719462134854,563.5,50
1719462134854,563.5,50
1719462134854,563.5,50
1719462147828,559.9,25
1719462147828,559.9,25
1719462147828,559.9,25
1719462147828,559.9,25
1719462147828,559.9,25
1719462147828,559.9,25
1719462147828,559.9,25
1719462147828,559.9,25
1719462154457,559.5,50
1719462154457,559.5,50
1719462154457,559.5,50
1719462154457,559.5,50
1719462158405,561.1,25
1719462158405,561.1,25
1719462158405,561.1,25
1719462158405,561.1,25
1719462158405,561.1,25
1719462158405,561.1,25
1719462158405,561.1,25
1719462158405,561.1,25
1719462158405,561.1,25
1719462158405,561.1,25
1719462169736,555.0,25
1719462169736,555.0,25
1719462169736,555.0,25
1719462169736,555.0,25
1719462169736,555.0,25
1719462174843,562.5,50
1719462174843,562.5,50
1719462174843,562.5,50
1719462178065,557.95,50
1719462178065,557.95,50
1719462178065,557.95,50
1719462179801,555.45,25
1719462179801,555.45,25
1719462179801,555.45,25
1719462179801,555.45,25
1719462179801,555.45,25
1719462179801,555.45,25
1719462179801,555.45,25
1719462179801,555.45,25
1719462187002,555.0,100
1719462187002,555.0,100
1719462188127,554.15,125
1719462188127,554.15,125
1719462188127,554.15,125
1719462188127,554.15,125
1719462188127,554.15,125
1719462188127,554.15,125
1719462193248,555.5,25
1719462193248,555.5,25
1719462193248,555.5,25
1719462193248,555.5,25
1719462193248,555.5,25
1719462193248,555.5,25
1719462193248,555.5,25
1719462193248,555.5,25
1719462193248,555.5,25
1719462193248,555.5,25
1719462202794,558.9,25
1719462202794,558.9,25
1719462203952,558.0,50
1719462203952,558.0,50
1719462203952,558.0,50
1719462203952,558.0,50
1719462203952,558.0,50
1719462203952,558.0,50
1719462203952,558.0,50
1719462203952,558.0,50
1719462212096,556.25,50
1719462212096,556.25,50
1719462212096,556.25,50
1719462212096,556.25,50
1719462212096,556.25,50
1719462212096,556.25,50
1719462212096,556.25,50
1719462212096,556.25,50
1719462212096,556.25,50
1719462212096,556.25,50
1719462212096,556.25,50
1719462212096,556.25,50
1719462212096,556.25,50
1719462212096,556.25,50
1719462212096,556.25,50
1719462212096,556.25,50
1719462212096,556.25,50
1719462212096,556.25,50
1719462212096,556.25,50
1719462212096,556.25,50
1719462212096,556.25,50
1719462212096,556.25,50
1719462212096,556.25,50
1719462212096,556.25,50
1719462237488,557.25,25
1719462237791,556.25,25
1719462237791,556.25,25
1719462237791,556.25,25
1719462237791,556.25,25
1719462237791,556.25,25
1719462237791,556.25,25
1719462237791,556.25,25
1719462237791,556.25,25
1719462237791,556.25,25
1719462237791,556.25,25
1719462237791,556.25,25
1719462237791,556.25,25
1719462249324,560.15,25
1719462249324,560.15,25
1719462249324,560.15,25
1719462249324,560.15,25
1719462249324,560.15,25
1719462249324,560.15,25
1719462249324,560.15,25
1719462249324,560.15,25
1719462249324,560.15,25
1719462249324,560.15,25
1719462249324,560.15,25
1719462249324,560.15,25
1719462261662,560.45,25
1719462261662,560.45,25
1719462263623,560.15,25
1719462263623,560.15,25
1719462263971,559.65,25
1719462263971,559.65,25
1719462265276,561.7,25
1719462265276,561.7,25
1719462265276,561.7,25
1719462265276,561.7,25
1719462265276,561.7,25
1719462265276,561.7,25
1719462265276,561.7,25
1719462265276,561.7,25
1719462265276,561.7,25
1719462265276,561.7,25
1719462265276,561.7,25
1719462265276,561.7,25
1719462265276,561.7,25
1719462265276,561.7,25
1719462265276,561.7,25
1719462265276,561.7,25
1719462265276,561.7,25
1719462265276,561.7,25
1719462265276,561.7,25
1719462265276,561.7,25
1719462288702,563.05,25
1719462288702,563.05,25
1719462288702,563.05,25
1719462288702,563.05,25
1719462288702,563.05,25
1719462288702,563.05,25
1719462296155,566.2,25
1719462296155,566.2,25
1719462296155,566.2,25
1719462299099,565.55,25
1719462299099,565.55,25
1719462299099,565.55,25
1719462299099,565.55,25
1719462302590,565.9,25
1719462302590,565.9,25
1719462302590,565.9,25
1719462302590,565.9,25
1719462302590,565.9,25
1719462302590,565.9,25
1719462302590,565.9,25
1719462302590,565.9,25
1719462312035,568.65,75
1719462312153,570.45,50
1719462312153,570.45,50
1719462328331,571.85,25
1719462328331,571.85,25
1719462329624,571.3,25
1719462329624,571.3,25
1719462329624,571.3,25
1719462329624,571.3,25
1719462329624,571.3,25
1719462333745,571.9,25
1719462333745,571.9,25
1719462333745,571.9,25
1719462333745,571.9,25
1719462338155,570.65,25
1719462338155,570.65,25
1719462338155,570.65,25
1719462338155,570.65,25
1719462341600,570.0,100
1719462341600,570.0,100
1719462343264,570.25,25
1719462343264,570.25,25
1719462343264,570.25,25
1719462343264,570.25,25
1719462343264,570.25,25
1719462343264,570.25,25
1719462343264,570.25,25
1719462343264,570.25,25
1719462357384,570.0,100
1719462357384,570.0,100
1719462357384,570.0,100
1719462357384,570.0,100
1719462357384,570.0,100
1719462357384,570.0,100
1719462357384,570.0,100
1719462357384,570.0,100
1719462357384,570.0,100
1719462357384,570.0,100
1719462357384,570.0,100
1719462357384,570.0,100
1719462357384,570.0,100
1719462357384,570.0,100
1719462357384,570.0,100
1719462357384,570.0,100
1719462357384,570.0,100
1719462401564,578.8,50
1719462405563,580.15,50
1719462405563,580.15,50
1719462407531,582.9,25
1719462408082,583.0,250
1719462408082,583.0,250
1719462408082,583.0,250
1719462408082,583.0,250
1719462408082,583.0,250
1719462408082,583.0,250
1719462416607,590.0,25
1719462417604,592.0,25
1719462417604,592.0,25
1719462417604,592.0,25
1719462420368,594.85,25
1719462420368,594.85,25
1719462420368,594.85,25
1719462421906,603.0,100
1719462422148,599.5,50
1719462422628,601.85,25
1719462422628,601.85,25
1719462424439,598.9,50
1719462424439,598.9,50
1719462425654,599.6,50
1719462425654,599.6,50
1719462425654,599.6,50
1719462425654,599.6,50
1719462429460,597.0,25
1719462429460,597.0,25
1719462429460,597.0,25
1719462432140,595.95,100
1719462432910,594.35,25
1719462432910,594.35,25
1719462435043,596.55,25
1719462435043,596.55,25
1719462435043,596.55,25
1719462435043,596.55,25
1719462435043,596.55,25
1719462435043,596.55,25
1719462435043,596.55,25
1719462435043,596.55,25
1719462435043,596.55,25
1719462435043,596.55,25
1719462450409,598.05,25
1719462450409,598.05,25
1719462450409,598.05,25
1719462450409,598.05,25
1719462450409,598.05,25
1719462450409,598.05,25
1719462463950,601.8,50
1719462463950,601.8,50
1719462463950,601.8,50
1719462463950,601.8,50
1719462470247,611.4,25
1719462470247,611.4,25
1719462470247,611.4,25
1719462473761,614.2,25
1719462473905,613.0,200
1719462474755,611.15,25
1719462474755,611.15,25
1719462476338,613.25,25
1719462476691,615.9,100
1719462476691,615.9,100
1719462476691,615.9,100
1719462476691,615.9,100
1719462476691,615.9,100
1719462476691,615.9,100
1719462476691,615.9,100
1719462484880,620.0,50
1719462485099,621.95,25
1719462485099,621.95,25
1719462486534,618.85,25
1719462486534,618.85,25
1719462486534,618.85,25
1719462488372,616.05,150
1719462488372,616.05,150
1719462488372,616.05,150
1719462488372,616.05,150
1719462492354,619.5,50
1719462492354,619.5,50
1719462492354,619.5,50
1719462492354,619.5,50
1719462492354,619.5,50
1719462498724,615.2,25
1719462498724,615.2,25
1719462500391,613.1,50
1719462500391,613.1,50
1719462501200,614.55,25
1719462501200,614.55,25
1719462503284,616.5,25
1719462507073,619.25,75
1719462507073,619.25,75
1719462507073,619.25,75
1719462507073,619.25,75
1719462507073,619.25,75
1719462507073,619.25,75
1719462517518,620.25,50
1719462517518,620.25,50
1719462517518,620.25,50
1719462517518,620.25,50
1719462517518,620.25,50
1719462523739,617.9,50
1719462523739,617.9,50
1719462523739,617.9,50
1719462523739,617.9,50
1719462523739,617.9,50
1719462523739,617.9,50
1719462529666,618.05,175
1719462529666,618.05,175
1719462543572,620.75,25
1719462546417,619.0,250
1719462547728,619.45,25
1719462547728,619.45,25
1719462548333,617.3,25
1719462548333,617.3,25
1719462549392,619.9,50
1719462549392,619.9,50
1719462549392,619.9,50
1719462552218,620.0,25
1719462560271,622.65,25
1719462560551,623.35,100
1719462560551,623.35,100
1719462560551,623.35,100
1719462562513,624.0,100
1719462562513,624.0,100
1719462564107,623.9,100
1719462564107,623.9,100
1719462564107,623.9,100
1719462564107,623.9,100
1719462567238,622.0,50
1719462571458,625.0,25
1719462576226,622.85,50
1719462576226,622.85,50
1719462595579,623.15,50
1719462595579,623.15,50
1719462595579,623.15,50
1719462606865,622.5,100
1719462606865,622.5,100
1719462606865,622.5,100
1719462610473,622.3,75
1719462610473,622.3,75
1719462610473,622.3,75
1719462610473,622.3,75
1719462610473,622.3,75
1719462610473,622.3,75
1719462610473,622.3,75
1719462610473,622.3,75
1719462620087,622.3,75
1719462620087,622.3,75
1719462621969,621.55,25
1719462622068,621.55,25
1719462622068,621.55,25
1719462622068,621.55,25
1719462622068,621.55,25
1719462626256,619.55,25
1719462626256,619.55,25
1719462656946,627.85,25
1719462656946,627.85,25
1719462659797,632.65,50
1719462659797,632.65,50
1719462659797,632.65,50
1719462663846,635.0,25
1719462663846,635.0,25
1719462663846,635.0,25
1719462663846,635.0,25
1719462663846,635.0,25
1719462663846,635.0,25
1719462670356,635.7,100
1719462670356,635.7,100
1719462670356,635.7,100
1719462670356,635.7,100
1719462670356,635.7,100
1719462670356,635.7,100
1719462670356,635.7,100
1719462677531,634.65,25
1719462678184,635.7,25
1719462678184,635.7,25
1719462679455,633.05,25
1719462679455,633.05,25
1719462679455,633.05,25
1719462679455,633.05,25
1719462679455,633.05,25
1719462679455,633.05,25
1719462679455,633.05,25
1719462679455,633.05,25
1719462679455,633.05,25
1719462679455,633.05,25
1719462679455,633.05,25
1719462692491,637.4,25
1719462692491,637.4,25
1719462692491,637.4,25
1719462692491,637.4,25
1719462692491,637.4,25
1719462692491,637.4,25
1719462692491,637.4,25
1719462705154,642.45,25
1719462735222,650.0,25
1719462735222,650.0,25
1719462735222,650.0,25
1719462738893,650.1,25
1719462740092,650.35,25
1719462740092,650.35,25
1719462740996,648.15,75
1719462740996,648.15,75
1719462741501,650.35,50
1719462741501,650.35,50
1719462744006,650.0,100
1719462744006,650.0,100
1719462744006,650.0,100
1719462749677,650.0,100
1719462749915,650.35,25
1719462749915,650.35,25
1719462751329,649.1,25
1719462751329,649.1,25
1719462751329,649.1,25
1719462751329,649.1,25
1719462751329,649.1,25
1719462751329,649.1,25
1719462751329,649.1,25
1719462760370,651.3,25
1719462760578,651.35,25
1719462767597,648.95,25
1719462767597,648.95,25
1719462767597,648.95,25
1719462767597,648.95,25
1719462767597,648.95,25
1719462767597,648.95,25
1719462775162,657.2,50
1719462775162,657.2,50
1719462775162,657.2,50
1719462775162,657.2,50
1719462778623,656.15,25
1719462778623,656.15,25
1719462778623,656.15,25
1719462778623,656.15,25
1719462778623,656.15,25
1719462778623,656.15,25
1719462784732,661.15,25
1719462784732,661.15,25
1719462785712,661.8,100
1719462785712,661.8,100
1719462785712,661.8,100
1719462789062,662.3,25
1719462789062,662.3,25
1719462789062,662.3,25
1719462789062,662.3,25
1719462789062,662.3,25
1719462789062,662.3,25
1719462795369,661.35,275
1719462796459,661.35,200
1719462796459,661.35,200
1719462796459,661.35,200
1719462799717,662.1,25
1719462799717,662.1,25
1719462800750,661.85,150
1719462800750,661.85,150
1719462800750,661.85,150
1719462804796,662.0,25
1719462804796,662.0,25
1719462805764,663.0,25
1719462806255,662.0,675
1719462806255,662.0,675
1719462807333,660.95,25
1719462807333,660.95,25
1719462807333,660.95,25
1719462807333,660.95,25
1719462807333,660.95,25
1719462812148,654.85,25
1719462812148,654.85,25
1719462812148,654.85,25
1719462815951,657.35,50
1719462816863,655.85,25
1719462816863,655.85,25
1719462816863,655.85,25
1719462818592,656.35,25
1719462819463,654.65,25
1719462819864,651.75,75
1719462819864,651.75,75
1719462819864,651.75,75
1719462819864,651.75,75
1719462819864,651.75,75
1719462819864,651.75,75
1719462825996,654.85,25
1719462825996,654.85,25
1719462828282,652.45,25
1719462828282,652.45,25
1719462828282,652.45,25
1719462828282,652.45,25
1719462831874,652.5,75
1719462831874,652.5,75
1719462831874,652.5,75
1719462831874,652.5,75
1719462835343,653.4,50
1719462835716,656.65,25
1719462836501,654.0,500
1719462836501,654.0,500
1719462836501,654.0,500
1719462838656,654.0,25
1719462838656,654.0,25
1719462841487,657.6,50
1719462841487,657.6,50
1719462842765,655.7,25
1719462842765,655.7,25
1719462842765,655.7,25
1719462845907,657.85,25
1719462846404,654.8,50
1719462846404,654.8,50
1719462847608,656.6,25
1719462847608,656.6,25
1719462847608,656.6,25
1719462849933,652.5,75
1719462849933,652.5,75
1719462851735,657.4,25
1719462851735,657.4,25
1719462853316,654.2,50
1719462853316,654.2,50
1719462854990,655.8,100
1719462854990,655.8,100
1719462854990,655.8,100
1719462857068,655.85,50
1719462857068,655.85,50
1719462857812,653.95,25
1719462857812,653.95,25
1719462858862,655.65,25
1719462858862,655.65,25
1719462858862,655.65,25
1719462858862,655.65,25
1719462863184,655.2,25
1719462863184,655.2,25
1719462864367,658.0,50
1719462864367,658.0,50
1719462864367,658.0,50
1719462864367,658.0,50
1719462864367,658.0,50
1719462870310,655.0,25
1719462870310,655.0,25
1719462870310,655.0,25
1719462870310,655.0,25
1719462872648,655.6,125
1719462873280,654.9,100
1719462873280,654.9,100
1719462873280,654.9,100
1719462873280,654.9,100
1719462876122,655.65,75
1719462876122,655.65,75
1719462876122,655.65,75
1719462879417,656.2,25
1719462879417,656.2,25
1719462879417,656.2,25
1719462881142,659.0,150
1719462881142,659.0,150
1719462881898,659.95,25
1719462882730,657.65,25
1719462882730,657.65,25
1719462882730,657.65,25
1719462882730,657.65,25
1719462885561,658.0,25
1719462886334,659.55,75
1719462886334,659.55,75
1719462886334,659.55,75
1719462886334,659.55,75
1719462886334,659.55,75
1719462891015,657.75,25
1719462891561,659.9,25
1719462891561,659.9,25
1719462892242,658.1,25
1719462892242,658.1,25
1719462892242,658.1,25
1719462892242,658.1,25
1719462892242,658.1,25
1719462892242,658.1,25
1719462898430,661.15,25
1719462898779,665.0,25
1719462898779,665.0,25
1719462898779,665.0,25
1719462902882,661.05,75
1719462902882,661.05,75
1719462905487,658.4,25
1719462905487,658.4,25
1719462907993,660.05,25
1719462907993,660.05,25
1719462908979,659.7,25
1719462908979,659.7,25
1719462908979,659.7,25
1719462908979,659.7,25
1719462908979,659.7,25
1719462914201,660.8,25
1719462914201,660.8,25
1719462914808,659.0,125
1719462914808,659.0,125
1719462914808,659.0,125
1719462918162,661.4,75
1719462918162,661.4,75
1719462918162,661.4,75
1719462920343,660.1,25
1719462920343,660.1,25
1719462920343,660.1,25
1719462923093,662.15,50
1719462923093,662.15,50
1719462923093,662.15,50
1719462926752,663.0,25
1719462926752,663.0,25
1719462927873,660.45,25
1719462927873,660.45,25
1719462927873,660.45,25
1719462930798,661.1,25
1719462930798,661.1,25
1719462930970,660.0,75
1719462930970,660.0,75
1719462931991,659.5,25
1719462931991,659.5,25
1719462931991,659.5,25
1719462931991,659.5,25
1719462936207,662.0,400
1719462936207,662.0,400
1719462937359,665.0,25
1719462937973,666.0,150
1719462938683,665.8,25
1719462938683,665.8,25
1719462938683,665.8,25
1719462938683,665.8,25
1719462938683,665.8,25
1719462943546,670.35,125
1719462943852,672.0,25
1719462943852,672.0,25
1719462944193,672.4,50
1719462944193,672.4,50
1719462944193,672.4,50
1719462946893,669.8,25
1719462946893,669.8,25
1719462948015,669.15,75
1719462948015,669.15,75
1719462950205,667.85,50
1719462950205,667.85,50
1719462950205,667.85,50
1719462950205,667.85,50
1719462950205,667.85,50
1719462950205,667.85,50
1719462950205,667.85,50
1719462950205,667.85,50
1719462959317,663.05,125
1719462959317,663.05,125
1719462959317,663.05,125
1719462959317,663.05,125
1719462959317,663.05,125
1719462959317,663.05,125
1719462959317,663.05,125
1719462959317,663.05,125
1719462959317,663.05,125
1719462959317,663.05,125
1719462959317,663.05,125
1719462959317,663.05,125
1719462972634,665.8,50
1719462972634,665.8,50
1719462972634,665.8,50
1719462972634,665.8,50
1719462976531,666.0,25
1719462976531,666.0,25
1719462976531,666.0,25
1719462977686,664.7,25
1719462978734,664.4,25
1719462979135,664.0,25
1719462979135,664.0,25
1719462979135,664.0,25
1719462979135,664.0,25
1719462979135,664.0,25
1719462979135,664.0,25
1719462979135,664.0,25
1719462979135,664.0,25
1719462979135,664.0,25
1719462979135,664.0,25
1719462979135,664.0,25
1719462979135,664.0,25
1719462979135,664.0,25
1719462993553,660.5,25
1719462993877,663.0,25
1719462994844,661.95,100
1719462994844,661.95,100
1719462996450,660.95,25
1719462996450,660.95,25
1719462996450,660.95,25
1719462998710,660.6,75
1719462998710,660.6,75
1719462998710,660.6,75
1719462998710,660.6,75
1719463010025,663.25,25
1719463017871,665.0,200
1719463018610,665.0,100
1719463018610,665.0,100
1719463018610,665.0,100
1719463018610,665.0,100
1719463018610,665.0,100
1719463018610,665.0,100
1719463018610,665.0,100
1719463018610,665.0,100
1719463018610,665.0,100
1719463018610,665.0,100
1719463018610,665.0,100
1719463018610,665.0,100
1719463030941,676.0,50
1719463030941,676.0,50
1719463032749,674.65,25
1719463032749,674.65,25
1719463034763,669.05,75
1719463034763,669.05,75
1719463034763,669.05,75
1719463034763,669.05,75
1719463034763,669.05,75
1719463040332,667.55,100
1719463040332,667.55,100
1719463042268,666.55,25
1719463042268,666.55,25
1719463042268,666.55,25
1719463051550,665.6,50
1719463051597,664.8,450
1719463052102,665.1,25
1719463052583,663.25,25
1719463052583,663.25,25
1719463052583,663.25,25
1719463055294,664.0,25
1719463055294,664.0,25
1719463055294,664.0,25
1719463055294,664.0,25
1719463055294,664.0,25
1719463055294,664.0,25
1719463055294,664.0,25
1719463055294,664.0,25
1719463055294,664.0,25
1719463055294,664.0,25
1719463055294,664.0,25
1719463055294,664.0,25
1719463055294,664.0,25
1719463055294,664.0,25
1719463069923,662.0,25
1719463069923,662.0,25
1719463070948,663.25,25
1719463070948,663.25,25
1719463070948,663.25,25
1719463070948,663.25,25
1719463070948,663.25,25
1719463070948,663.25,25
1719463070948,663.25,25
1719463070948,663.25,25
1719463079337,662.0,1775
1719463079337,662.0,1775
1719463081264,662.0,1150
1719463081264,662.0,1150
1719463081264,662.0,1150
1719463082805,664.0,75
1719463082805,664.0,75
1719463082805,664.0,75
1719463093827,665.05,25
1719463093827,665.05,25
1719463093827,665.05,25
1719463093827,665.05,25
1719463093827,665.05,25
1719463102806,666.05,25
1719463102806,666.05,25
1719463102806,666.05,25
1719463102806,666.05,25
1719463102806,666.05,25
1719463102806,666.05,25
1719463102806,666.05,25
1719463102806,666.05,25
1719463102806,666.05,25
1719463102806,666.05,25
1719463114797,662.7,25
1719463114797,662.7,25
1719463114797,662.7,25
1719463114797,662.7,25
1719463114797,662.7,25
1719463114797,662.7,25
1719463114797,662.7,25
1719463120535,665.7,25
1719463121331,666.05,25
1719463121616,669.0,25
1719463122681,670.0,50
1719463122681,670.0,50
1719463122681,670.0,50
1719463122681,670.0,50
1719463126707,671.15,25
1719463126707,671.15,25
1719463127130,672.8,25
1719463127572,670.05,100
1719463127572,670.05,100
1719463130121,668.0,25
1719463130121,668.0,25
1719463130121,668.0,25
1719463130121,668.0,25
1719463130121,668.0,25
1719463130121,668.0,25
1719463130121,668.0,25
1719463136978,667.55,25
1719463136978,667.55,25
1719463136978,667.55,25
1719463136978,667.55,25
1719463136978,667.55,25
1719463136978,667.55,25
1719463136978,667.55,25
1719463136978,667.55,25
1719463136978,667.55,25
1719463136978,667.55,25
1719463146784,668.2,25
1719463146784,668.2,25
1719463146784,668.2,25
1719463146784,668.2,25
1719463146784,668.2,25
1719463146784,668.2,25
1719463146784,668.2,25
1719463146784,668.2,25
1719463146784,668.2,25
1719463155271,672.65,25
1719463155271,672.65,25
1719463155271,672.65,25
1719463155271,672.65,25
1719463155271,672.65,25
1719463155271,672.65,25
1719463155271,672.65,25
1719463155271,672.65,25
1719463155271,672.65,25
1719463155271,672.65,25
1719463155271,672.65,25
1719463155271,672.65,25
1719463155271,672.65,25
1719463155271,672.65,25
1719463155271,672.65,25
1719463155271,672.65,25
1719463155271,672.65,25
1719463155271,672.65,25
1719463155271,672.65,25
1719463155271,672.65,25
1719463155271,672.65,25
1719463155271,672.65,25
1719463155271,672.65,25
1719463155271,672.65,25
1719463155271,672.65,25
1719463155271,672.65,25
1719463155271,672.65,25
1719463155271,672.65,25
1719463155271,672.65,25
1719463155271,672.65,25
1719463155271,672.65,25
1719463155271,672.65,25
1719463155271,672.65,25
1719463155271,672.65,25
1719463155271,672.65,25
1719463155271,672.65,25
1719463155271,672.65,25
1719463155271,672.65,25
1719463155271,672.65,25
1719463155271,672.65,25
1719463155271,672.65,25
1719463155271,672.65,25
1719463155271,672.65,25
1719463155271,672.65,25
1719463155271,672.65,25
1719463155271,672.65,25
1719463155271,672.65,25
1719463155271,672.65,25
1719463155271,672.65,25
1719463155271,672.65,25
1719463155271,672.65,25
1719463155271,672.65,25
1719463155271,672.65,25
1719463155271,672.65,25
1719463155271,672.65,25
1719463155271,672.65,25
1719463155271,672.65,25
1719463155271,672.65,25
1719463155271,672.65,25
1719463155271,672.65,25
1719463155271,672.65,25
1719463155271,672.65,25
1719463155271,672.65,25
1719463155271,672.65,25
1719463155271,672.65,25
1719463155271,672.65,25
1719463155271,672.65,25
1719463155271,672.65,25
1719463225334,672.65,50
1719463225334,672.65,50
1719463227445,674.8,25
1719463227445,674.8,25
1719463227445,674.8,25
1719463227445,674.8,25
1719463227445,674.8,25
1719463227445,674.8,25
1719463234262,671.2,75
1719463234262,671.2,75
1719463234262,671.2,75
1719463248401,668.5,150
1719463255975,667.8,25
1719463255975,667.8,25
1719463255975,667.8,25
1719463255975,667.8,25
1719463255975,667.8,25
1719463255975,667.8,25
1719463255975,667.8,25
1719463262015,670.0,200
1719463262015,670.0,200
1719463262015,670.0,200
1719463264374,666.95,50
1719463264374,666.95,50
1719463264374,666.95,50
1719463264374,666.95,50
1719463280009,680.65,25
1719463280009,680.65,25
1719463280009,680.65,25
1719463285064,673.3,25
1719463285064,673.3,25
1719463285064,673.3,25
1719463285064,673.3,25
1719463285064,673.3,25
1719463285064,673.3,25
1719463285064,673.3,25
1719463292738,673.5,25
1719463292738,673.5,25
1719463292738,673.5,25
1719463292738,673.5,25
1719463292738,673.5,25
1719463292738,673.5,25
1719463292738,673.5,25
1719463292738,673.5,25
1719463292738,673.5,25
1719463303387,672.45,25
1719463303387,672.45,25
1719463303387,672.45,25
1719463303387,672.45,25
1719463303387,672.45,25
1719463303387,672.45,25
1719463303387,672.45,25
1719463303387,672.45,25
1719463314604,673.1,25
1719463314604,673.1,25
1719463314604,673.1,25
1719463314604,673.1,25
1719463318195,672.2,25
1719463318386,672.55,25
1719463318386,672.55,25
1719463318386,672.55,25
1719463318386,672.55,25
1719463318386,672.55,25
1719463318386,672.55,25
1719463357012,677.0,25
1719463357012,677.0,25
1719463360490,680.0,750
1719463360623,677.55,25
1719463360623,677.55,25
1719463361299,680.65,25
1719463361299,680.65,25
1719463363957,676.8,25
1719463363957,676.8,25
1719463363957,676.8,25
1719463363957,676.8,25
1719463366643,675.35,25
1719463366643,675.35,25
1719463366643,675.35,25
1719463366643,675.35,25
1719463366643,675.35,25
1719463366643,675.35,25
1719463366643,675.35,25
1719463366643,675.35,25
1719463366643,675.35,25
1719463366643,675.35,25
1719463366643,675.35,25
1719463366643,675.35,25
1719463366643,675.35,25
1719463366643,675.35,25
1719463366643,675.35,25
1719463366643,675.35,25
1719463366643,675.35,25
1719463366643,675.35,25
1719463366643,675.35,25
1719463366643,675.35,25
1719463391754,672.0,200
1719463391754,672.0,200
1719463391754,672.0,200
1719463391754,672.0,200
1719463395347,669.9,25
1719463395347,669.9,25
1719463395347,669.9,25
1719463395347,669.9,25
1719463395347,669.9,25
1719463395347,669.9,25
1719463401313,669.75,75
1719463401313,669.75,75
1719463401313,669.75,75
1719463401313,669.75,75
1719463401313,669.75,75
1719463405444,671.15,25
1719463405444,671.15,25
1719463405444,671.15,25
1719463405444,671.15,25
1719463409627,665.0,25
1719463409627,665.0,25
1719463409627,665.0,25
1719463409627,665.0,25
1719463412305,666.9,25
1719463412305,666.9,25
1719463412305,666.9,25
1719463412305,666.9,25
1719463412305,666.9,25
1719463412305,666.9,25
1719463412305,666.9,25
1719463412305,666.9,25
1719463412305,666.9,25
1719463412305,666.9,25
1719463412305,666.9,25
1719463412305,666.9,25
1719463412305,666.9,25
1719463428243,660.0,25
1719463428542,655.0,25
1719463428542,655.0,25
1719463428542,655.0,25
1719463431521,655.2,25
1719463431521,655.2,25
1719463432745,651.7,75
1719463432745,651.7,75
1719463432745,651.7,75
1719463432745,651.7,75
1719463432745,651.7,75
1719463432745,651.7,75
1719463440900,654.55,25
1719463440900,654.55,25
1719463440900,654.55,25
1719463440900,654.55,25
1719463440900,654.55,25
1719463440900,654.55,25
1719463440900,654.55,25
1719463453450,658.0,250
1719463453450,658.0,250
1719463453450,658.0,250
1719463470262,662.25,100
1719463470262,662.25,100
1719463470262,662.25,100
1719463470262,662.25,100
1719463472837,662.75,25
1719463472837,662.75,25
1719463472837,662.75,25
1719463472837,662.75,25
1719463472837,662.75,25
1719463472837,662.75,25
1719463472837,662.75,25
1719463472837,662.75,25
1719463483260,658.0,125
1719463483260,658.0,125
1719463483260,658.0,125
1719463483260,658.0,125
1719463483260,658.0,125
1719463483260,658.0,125
1719463483260,658.0,125
1719463483260,658.0,125
1719463483260,658.0,125
1719463483260,658.0,125
1719463495746,657.4,50
1719463495746,657.4,50
1719463495746,657.4,50
1719463495746,657.4,50
1719463495746,657.4,50
1719463495746,657.4,50
1719463495746,657.4,50
1719463502493,655.95,25
1719463503257,656.1,25
1719463503257,656.1,25
1719463503257,656.1,25
1719463507164,652.65,25
1719463507164,652.65,25
1719463507164,652.65,25
1719463509685,655.25,25
1719463509685,655.25,25
1719463509685,655.25,25
1719463512753,654.15,25
1719463512753,654.15,25
1719463512753,654.15,25
1719463512753,654.15,25
1719463512753,654.15,25
1719463512753,654.15,25
1719463520150,656.6,300
1719463520150,656.6,300
1719463520150,656.6,300
1719463523738,658.0,25
1719463523738,658.0,25
1719463523738,658.0,25
1719463523738,658.0,25
1719463523738,658.0,25
1719463528601,660.0,25
1719463528601,660.0,25
1719463528601,660.0,25
1719463528601,660.0,25
1719463528601,660.0,25
1719463528601,660.0,25
1719463528601,660.0,25
1719463528601,660.0,25
1719463528601,660.0,25
1719463528601,660.0,25
1719463528601,660.0,25
1719463528601,660.0,25
1719463528601,660.0,25
1719463528601,660.0,25
1719463528601,660.0,25
1719463554325,664.0,25
1719463554325,664.0,25
1719463554325,664.0,25
1719463554325,664.0,25
1719463554325,664.0,25
1719463554325,664.0,25
1719463554325,664.0,25
1719463561363,660.45,25
1719463561363,660.45,25
1719463561363,660.45,25
1719463561363,660.45,25
1719463564118,660.0,25
1719463564118,660.0,25
1719463564118,660.0,25
1719463564118,660.0,25
1719463564118,660.0,25
1719463564118,660.0,25
1719463564118,660.0,25
1719463564118,660.0,25
1719463573096,656.7,225
1719463573096,656.7,225
1719463573096,656.7,225
1719463577178,657.0,25
1719463577178,657.0,25
1719463577178,657.0,25
1719463579844,655.0,25
1719463579844,655.0,25
1719463579844,655.0,25
1719463579844,655.0,25
1719463579844,655.0,25
1719463579844,655.0,25
1719463579844,655.0,25
1719463579844,655.0,25
1719463579844,655.0,25
1719463579844,655.0,25
1719463579844,655.0,25
1719463579844,655.0,25
1719463579844,655.0,25
1719463579844,655.0,25
1719463579844,655.0,25
1719463579844,655.0,25
1719463579844,655.0,25
1719463602916,656.2,25
1719463611952,657.7,25
1719463611952,657.7,25
1719463611952,657.7,25
1719463611952,657.7,25
1719463611952,657.7,25
1719463611952,657.7,25
1719463611952,657.7,25
1719463611952,657.7,25
1719463611952,657.7,25
1719463611952,657.7,25
1719463611952,657.7,25
1719463611952,657.7,25
1719463611952,657.7,25
1719463628275,655.25,25
1719463628275,655.25,25
1719463628275,655.25,25
1719463628275,655.25,25
1719463628275,655.25,25
1719463628275,655.25,25
1719463628275,655.25,25
1719463628275,655.25,25
1719463628275,655.25,25
1719463640617,657.0,25
1719463640617,657.0,25
1719463640617,657.0,25
1719463640617,657.0,25
1719463640617,657.0,25
1719463640617,657.0,25
1719463665530,653.65,225
1719463665530,653.65,225
1719463665530,653.65,225
1719463665530,653.65,225
1719463674323,657.55,25
1719463674323,657.55,25
1719463674323,657.55,25
1719463674323,657.55,25
1719463674323,657.55,25
1719463751507,660.65,25
1719463757604,662.0,500
1719463763301,667.1,25
1719463763301,667.1,25
1719463763301,667.1,25
1719463763301,667.1,25
1719463763301,667.1,25
1719463763301,667.1,25
1719463777080,667.1,275
1719463778599,665.7,25
1719463778599,665.7,25
1719463778599,665.7,25
1719463778599,665.7,25
1719463778599,665.7,25
1719463778599,665.7,25
1719463778599,665.7,25
1719463778599,665.7,25
1719463778599,665.7,25
1719463778599,665.7,25
1719463778599,665.7,25
1719463778599,665.7,25
1719463778599,665.7,25
1719463778599,665.7,25
1719463778599,665.7,25
1719463778599,665.7,25
1719463778599,665.7,25
1719463778599,665.7,25
1719463778599,665.7,25
1719463778599,665.7,25
1719463778599,665.7,25
1719463778599,665.7,25
1719463778599,665.7,25
1719463778599,665.7,25
1719463778599,665.7,25
1719463778599,665.7,25
1719463778599,665.7,25
1719463813914,670.0,100
1719463813914,670.0,100
1719463813914,670.0,100
1719463813914,670.0,100
1719463813914,670.0,100
1719463813914,670.0,100
1719463813914,670.0,100
1719463813914,670.0,100
1719463813914,670.0,100
1719463813914,670.0,100
1719463813914,670.0,100
1719463813914,670.0,100
1719463813914,670.0,100
1719463813914,670.0,100
1719463834625,662.85,25
1719463834625,662.85,25
1719463834625,662.85,25
1719463834625,662.85,25
1719463834625,662.85,25
1719463840895,663.9,25
1719463840895,663.9,25
1719463840895,663.9,25
1719463843516,660.2,75
1719463843516,660.2,75
1719463843516,660.2,75
1719463846304,660.5,25
1719463846304,660.5,25
1719463846304,660.5,25
1719463846304,660.5,25
1719463846304,660.5,25
1719463846304,660.5,25
1719463846304,660.5,25
1719463854572,660.0,25
1719463854572,660.0,25
1719463854572,660.0,25
1719463854572,660.0,25
1719463854572,660.0,25
1719463861392,663.75,25
1719463861392,663.75,25
1719463861392,663.75,25
1719463864519,667.05,25
1719463864519,667.05,25
1719463864519,667.05,25
1719463864519,667.05,25
1719463864519,667.05,25
1719463864519,667.05,25
1719463864519,667.05,25
1719463864519,667.05,25
1719463864519,667.05,25
1719463864519,667.05,25
1719463864519,667.05,25
1719463864519,667.05,25
1719463864519,667.05,25
1719463864519,667.05,25
1719463911602,668.2,25
1719463911602,668.2,25
1719463911602,668.2,25
1719463911602,668.2,25
1719463911602,668.2,25
1719463911602,668.2,25
1719463933361,667.4,25
1719463933361,667.4,25
1719463933361,667.4,25
1719463935504,672.0,500
1719463935504,672.0,500
1719463935504,672.0,500
1719463935504,672.0,500
1719463935504,672.0,500
1719463935504,672.0,500
1719463935504,672.0,500
1719463935504,672.0,500
1719463935504,672.0,500
1719463935504,672.0,500
1719463955996,663.65,225
1719463955996,663.65,225
1719463955996,663.65,225
1719463955996,663.65,225
1719463955996,663.65,225
1719463961725,660.0,25
1719463961725,660.0,25
1719463961725,660.0,25
1719463961725,660.0,25
1719463961725,660.0,25
1719463961725,660.0,25
1719463961725,660.0,25
1719463961725,660.0,25
1719463961725,660.0,25
1719463961725,660.0,25
1719463961725,660.0,25
1719463974699,663.55,25
1719463974699,663.55,25
1719463974699,663.55,25
1719463974699,663.55,25
1719463974699,663.55,25
1719463974699,663.55,25
1719463974699,663.55,25
1719463974699,663.55,25
1719463974699,663.55,25
1719463974699,663.55,25
1719463974699,663.55,25
1719463974699,663.55,25
1719463974699,663.55,25
1719463974699,663.55,25
1719463974699,663.55,25
1719463992346,663.85,25
1719463993144,662.35,25
1719463993144,662.35,25
1719463993144,662.35,25
1719463993144,662.35,25
1719463997350,662.35,25
1719463997350,662.35,25
1719463997350,662.35,25
1719463997350,662.35,25
1719464000852,657.5,25
1719464001477,658.55,25
1719464001477,658.55,25
1719464001477,658.55,25
1719464001477,658.55,25
1719464001477,658.55,25
1719464001477,658.55,25
1719464001477,658.55,25
1719464010000,659.9,25
1719464010367,658.65,200
1719464010367,658.65,200
1719464010367,658.65,200
1719464010367,658.65,200
1719464010367,658.65,200
1719464014180,660.05,25
1719464014180,660.05,25
1719464014180,660.05,25
1719464014180,660.05,25
1719464014180,660.05,25
1719464014180,660.05,25
1719464014180,660.05,25
1719464014180,660.05,25
1719464014180,660.05,25
1719464014180,660.05,25
1719464014180,660.05,25
1719464014180,660.05,25
1719464031025,661.75,25
1719464031025,661.75,25
1719464031025,661.75,25
1719464031025,661.75,25
1719464031025,661.75,25
1719464031025,661.75,25
1719464031025,661.75,25
1719464031025,661.75,25
1719464031025,661.75,25
1719464031025,661.75,25
1719464031025,661.75,25
1719464031025,661.75,25
1719464042726,658.25,25
1719464042726,658.25,25
1719464042726,658.25,25
1719464042726,658.25,25
1719464042726,658.25,25
1719464042726,658.25,25
1719464042726,658.25,25
1719464042726,658.25,25
1719464042726,658.25,25
1719464053651,655.0,25
1719464053651,655.0,25
1719464053651,655.0,25
1719464053651,655.0,25
1719464053651,655.0,25
1719464053651,655.0,25
1719464053651,655.0,25
1719464053651,655.0,25
1719464053651,655.0,25
1719464064261,655.0,25
1719464073154,655.95,25
1719464075290,656.1,25
1719464075290,656.1,25
1719464075290,656.1,25
1719464075290,656.1,25
1719464078129,656.2,25
1719464078129,656.2,25
1719464078129,656.2,25
1719464078129,656.2,25
1719464078129,656.2,25
1719464078129,656.2,25
1719464078129,656.2,25
1719464078129,656.2,25
1719464078129,656.2,25
1719464078129,656.2,25
1719464078129,656.2,25
1719464078129,656.2,25
1719464078129,656.2,25
1719464078129,656.2,25
1719464078129,656.2,25
1719464078129,656.2,25
1719464078129,656.2,25
1719464078129,656.2,25
1719464078129,656.2,25
1719464121139,659.95,200
1719464121139,659.95,200
1719464121139,659.95,200
1719464121139,659.95,200
1719464121139,659.95,200
1719464121139,659.95,200
1719464121139,659.95,200
1719464121139,659.95,200
1719464173448,660.0,450
1719464203519,656.65,250
1719464203519,656.65,250
1719464208050,660.55,25
1719464208050,660.55,25
1719464208050,660.55,25
1719464209996,658.75,25
1719464209996,658.75,25
1719464209996,658.75,25
1719464209996,658.75,25
1719464209996,658.75,25
1719464209996,658.75,25
1719464209996,658.75,25
1719464219030,663.4,25
1719464219030,663.4,25
1719464219030,663.4,25
1719464219030,663.4,25
1719464219030,663.4,25
1719464219030,663.4,25
1719464219030,663.4,25
1719464219030,663.4,25
1719464219030,663.4,25
1719464219030,663.4,25
1719464230218,669.0,25
1719464230845,669.0,25
1719464230845,669.0,25
1719464230845,669.0,25
1719464230845,669.0,25
1719464230845,669.0,25
1719464230845,669.0,25
1719464238975,668.15,25
1719464239356,667.95,25
1719464239356,667.95,25
1719464239356,667.95,25
1719464239356,667.95,25
1719464239356,667.95,25
1719464239356,667.95,25
1719464246741,672.0,125
1719464246948,673.95,25
1719464247286,675.7,25
1719464247286,675.7,25
1719464247286,675.7,25
1719464247286,675.7,25
1719464247286,675.7,25
1719464247286,675.7,25
1719464253150,678.5,25
1719464254069,680.65,25
1719464254069,680.65,25
1719464254069,680.65,25
1719464259580,679.8,25
1719464260337,678.05,25
1719464260337,678.05,25
1719464263225,681.8,250
1719464263638,679.3,50
1719464263638,679.3,50
1719464263638,679.3,50
1719464265565,678.6,200
1719464265565,678.6,200
1719464265565,678.6,200
1719464265565,678.6,200
1719464265565,678.6,200
1719464265565,678.6,200
1719464265565,678.6,200
1719464265565,678.6,200
1719464274323,679.75,25
1719464274323,679.75,25
1719464275519,679.3,25
1719464291787,682.65,25
1719464291787,682.65,25
1719464291787,682.65,25
1719464291787,682.65,25
1719464297136,682.05,50
1719464297136,682.05,50
1719464297136,682.05,50
1719464297136,682.05,50
1719464300496,683.1,25
1719464300496,683.1,25
1719464300496,683.1,25
1719464300496,683.1,25
1719464304516,681.05,25
1719464304516,681.05,25
1719464304516,681.05,25
1719464304516,681.05,25
1719464304516,681.05,25
1719464304516,681.05,25
1719464304516,681.05,25
1719464304516,681.05,25
1719464304516,681.05,25
1719464313968,686.9,25
1719464313968,686.9,25
1719464313968,686.9,25
1719464313968,686.9,25
1719464313968,686.9,25
1719464313968,686.9,25
1719464313968,686.9,25
1719464313968,686.9,25
1719464324190,687.75,25
1719464324190,687.75,25
1719464324190,687.75,25
1719464324190,687.75,25
1719464324190,687.75,25
1719464329197,684.5,50
1719464329197,684.5,50
1719464329197,684.5,50
1719464331264,686.15,25
1719464344143,685.0,625
1719464344143,685.0,625
1719464344143,685.0,625
1719464370311,685.0,100
1719464370311,685.0,100
1719464370311,685.0,100
1719464370311,685.0,100
1719464370311,685.0,100
1719464370311,685.0,100
1719464370311,685.0,100
1719464370311,685.0,100
1719464381105,685.0,25
1719464381105,685.0,25
1719464381105,685.0,25
1719464381105,685.0,25
1719464381105,685.0,25
1719464381105,685.0,25
1719464387688,682.1,25
1719464387688,682.1,25
1719464387688,682.1,25
1719464387688,682.1,25
1719464392083,683.95,25
1719464393310,683.35,25
1719464393310,683.35,25
1719464393310,683.35,25
1719464393310,683.35,25
1719464397081,684.1,25
1719464397081,684.1,25
1719464397081,684.1,25
1719464397081,684.1,25
1719464397081,684.1,25
1719464397081,684.1,25
1719464397081,684.1,25
1719464405561,684.3,25
1719464406079,685.3,25
1719464406079,685.3,25
1719464406079,685.3,25
1719464406079,685.3,25
1719464406079,685.3,25
1719464411616,685.95,25
1719464411616,685.95,25
1719464411616,685.95,25
1719464411616,685.95,25
1719464411616,685.95,25
1719464411616,685.95,25
1719464411616,685.95,25
1719464411616,685.95,25
1719464411616,685.95,25
1719464411616,685.95,25
1719464411616,685.95,25
1719464411616,685.95,25
1719464411616,685.95,25
1719464411616,685.95,25
1719464411616,685.95,25
1719464411616,685.95,25
1719464411616,685.95,25
1719464411616,685.95,25
1719464411616,685.95,25
1719464411616,685.95,25
1719464411616,685.95,25
1719464411616,685.95,25
1719464411616,685.95,25
1719464411616,685.95,25
1719464411616,685.95,25
1719464411616,685.95,25
1719464411616,685.95,25
1719464411616,685.95,25
1719464411616,685.95,25
1719464449305,685.95,25
1719464449305,685.95,25
1719464453569,685.3,25
1719464465356,680.0,25
1719464465356,680.0,25
1719464469877,681.6,100
1719464469877,681.6,100
1719464469877,681.6,100
1719464469877,681.6,100
1719464469877,681.6,100
1719464469877,681.6,100
1719464469877,681.6,100
1719464469877,681.6,100
1719464498762,680.8,25
1719464509887,681.25,25
1719464509887,681.25,25
1719464509887,681.25,25
1719464509887,681.25,25
1719464509887,681.25,25
1719464509887,681.25,25
1719464522566,675.0,25
1719464522705,675.0,50
1719464522705,675.0,50
1719464522705,675.0,50
1719464522705,675.0,50
1719464522705,675.0,50
1719464539284,674.6,25
1719464539284,674.6,25
1719464539284,674.6,25
1719464539284,674.6,25
1719464539284,674.6,25
1719464539284,674.6,25
1719464539284,674.6,25
1719464539284,674.6,25
1719464562575,673.65,25
1719464562575,673.65,25
1719464562575,673.65,25
1719464562575,673.65,25
1719464562575,673.65,25
1719464562575,673.65,25
1719464562575,673.65,25
1719464562575,673.65,25
1719464562575,673.65,25
1719464562575,673.65,25
1719464578675,670.65,25
1719464578675,670.65,25
1719464588809,670.0,25
1719464589155,667.15,25
1719464589155,667.15,25
1719464590892,665.0,25
1719464590892,665.0,25
1719464590892,665.0,25
1719464590892,665.0,25
1719464590892,665.0,25
1719464590892,665.0,25
1719464590892,665.0,25
1719464599659,660.0,25
1719464599659,660.0,25
1719464601342,653.6,25
1719464601342,653.6,25
1719464604256,652.15,25
1719464604256,652.15,25
1719464604256,652.15,25
1719464606502,650.0,25
1719464606778,645.0,25
1719464607425,641.4,50
1719464608142,640.0,25
1719464609358,640.5,25
1719464609854,636.0,50
1719464610855,634.65,25
1719464610855,634.65,25
1719464611565,629.55,25
1719464611565,629.55,25
1719464612246,618.0,575
1719464612646,616.2,25
1719464613605,588.85,25
1719464613886,592.15,25
1719464614180,594.9,25
1719464614180,594.9,25
1719464614180,594.9,25
1719464616064,607.9,25
1719464617237,614.45,25
1719464619300,617.25,25
1719464619300,617.25,25
1719464619300,617.25,25
1719464621264,620.05,25
1719464622502,620.1,25
1719464622502,620.1,25
1719464624397,625.45,125
1719464625030,628.9,25
1719464625030,628.9,25
1719464626196,626.35,25
1719464626196,626.35,25
1719464628562,629.95,25
1719464629039,633.6,25
1719464629039,633.6,25
1719464629039,633.6,25
1719464629039,633.6,25
1719464629039,633.6,25
1719464634884,622.4,25
1719464635377,624.95,125
1719464635377,624.95,125
1719464635377,624.95,125
1719464635377,624.95,125
1719464635377,624.95,125
1719464641717,618.05,100
1719464641717,618.05,100
1719464641717,618.05,100
1719464645036,623.25,50
1719464645036,623.25,50
1719464645036,623.25,50
1719464645036,623.25,50
1719464645036,623.25,50
1719464645036,623.25,50
1719464645036,623.25,50
1719464645036,623.25,50
1719464645036,623.25,50
1719464645036,623.25,50
1719464645036,623.25,50
1719464645036,623.25,50
1719464645036,623.25,50
1719464645036,623.25,50
1719464664389,621.3,25
1719464664389,621.3,25
1719464665988,623.95,50
1719464665988,623.95,50
1719464665988,623.95,50
1719464665988,623.95,50
1719464665988,623.95,50
1719464665988,623.95,50
1719464665988,623.95,50
1719464665988,623.95,50
1719464665988,623.95,50
1719464665988,623.95,50
1719464677537,626.1,25
1719464677537,626.1,25
1719464677537,626.1,25
1719464677537,626.1,25
1719464677537,626.1,25
1719464677537,626.1,25
1719464684254,626.05,25
1719464684254,626.05,25
1719464684254,626.05,25
1719464687761,622.8,25
1719464688270,622.35,25
1719464688270,622.35,25
1719464688270,622.35,25
1719464688270,622.35,25
1719464688270,622.35,25
1719464693844,620.0,25
1719464693844,620.0,25
1719464693844,620.0,25
1719464693844,620.0,25
1719464698573,613.7,75
1719464698573,613.7,75
1719464701015,608.7,250
1719464701015,608.7,250
1719464701015,608.7,250
1719464701015,608.7,250
1719464701015,608.7,250
1719464704525,604.15,50
1719464705040,605.55,25
1719464705672,606.15,25
1719464706785,608.85,25
1719464706785,608.85,25
1719464706785,608.85,25
1719464712783,613.9,25
1719464712783,613.9,25
1719464715836,617.9,100
1719464715836,617.9,100
1719464715836,617.9,100
1719464715836,617.9,100
1719464715836,617.9,100
1719464715836,617.9,100
1719464723931,613.15,25
1719464723931,613.15,25
1719464723931,613.15,25
1719464723931,613.15,25
1719464723931,613.15,25
1719464723931,613.15,25
1719464723931,613.15,25
1719464723931,613.15,25
1719464723931,613.15,25
1719464723931,613.15,25
1719464737346,611.65,275
1719464737346,611.65,275
1719464740141,614.25,25
1719464740141,614.25,25
1719464740141,614.25,25
1719464740141,614.25,25
1719464740141,614.25,25
1719464740141,614.25,25
1719464740141,614.25,25
1719464750433,620.85,25
1719464750433,620.85,25
1719464753512,620.0,500
1719464753545,620.0,100
1719464754355,622.5,25
1719464754355,622.5,25
1719464755852,622.8,25
1719464755852,622.8,25
1719464755852,622.8,25
1719464758218,624.1,150
1719464758218,624.1,150
1719464779772,621.6,25
1719464779772,621.6,25
1719464779772,621.6,25
1719464779772,621.6,25
1719464784679,621.65,25
1719464784679,621.65,25
1719464785392,622.3,25
1719464785789,624.9,25
1719464785789,624.9,25
1719464786993,627.5,25
1719464786993,627.5,25
1719464788469,628.35,25
1719464788469,628.35,25
1719464788469,628.35,25
1719464797244,622.2,25
1719464797244,622.2,25
1719464797244,622.2,25
1719464813496,621.25,25
1719464813496,621.25,25
1719464813496,621.25,25
1719464813496,621.25,25
1719464813496,621.25,25
1719464820995,622.3,50
1719464820995,622.3,50
1719464822295,626.8,150
1719464822295,626.8,150
1719464822729,625.4,50
1719464822729,625.4,50
1719464822729,625.4,50
1719464822729,625.4,50
1719464822729,625.4,50
1719464830547,628.35,1000
1719464830547,628.35,1000
1719464830547,628.35,1000
1719464830547,628.35,1000
1719464830547,628.35,1000
1719464830547,628.35,1000
1719464830547,628.35,1000
1719464830547,628.35,1000
1719464830547,628.35,1000
1719464830547,628.35,1000
1719464830547,628.35,1000
1719464830547,628.35,1000
1719464830547,628.35,1000
1719464852042,633.45,25
1719464852042,633.45,25
1719464852042,633.45,25
1719464852042,633.45,25
1719464852042,633.45,25
1719464852042,633.45,25
1719464852042,633.45,25
1719464852042,633.45,25
1719464862908,634.85,25
1719464862908,634.85,25
1719464862908,634.85,25
1719464862908,634.85,25
1719464867200,633.45,300
1719464867227,633.45,200
1719464867227,633.45,200
1719464867227,633.45,200
1719464867227,633.45,200
1719464870915,637.65,25
1719464870915,637.65,25
1719464870915,637.65,25
1719464870915,637.65,25
1719464870915,637.65,25
1719464870915,637.65,25
1719464870915,637.65,25
1719464870915,637.65,25
1719464870915,637.65,25
1719464870915,637.65,25
1719464870915,637.65,25
1719464870915,637.65,25
1719464870915,637.65,25
1719464870915,637.65,25
1719464870915,637.65,25
1719464870915,637.65,25
1719464891824,630.0,75
1719464891824,630.0,75
1719464891824,630.0,75
1719464891824,630.0,75
1719464891824,630.0,75
1719464897252,627.45,25
1719464897252,627.45,25
1719464897252,627.45,25
1719464897252,627.45,25
1719464897252,627.45,25
1719464897252,627.45,25
1719464905058,632.75,150
1719464906527,637.0,25
1719464906527,637.0,25
1719464906527,637.0,25
1719464906527,637.0,25
1719464906527,637.0,25
1719464906527,637.0,25
1719464914242,640.9,25
1719464914242,640.9,25
1719464914242,640.9,25
1719464914242,640.9,25
1719464914242,640.9,25
1719464914242,640.9,25
1719464914242,640.9,25
1719464914242,640.9,25
1719464914242,640.9,25
1719464914242,640.9,25
1719464925126,632.7,125
1719464925126,632.7,125
1719464925126,632.7,125
1719464925126,632.7,125
1719464925126,632.7,125
1719464925126,632.7,125
1719464925126,632.7,125
1719464925126,632.7,125
1719464925126,632.7,125
1719464925126,632.7,125
1719464925126,632.7,125
1719464925126,632.7,125
1719464925126,632.7,125
1719464925126,632.7,125
1719464925126,632.7,125
1719464925126,632.7,125
1719464925126,632.7,125
1719464925126,632.7,125
1719464925126,632.7,125
1719464925126,632.7,125
1719464925126,632.7,125
1719464925126,632.7,125
1719464925126,632.7,125
1719464952608,628.25,25
1719464952608,628.25,25
1719464952608,628.25,25
1719464952608,628.25,25
1719464952608,628.25,25
1719464952608,628.25,25
1719464952608,628.25,25
1719464952608,628.25,25
1719464962483,629.0,50
1719464962483,629.0,50
1719464962483,629.0,50
1719464966192,630.0,575
1719464966192,630.0,575
1719464966192,630.0,575
1719464966192,630.0,575
1719464966192,630.0,575
1719464966192,630.0,575
1719464966192,630.0,575
1719464966192,630.0,575
1719464966192,630.0,575
1719464966192,630.0,575
1719464966192,630.0,575
1719464966192,630.0,575
1719464966192,630.0,575
1719464982980,630.0,25
1719464983379,627.75,25
1719464983379,627.75,25
1719464983379,627.75,25
1719464983379,627.75,25
1719464989155,629.2,25
1719464989155,629.2,25
1719464989155,629.2,25
1719464989155,629.2,25
1719464989155,629.2,25
1719464994825,628.45,25
1719464994825,628.45,25
1719464994825,628.45,25
1719464994825,628.45,25
1719464994825,628.45,25
1719464994825,628.45,25
1719464994825,628.45,25
1719464994825,628.45,25
1719464994825,628.45,25
1719464994825,628.45,25
1719464994825,628.45,25
1719464994825,628.45,25
1719464994825,628.45,25
1719464994825,628.45,25
1719464994825,628.45,25
1719464994825,628.45,25
1719464994825,628.45,25
1719465017448,623.75,50
1719465017595,625.0,50
1719465017595,625.0,50
1719465017595,625.0,50
1719465017595,625.0,50
1719465017595,625.0,50
1719465017595,625.0,50
1719465024535,623.0,100
1719465024535,623.0,100
1719465024535,623.0,100
1719465024535,623.0,100
1719465024535,623.0,100
1719465050147,630.0,300
1719465050147,630.0,300
1719465050147,630.0,300
1719465050147,630.0,300
1719465050147,630.0,300
1719465050147,630.0,300
1719465076536,620.2,25
1719465076536,620.2,25
1719465076536,620.2,25
1719465076536,620.2,25
1719465076536,620.2,25
1719465076536,620.2,25
1719465076536,620.2,25
1719465076536,620.2,25
1719465076536,620.2,25
1719465076536,620.2,25
1719465076536,620.2,25
1719465101938,615.0,25
1719465103189,613.5,150
1719465103189,613.5,150
1719465103189,613.5,150
1719465103189,613.5,150
1719465103189,613.5,150
1719465111478,618.8,25
1719465111478,618.8,25
1719465111478,618.8,25
1719465111478,618.8,25
1719465115971,615.9,25
1719465115971,615.9,25
1719465115971,615.9,25
1719465115971,615.9,25
1719465115971,615.9,25
1719465115971,615.9,25
1719465115971,615.9,25
1719465115971,615.9,25
1719465115971,615.9,25
1719465115971,615.9,25
1719465115971,615.9,25
1719465115971,615.9,25
1719465115971,615.9,25
1719465115971,615.9,25
1719465115971,615.9,25
1719465115971,615.9,25
1719465115971,615.9,25
1719465115971,615.9,25
1719465137543,615.9,50
1719465137543,615.9,50
1719465137543,615.9,50
1719465137543,615.9,50
1719465137543,615.9,50
1719465137543,615.9,50
1719465137543,615.9,50
1719465137543,615.9,50
1719465137543,615.9,50
1719465137543,615.9,50
1719465137543,615.9,50
1719465137543,615.9,50
1719465137543,615.9,50
1719465137543,615.9,50
1719465137543,615.9,50
1719465154164,621.55,25
1719465154164,621.55,25
1719465154164,621.55,25
1719465154164,621.55,25
1719465154164,621.55,25
1719465159456,621.5,50
1719465159456,621.5,50
1719465159456,621.5,50
1719465159456,621.5,50
1719465159456,621.5,50
1719465159456,621.5,50
1719465159456,621.5,50
1719465159456,621.5,50
1719465159456,621.5,50
1719465159456,621.5,50
1719465159456,621.5,50
1719465159456,621.5,50
1719465159456,621.5,50
1719465159456,621.5,50
1719465159456,621.5,50
1719465159456,621.5,50
1719465159456,621.5,50
1719465159456,621.5,50
1719465159456,621.5,50
1719465159456,621.5,50
1719465159456,621.5,50
1719465159456,621.5,50
1719465159456,621.5,50
1719465159456,621.5,50
1719465159456,621.5,50
1719465159456,621.5,50
1719465159456,621.5,50
1719465159456,621.5,50
1719465159456,621.5,50
1719465159456,621.5,50
1719465159456,621.5,50
1719465159456,621.5,50
1719465159456,621.5,50
1719465159456,621.5,50
1719465159456,621.5,50
1719465159456,621.5,50
1719465202659,611.0,100
1719465202742,610.0,25
1719465202742,610.0,25
1719465202742,610.0,25
1719465202742,610.0,25
1719465202742,610.0,25
1719465210343,606.15,25
1719465210343,606.15,25
1719465210343,606.15,25
1719465210343,606.15,25
1719465212972,605.0,25
1719465213196,600.0,25
1719465213704,602.75,25
1719465213704,602.75,25
1719465213704,602.75,25
1719465215996,595.0,25
1719465216171,590.0,25
1719465216787,591.3,75
1719465216787,591.3,75
1719465219994,585.5,25
1719465219994,585.5,25
1719465221410,581.0,150
1719465221518,581.0,25
1719465221518,581.0,25
1719465223747,589.0,25
1719465223878,590.35,25
1719465223878,590.35,25
1719465224568,586.5,25
1719465224568,586.5,25
1719465224568,586.5,25
1719465227348,580.0,75
1719465228288,575.75,25
1719465228288,575.75,25
1719465228967,565.0,25
1719465229430,571.45,25
1719465229430,571.45,25
1719465230898,574.05,25
1719465230898,574.05,25
1719465230898,574.05,25
1719465230898,574.05,25
1719465235672,575.95,150
1719465236374,570.05,25
1719465236374,570.05,25
1719465238523,566.75,125
1719465238523,566.75,125
1719465238875,570.5,25
1719465238875,570.5,25
1719465240358,566.55,25
1719465241213,561.0,100
1719465241505,560.15,25
1719465241505,560.15,25
1719465241505,560.15,25
1719465243331,562.05,75
1719465243331,562.05,75
1719465243331,562.05,75
1719465243331,562.05,75
1719465243331,562.05,75
1719465249790,564.35,25
1719465249790,564.35,25
1719465251154,563.3,25
1719465251154,563.3,25
1719465252999,560.0,100
1719465253080,557.0,100
1719465253080,557.0,100
1719465253080,557.0,100
1719465255442,562.75,150
1719465255853,564.35,100
1719465256796,563.65,125
1719465256796,563.65,125
1719465257812,566.2,50
1719465257812,566.2,50
1719465260448,561.0,100
1719465260448,561.0,100
1719465260448,561.0,100
1719465260448,561.0,100
1719465264995,563.65,50
1719465264995,563.65,50
1719465264995,563.65,50
1719465264995,563.65,50
1719465264995,563.65,50
1719465264995,563.65,50
1719465264995,563.65,50
1719465264995,563.65,50
1719465273790,555.0,25
1719465273790,555.0,25
1719465275718,555.05,25
1719465275718,555.05,25
1719465278440,559.6,25
1719465278440,559.6,25
1719465278440,559.6,25
1719465278440,559.6,25
1719465278440,559.6,25
1719465285506,560.0,25
1719465285506,560.0,25
1719465286678,559.75,25
1719465286678,559.75,25
1719465288853,560.15,25
1719465288853,560.15,25
1719465288853,560.15,25
1719465288853,560.15,25
1719465288853,560.15,25
1719465294067,564.5,25
1719465294387,563.6,25
1719465294754,566.1,150
1719465294754,566.1,150
1719465294754,566.1,150
1719465297638,563.6,25
1719465297638,563.6,25
1719465297638,563.6,25
1719465300670,560.5,75
1719465306561,547.2,25
1719465306561,547.2,25
1719465308090,550.0,25
1719465308090,550.0,25
1719465308090,550.0,25
1719465308090,550.0,25
1719465308090,550.0,25
1719465308090,550.0,25
1719465319814,551.05,25
1719465319814,551.05,25
1719465319814,551.05,25
1719465319814,551.05,25
1719465324095,552.75,25
1719465324095,552.75,25
1719465324095,552.75,25
1719465324095,552.75,25
1719465324095,552.75,25
1719465329341,554.0,25
1719465331456,559.0,25
1719465331704,560.0,25
1719465331704,560.0,25
1719465331704,560.0,25
1719465331704,560.0,25
1719465336042,563.15,25
1719465336042,563.15,25
1719465336042,563.15,25
1719465336042,563.15,25
1719465341098,552.1,25
1719465341098,552.1,25
1719465341098,552.1,25
1719465341098,552.1,25
1719465341098,552.1,25
1719465341098,552.1,25
1719465341098,552.1,25
1719465350136,561.2,25
1719465350136,561.2,25
1719465350136,561.2,25
1719465350136,561.2,25
1719465355363,563.0,25
1719465355363,563.0,25
1719465355363,563.0,25
1719465355363,563.0,25
1719465358842,558.45,25
1719465358842,558.45,25
1719465358842,558.45,25
1719465358842,558.45,25
1719465362445,556.5,25
1719465362445,556.5,25
1719465362445,556.5,25
1719465364752,562.35,25
1719465364752,562.35,25
1719465364752,562.35,25
1719465364752,562.35,25
1719465364752,562.35,25
1719465374761,563.85,25
1719465377838,562.35,100
1719465377838,562.35,100
1719465405732,562.45,25
1719465405732,562.45,25
1719465405732,562.45,25
1719465405732,562.45,25
1719465405732,562.45,25
1719465405732,562.45,25
1719465405732,562.45,25
1719465405732,562.45,25
1719465405732,562.45,25
1719465405732,562.45,25
1719465405732,562.45,25
1719465405732,562.45,25
1719465405732,562.45,25
1719465405732,562.45,25
1719465433295,564.5,25
1719465433295,564.5,25
1719465433295,564.5,25
1719465436519,560.0,450
1719465436577,560.0,175
1719465436577,560.0,175
1719465436577,560.0,175
1719465436577,560.0,175
1719465436577,560.0,175
1719465436577,560.0,175
1719465445721,557.8,50
1719465445721,557.8,50
1719465446000,560.0,225
1719465446000,560.0,225
1719465446000,560.0,225
1719465448760,557.95,75
1719465449116,559.0,25
1719465449116,559.0,25
1719465449116,559.0,25
1719465449116,559.0,25
1719465449116,559.0,25
1719465449116,559.0,25
1719465449116,559.0,25
1719465449116,559.0,25
1719465449116,559.0,25
1719465459209,555.85,25
1719465460199,553.55,250
1719465460199,553.55,250
1719465461081,551.0,200
1719465461081,551.0,200
1719465462436,554.4,75
1719465462436,554.4,75
1719465462436,554.4,75
1719465462436,554.4,75
1719465462436,554.4,75
1719465462436,554.4,75
1719465469189,551.5,75
1719465469189,551.5,75
1719465469189,551.5,75
1719465469189,551.5,75
1719465469189,551.5,75
1719465469189,551.5,75
1719465469189,551.5,75
1719465469189,551.5,75
1719465469189,551.5,75
1719465479756,553.85,75
1719465479756,553.85,75
1719465479756,553.85,75
1719465479756,553.85,75
1719465479756,553.85,75
1719465479756,553.85,75
1719465486152,553.85,25
1719465486729,554.65,25
1719465486729,554.65,25
1719465487835,552.95,75
1719465488774,551.5,50
1719465490205,552.25,75
1719465490205,552.25,75
1719465492020,556.45,25
1719465492020,556.45,25
1719465493771,555.85,25
1719465493771,555.85,25
1719465493771,555.85,25
1719465493771,555.85,25
1719465493771,555.85,25
1719465498904,554.7,25
1719465498904,554.7,25
1719465499851,552.5,100
1719465499851,552.5,100
1719465499851,552.5,100
1719465499851,552.5,100
1719465503870,557.4,25
1719465503870,557.4,25
1719465503870,557.4,25
1719465503870,557.4,25
1719465507999,557.25,25
1719465507999,557.25,25
1719465509426,558.15,25
1719465509426,558.15,25
1719465509426,558.15,25
1719465509426,558.15,25
1719465512642,554.55,25
1719465512642,554.55,25
1719465514120,555.25,25
1719465515158,554.5,25
1719465515158,554.5,25
1719465515158,554.5,25
1719465517033,555.0,25
1719465517380,553.6,25
1719465517975,554.2,25
1719465517975,554.2,25
1719465519058,552.7,100
1719465519535,556.9,25
1719465519535,556.9,25
1719465519535,556.9,25
1719465519535,556.9,25
1719465519535,556.9,25
1719465523886,556.5,25
1719465523886,556.5,25
1719465527552,560.15,25
1719465527552,560.15,25
1719465529034,559.45,25
1719465535441,554.25,25
1719465535441,554.25,25
1719465539179,551.0,25
1719465539623,552.5,25
1719465540192,550.0,25
1719465540192,550.0,25
1719465540192,550.0,25
1719465540192,550.0,25
1719465543289,553.2,100
1719465543289,553.2,100
1719465543875,550.8,25
1719465543875,550.8,25
1719465548723,554.2,100
1719465548723,554.2,100
1719465551568,552.6,50
1719465551568,552.6,50
1719465551568,552.6,50
1719465551568,552.6,50
1719465551568,552.6,50
1719465551568,552.6,50
1719465558287,556.75,25
1719465558287,556.75,25
1719465560581,557.05,75
1719465560581,557.05,75
1719465560581,557.05,75
1719465560581,557.05,75
1719465560581,557.05,75
1719465560581,557.05,75
1719465560581,557.05,75
1719465560581,557.05,75
1719465560581,557.05,75
1719465560581,557.05,75
1719465571550,556.75,25
1719465571550,556.75,25
1719465572026,557.0,25
1719465572026,557.0,25
1719465572790,558.05,25
1719465572790,558.05,25
1719465572790,558.05,25
1719465572790,558.05,25
1719465572790,558.05,25
1719465572790,558.05,25
1719465572790,558.05,25
1719465572790,558.05,25
1719465590543,565.0,25
1719465590543,565.0,25
1719465590543,565.0,25
1719465590543,565.0,25
1719465594972,566.15,25
1719465594972,566.15,25
1719465594972,566.15,25
1719465597829,570.1,50
1719465598362,575.7,50
1719465603801,572.25,150
1719465607075,574.0,75
1719465607075,574.0,75
1719465607075,574.0,75
1719465607075,574.0,75
1719465607075,574.0,75
1719465612989,572.9,25
1719465612989,572.9,25
1719465612989,572.9,25
1719465612989,572.9,25
1719465612989,572.9,25
1719465612989,572.9,25
1719465612989,572.9,25
1719465620780,570.0,100
1719465620780,570.0,100
1719465620780,570.0,100
1719465620780,570.0,100
1719465620780,570.0,100
1719465620780,570.0,100
1719465627653,588.0,75
1719465628832,587.25,25
1719465628832,587.25,25
1719465628832,587.25,25
1719465628832,587.25,25
1719465628832,587.25,25
1719465628832,587.25,25
1719465628832,587.25,25
1719465628832,587.25,25
1719465638756,588.65,150
1719465639198,590.4,150
1719465639496,592.55,50
1719465639496,592.55,50
1719465639496,592.55,50
1719465641942,588.75,150
1719465641942,588.75,150
1719465643659,587.3,25
1719465643659,587.3,25
1719465646090,586.0,25
1719465646090,586.0,25
1719465646090,586.0,25
1719465646090,586.0,25
1719465646090,586.0,25
1719465646090,586.0,25
1719465646090,586.0,25
1719465655886,585.15,50
1719465655886,585.15,50
1719465655886,585.15,50
1719465659565,587.65,100
1719465659565,587.65,100
1719465659565,587.65,100
1719465659565,587.65,100
1719465659565,587.65,100
1719465659565,587.65,100
1719465665158,587.1,25
1719465665158,587.1,25
1719465665158,587.1,25
1719465665158,587.1,25
1719465669708,586.6,25
1719465669708,586.6,25
1719465669708,586.6,25
1719465669708,586.6,25
1719465669708,586.6,25
1719465669708,586.6,25
1719465676905,587.35,50
1719465676905,587.35,50
1719465676905,587.35,50
1719465676905,587.35,50
1719465676905,587.35,50
1719465676905,587.35,50
1719465676905,587.35,50
1719465686976,599.9,25
1719465687293,598.45,50
1719465687293,598.45,50
1719465687293,598.45,50
1719465687293,598.45,50
1719465687293,598.45,50
1719465687293,598.45,50
1719465687293,598.45,50
1719465687293,598.45,50
1719465687293,598.45,50
1719465699377,590.65,25
1719465699377,590.65,25
1719465699377,590.65,25
1719465699377,590.65,25
1719465699377,590.65,25
1719465699377,590.65,25
1719465717487,594.05,25
1719465717487,594.05,25
1719465717487,594.05,25
1719465717487,594.05,25
1719465717487,594.05,25
1719465717487,594.05,25
1719465717487,594.05,25
1719465717487,594.05,25
1719465717487,594.05,25
1719465717487,594.05,25
1719465717487,594.05,25
1719465717487,594.05,25
1719465717487,594.05,25
1719465717487,594.05,25
1719465717487,594.05,25
1719465717487,594.05,25
1719465717487,594.05,25
1719465771961,585.05,75
1719465771961,585.05,75
1719465771961,585.05,75
1719465771961,585.05,75
1719465771961,585.05,75
1719465771961,585.05,75
1719465771961,585.05,75
1719465771961,585.05,75
1719465771961,585.05,75
1719465786398,583.65,25
1719465786398,583.65,25
1719465786398,583.65,25
1719465790345,584.15,25
1719465790345,584.15,25
1719465790345,584.15,25
1719465790345,584.15,25
1719465790345,584.15,25
1719465790345,584.15,25
1719465790345,584.15,25
1719465801453,578.55,150
1719465801453,578.55,150
1719465801453,578.55,150
1719465804272,580.65,25
1719465804272,580.65,25
1719465804272,580.65,25
1719465804272,580.65,25
1719465804272,580.65,25
1719465804272,580.65,25
1719465804272,580.65,25
1719465804272,580.65,25
1719465804272,580.65,25
1719465804272,580.65,25
1719465820146,580.75,50
1719465820146,580.75,50
1719465820146,580.75,50
1719465820146,580.75,50
1719465820146,580.75,50
1719465824199,580.95,50
1719465824199,580.95,50
1719465824199,580.95,50
1719465824199,580.95,50
1719465824199,580.95,50
1719465829903,578.45,250
1719465829903,578.45,250
1719465829903,578.45,250
1719465829903,578.45,250
1719465829903,578.45,250
1719465829903,578.45,250
1719465837025,578.25,50
1719465837025,578.25,50
1719465837025,578.25,50
1719465837025,578.25,50
1719465837025,578.25,50
1719465837025,578.25,50
1719465837025,578.25,50
1719465837025,578.25,50
1719465846887,575.75,100
1719465846887,575.75,100
1719465847312,577.2,25
1719465847312,577.2,25
1719465847312,577.2,25
1719465847312,577.2,25
1719465847312,577.2,25
1719465857369,571.35,25
1719465857640,571.1,225
1719465857640,571.1,225
1719465858842,566.95,100
1719465858842,566.95,100
1719465858842,566.95,100
1719465864653,570.5,25
1719465864653,570.5,25
1719465864653,570.5,25
1719465864653,570.5,25
1719465864653,570.5,25
1719465864653,570.5,25
1719465864653,570.5,25
1719465864653,570.5,25
1719465864653,570.5,25
1719465864653,570.5,25
1719465881545,562.8,100
1719465881545,562.8,100
1719465882148,560.0,25
1719465910272,565.0,25
1719465910272,565.0,25
1719465910272,565.0,25
1719465910272,565.0,25
1719465917391,569.0,50
1719465917391,569.0,50
1719465918595,569.0,50
1719465918595,569.0,50
1719465918595,569.0,50
1719465920709,569.5,25
1719465920709,569.5,25
1719465922323,571.15,50
1719465922323,571.15,50
1719465922323,571.15,50
1719465922323,571.15,50
1719465922323,571.15,50
1719465922323,571.15,50
1719465922323,571.15,50
1719465922323,571.15,50
1719465930866,566.55,75
1719465930866,566.55,75
1719465930866,566.55,75
1719465930866,566.55,75
1719465930866,566.55,75
1719465930866,566.55,75
1719465930866,566.55,75
1719465930866,566.55,75
1719465930866,566.55,75
1719465930866,566.55,75
1719465941955,571.55,50
1719465941955,571.55,50
1719465941955,571.55,50
1719465941955,571.55,50
1719465945326,570.65,25
1719465945326,570.65,25
1719465945326,570.65,25
1719465945326,570.65,25
1719465945326,570.65,25
1719465945326,570.65,25
1719465945326,570.65,25
1719465945326,570.65,25
1719465945326,570.65,25
1719465945326,570.65,25
1719465945326,570.65,25
1719465945326,570.65,25
1719465957439,572.5,25
1719465957439,572.5,25
1719465957439,572.5,25
1719465957439,572.5,25
1719465957439,572.5,25
1719465957439,572.5,25
1719465957439,572.5,25
1719465964672,580.0,25
1719465964672,580.0,25
1719465964672,580.0,25
1719465964672,580.0,25
1719465969247,579.25,75
1719465969247,579.25,75
1719465969247,579.25,75
1719465969247,579.25,75
1719465969247,579.25,75
1719465969247,579.25,75
1719465969247,579.25,75
1719465969247,579.25,75
1719465969247,579.25,75
1719465980877,584.95,75
1719465980877,584.95,75
1719465980877,584.95,75
1719465980877,584.95,75
1719465980877,584.95,75
1719465980877,584.95,75
1719465980877,584.95,75
1719465980877,584.95,75
1719465980877,584.95,75
1719465980877,584.95,75
1719465980877,584.95,75
1719465980877,584.95,75
1719465980877,584.95,75
1719465980877,584.95,75
1719465980877,584.95,75
1719465980877,584.95,75
1719465980877,584.95,75
1719465998469,586.0,50
1719465998469,586.0,50
1719465998469,586.0,50
1719465998469,586.0,50
1719465998469,586.0,50
1719465998469,586.0,50
1719465998469,586.0,50
1719465998469,586.0,50
1719465998469,586.0,50
1719465998469,586.0,50
1719465998469,586.0,50
1719466012709,586.75,25
1719466012709,586.75,25
1719466012709,586.75,25
1719466012709,586.75,25
1719466012709,586.75,25
1719466012709,586.75,25
1719466012709,586.75,25
1719466012709,586.75,25
1719466012709,586.75,25
1719466040403,588.1,75
1719466040403,588.1,75
1719466040403,588.1,75
1719466040403,588.1,75
1719466040403,588.1,75
1719466040403,588.1,75
1719466040403,588.1,75
1719466040403,588.1,75
1719466056770,590.0,25
1719466056770,590.0,25
1719466058598,594.0,150
1719466060331,595.8,150
1719466060331,595.8,150
1719466060331,595.8,150
1719466060331,595.8,150
1719466060331,595.8,150
1719466060331,595.8,150
1719466068815,595.75,25
1719466068815,595.75,25
1719466068815,595.75,25
1719466068815,595.75,25
1719466068815,595.75,25
1719466077053,591.6,25
1719466077053,591.6,25
1719466079453,590.35,25
1719466079453,590.35,25
1719466079453,590.35,25
1719466091495,592.6,25
1719466091495,592.6,25
1719466092121,593.6,25
1719466092121,593.6,25
1719466092121,593.6,25
1719466092121,593.6,25
1719466092121,593.6,25
1719466092121,593.6,25
1719466092121,593.6,25
1719466092121,593.6,25
1719466092121,593.6,25
1719466092121,593.6,25
1719466106520,599.0,50
1719466106520,599.0,50
1719466106520,599.0,50
1719466123662,599.95,25
1719466123662,599.95,25
1719466123662,599.95,25
1719466123662,599.95,25
1719466123662,599.95,25
1719466123662,599.95,25
1719466123662,599.95,25
1719466123662,599.95,25
1719466123662,599.95,25
1719466123662,599.95,25
1719466123662,599.95,25
1719466123662,599.95,25
1719466123662,599.95,25
1719466150943,598.0,25
1719466150943,598.0,25
1719466150943,598.0,25
1719466150943,598.0,25
1719466150943,598.0,25
1719466150943,598.0,25
1719466163244,592.9,25
1719466163244,592.9,25
1719466165405,592.2,25
1719466165405,592.2,25
1719466167113,593.55,25
1719466167113,593.55,25
1719466169144,600.0,50
1719466169144,600.0,50
1719466169144,600.0,50
1719466169144,600.0,50
1719466169144,600.0,50
1719466169144,600.0,50
1719466174214,599.7,25
1719466174214,599.7,25
1719466174214,599.7,25
1719466174214,599.7,25
1719466174214,599.7,25
1719466180463,602.95,25
1719466180463,602.95,25
1719466181767,601.4,150
1719466181767,601.4,150
1719466181767,601.4,150
1719466181767,601.4,150
1719466181767,601.4,150
1719466181767,601.4,150
1719466181767,601.4,150
1719466189538,604.15,25
1719466189538,604.15,25
1719466189538,604.15,25
1719466189538,604.15,25
1719466189538,604.15,25
1719466189538,604.15,25
1719466189538,604.15,25
1719466189538,604.15,25
1719466189538,604.15,25
1719466189538,604.15,25
1719466189538,604.15,25
1719466201684,603.1,25
1719466201684,603.1,25
1719466201684,603.1,25
1719466201684,603.1,25
1719466201684,603.1,25
1719466201684,603.1,25
1719466201684,603.1,25
1719466201684,603.1,25
1719466201684,603.1,25
1719466201684,603.1,25
1719466214046,610.5,75
1719466214046,610.5,75
1719466214046,610.5,75
1719466214046,610.5,75
1719466217975,612.9,825
1719466217975,612.9,825
1719466217975,612.9,825
1719466219570,608.55,450
1719466219570,608.55,450
1719466220804,607.85,25
1719466221768,607.7,75
1719466221768,607.7,75
1719466222501,606.7,25
1719466222501,606.7,25
1719466222501,606.7,25
1719466225080,607.6,25
1719466225080,607.6,25
1719466225080,607.6,25
1719466225080,607.6,25
1719466225080,607.6,25
1719466225080,607.6,25
1719466225080,607.6,25
1719466225080,607.6,25
1719466225080,607.6,25
1719466225080,607.6,25
1719466232524,611.9,25
1719466232524,611.9,25
1719466232524,611.9,25
1719466232524,611.9,25
1719466232524,611.9,25
1719466232524,611.9,25
1719466232524,611.9,25
1719466232524,611.9,25
1719466232524,611.9,25
1719466232524,611.9,25
1719466232524,611.9,25
1719466232524,611.9,25
1719466232524,611.9,25
1719466232524,611.9,25
1719466247202,604.45,25
1719466247202,604.45,25
1719466247202,604.45,25
1719466247202,604.45,25
1719466251283,605.0,25
1719466251283,605.0,25
1719466251283,605.0,25
1719466251283,605.0,25
1719466251283,605.0,25
1719466251283,605.0,25
1719466251283,605.0,25
1719466251283,605.0,25
1719466271408,609.5,25
1719466279808,614.0,325
1719466280303,613.25,25
1719466280303,613.25,25
1719466280303,613.25,25
1719466280303,613.25,25
1719466284016,611.4,25
1719466284016,611.4,25
1719466284016,611.4,25
1719466284016,611.4,25
1719466288908,612.35,25
1719466288908,612.35,25
1719466288908,612.35,25
1719466288908,612.35,25
1719466288908,612.35,25
1719466292246,610.25,75
1719466292246,610.25,75
1719466292246,610.25,75
1719466292246,610.25,75
1719466295864,607.7,125
1719466295864,607.7,125
1719466295864,607.7,125
1719466295864,607.7,125
1719466295864,607.7,125
1719466295864,607.7,125
1719466295864,607.7,125
1719466295864,607.7,125
1719466295864,607.7,125
1719466295864,607.7,125
1719466295864,607.7,125
1719466295864,607.7,125
1719466295864,607.7,125
1719466325006,602.8,25
1719466325006,602.8,25
1719466325006,602.8,25
1719466329437,602.0,50
1719466329437,602.0,50
1719466329437,602.0,50
1719466331546,602.9,25
1719466331546,602.9,25
1719466331546,602.9,25
1719466331546,602.9,25
1719466331546,602.9,25
1719466331546,602.9,25
1719466347964,607.55,25
1719466347964,607.55,25
1719466347964,607.55,25
1719466350103,610.4,25
1719466350103,610.4,25
1719466350103,610.4,25
1719466350103,610.4,25
1719466350103,610.4,25
1719466353730,607.45,25
1719466353730,607.45,25
1719466353730,607.45,25
1719466353730,607.45,25
1719466353730,607.45,25
1719466458599,596.4,50
1719466458599,596.4,50
1719466458599,596.4,50
1719466458599,596.4,50
1719466458599,596.4,50
1719466458599,596.4,50
1719466458599,596.4,50
1719466458599,596.4,50
1719466458599,596.4,50
1719466458599,596.4,50
1719466458599,596.4,50
1719466458599,596.4,50
1719466458599,596.4,50
1719466458599,596.4,50
1719466458599,596.4,50
1719466458599,596.4,50
1719466458599,596.4,50
1719466458599,596.4,50
1719466499694,594.6,25
1719466499694,594.6,25
1719466499694,594.6,25
1719466499694,594.6,25
1719466499694,594.6,25
1719466499694,594.6,25
1719466499694,594.6,25
1719466499694,594.6,25
1719466499694,594.6,25
1719466499694,594.6,25
1719466499694,594.6,25
1719466499694,594.6,25
1719466499694,594.6,25
1719466499694,594.6,25
1719466499694,594.6,25
1719466499694,594.6,25
1719466499694,594.6,25
1719466515000,599.0,25
1719466515000,599.0,25
1719466515000,599.0,25
1719466515000,599.0,25
1719466515000,599.0,25
1719466515000,599.0,25
1719466522546,599.0,25
1719466522546,599.0,25
1719466527390,599.9,25
1719466527390,599.9,25
1719466527390,599.9,25
1719466527390,599.9,25
1719466527390,599.9,25
1719466527390,599.9,25
1719466527390,599.9,25
1719466527390,599.9,25
1719466527390,599.9,25
1719466527390,599.9,25
1719466527390,599.9,25
1719466527390,599.9,25
1719466527390,599.9,25
1719466527390,599.9,25
1719466527390,599.9,25
1719466527390,599.9,25
1719466527390,599.9,25
1719466527390,599.9,25
1719466527390,599.9,25
1719466527390,599.9,25
1719466527390,599.9,25
1719466527390,599.9,25
1719466527390,599.9,25
1719466527390,599.9,25
1719466527390,599.9,25
1719466527390,599.9,25
1719466527390,599.9,25
1719466527390,599.9,25
1719466561760,598.25,25
1719466561760,598.25,25
1719466561760,598.25,25
1719466561760,598.25,25
1719466561760,598.25,25
1719466561760,598.25,25
1719466561760,598.25,25
1719466561760,598.25,25
1719466561760,598.25,25
1719466561760,598.25,25
1719466561760,598.25,25
1719466561760,598.25,25
1719466561760,598.25,25
1719466561760,598.25,25
1719466561760,598.25,25
1719466561760,598.25,25
1719466561760,598.25,25
1719466561760,598.25,25
1719466561760,598.25,25
1719466561760,598.25,25
1719466561760,598.25,25
1719466561760,598.25,25
1719466561760,598.25,25
1719466561760,598.25,25
1719466561760,598.25,25
1719466640990,597.9,25
1719466640990,597.9,25
1719466640990,597.9,25
1719466640990,597.9,25
1719466640990,597.9,25
1719466640990,597.9,25
1719466640990,597.9,25
1719466640990,597.9,25
1719466640990,597.9,25
1719466640990,597.9,25
1719466640990,597.9,25
1719466640990,597.9,25
1719466640990,597.9,25
1719466640990,597.9,25
1719466660966,601.55,25
1719466660966,601.55,25
1719466660966,601.55,25
1719466660966,601.55,25
1719466660966,601.55,25
1719466660966,601.55,25
1719466660966,601.55,25
1719466660966,601.55,25
1719466660966,601.55,25
1719466660966,601.55,25
1719466660966,601.55,25
1719466660966,601.55,25
1719466679323,602.4,25
1719466679323,602.4,25
1719466679323,602.4,25
1719466679323,602.4,25
1719466679323,602.4,25
1719466679323,602.4,25
1719466685227,598.0,100
1719466685227,598.0,100
1719466685227,598.0,100
1719466685227,598.0,100
1719466685227,598.0,100
1719466685227,598.0,100
1719466685227,598.0,100
1719466685227,598.0,100
1719466685227,598.0,100
1719466695133,598.8,25
1719466695133,598.8,25
1719466695133,598.8,25
1719466695133,598.8,25
1719466695133,598.8,25
1719466695133,598.8,25
1719466695133,598.8,25
1719466695133,598.8,25
1719466695133,598.8,25
1719466695133,598.8,25
1719466695133,598.8,25
1719466716348,604.3,25
1719466716348,604.3,25
1719466716348,604.3,25
1719466716348,604.3,25
1719466716348,604.3,25
1719466716348,604.3,25
1719466716348,604.3,25
1719466716348,604.3,25
1719466716348,604.3,25
1719466774173,599.25,75
1719466774173,599.25,75
1719466774173,599.25,75
1719466774173,599.25,75
1719466774173,599.25,75
1719466774173,599.25,75
1719466774173,599.25,75
1719466774173,599.25,75
1719466774173,599.25,75
1719466774173,599.25,75
1719466774173,599.25,75
1719466774173,599.25,75
1719466774173,599.25,75
1719466774173,599.25,75
1719466774173,599.25,75
1719466774173,599.25,75
1719466774173,599.25,75
1719466774173,599.25,75
1719466812873,601.4,375
1719466812873,601.4,375
1719466812873,601.4,375
1719466812873,601.4,375
1719466812873,601.4,375
1719466812873,601.4,375
1719466812873,601.4,375
1719466812873,601.4,375
1719466821252,601.75,25
1719466821252,601.75,25
1719466821252,601.75,25
1719466821252,601.75,25
1719466821252,601.75,25
1719466821252,601.75,25
1719466821252,601.75,25
1719466821252,601.75,25
1719466821252,601.75,25
1719466821252,601.75,25
1719466821252,601.75,25
1719466821252,601.75,25
1719466821252,601.75,25
1719466837479,602.85,25
1719466837479,602.85,25
1719466837479,602.85,25
1719466837479,602.85,25
1719466837479,602.85,25
1719466837479,602.85,25
1719466837479,602.85,25
1719466837479,602.85,25
1719466837479,602.85,25
1719466845688,601.7,25
1719466845688,601.7,25
1719466845688,601.7,25
1719466845688,601.7,25
1719466845688,601.7,25
1719466845688,601.7,25
1719466845688,601.7,25
1719466845688,601.7,25
1719466845688,601.7,25
1719466845688,601.7,25
1719466854743,606.7,25
1719466855644,610.0,100
1719466856003,612.0,25
1719466856003,612.0,25
1719466856003,612.0,25
1719466856003,612.0,25
1719466856003,612.0,25
1719466856003,612.0,25
1719466856003,612.0,25
1719466856003,612.0,25
1719466856003,612.0,25
1719466856003,612.0,25
1719466856003,612.0,25
1719466856003,612.0,25
1719466856003,612.0,25
1719466856003,612.0,25
1719466856003,612.0,25
1719466856003,612.0,25
1719466856003,612.0,25
1719466871691,614.65,25
1719466871691,614.65,25
1719466871691,614.65,25
1719466871691,614.65,25
1719466871691,614.65,25
1719466871691,614.65,25
1719466871691,614.65,25
1719466871691,614.65,25
1719466871691,614.65,25
1719466871691,614.65,25
1719466871691,614.65,25
1719466871691,614.65,25
1719466871691,614.65,25
1719466871691,614.65,25
1719466899353,611.25,25
1719466899353,611.25,25
1719466899353,611.25,25
1719466899353,611.25,25
1719466899353,611.25,25
1719466899353,611.25,25
1719466899353,611.25,25
1719466906661,613.15,25
1719466907061,612.3,25
1719466907061,612.3,25
1719466907061,612.3,25
1719466907061,612.3,25
1719466907061,612.3,25
1719466907061,612.3,25
1719466907061,612.3,25
1719466907061,612.3,25
1719466907061,612.3,25
1719466907061,612.3,25
1719466918522,614.6,100
1719466918522,614.6,100
1719466920288,616.05,25
1719466920288,616.05,25
1719466920288,616.05,25
1719466934519,616.7,25
1719466934519,616.7,25
1719466934519,616.7,25
1719466934519,616.7,25
1719466934519,616.7,25
1719466943618,614.25,25
1719466943618,614.25,25
1719466943618,614.25,25
1719466943618,614.25,25
1719466943618,614.25,25
1719466943618,614.25,25
1719466943618,614.25,25
1719466943618,614.25,25
1719466943618,614.25,25
1719466943618,614.25,25
1719466943618,614.25,25
1719466943618,614.25,25
1719466943618,614.25,25
1719466943618,614.25,25
1719466972230,622.8,25
1719466972230,622.8,25
1719466981439,635.35,50
1719466981439,635.35,50
1719466981439,635.35,50
1719466982918,633.85,25
1719466983361,634.1,25
1719466983361,634.1,25
1719466983361,634.1,25
1719466983361,634.1,25
1719466983361,634.1,25
1719466983361,634.1,25
1719466983361,634.1,25
1719466983361,634.1,25
1719466983361,634.1,25
1719466998030,634.75,25
1719466998030,634.75,25
1719466998030,634.75,25
1719467006464,635.65,25
1719467009150,636.15,25
1719467009150,636.15,25
1719467009150,636.15,25
1719467012830,633.35,50
1719467012830,633.35,50
1719467012830,633.35,50
1719467012830,633.35,50
1719467012830,633.35,50
1719467012830,633.35,50
1719467012830,633.35,50
1719467058698,632.1,25
1719467058698,632.1,25
1719467058698,632.1,25
1719467058698,632.1,25
1719467058698,632.1,25
1719467058698,632.1,25
1719467058698,632.1,25
1719467058698,632.1,25
1719467058698,632.1,25
1719467058698,632.1,25
1719467058698,632.1,25
1719467058698,632.1,25
1719467090633,634.0,25
1719467090633,634.0,25
1719467090633,634.0,25
1719467090633,634.0,25
1719467090633,634.0,25
1719467090633,634.0,25
1719467090633,634.0,25
1719467090633,634.0,25
1719467090633,634.0,25
1719467090633,634.0,25
1719467090633,634.0,25
1719467090633,634.0,25
1719467090633,634.0,25
1719467090633,634.0,25
1719467110149,632.85,25
1719467110149,632.85,25
1719467110149,632.85,25
1719467112468,634.0,25
1719467112468,634.0,25
1719467112468,634.0,25
1719467112468,634.0,25
1719467112468,634.0,25
1719467112468,634.0,25
1719467112468,634.0,25
1719467112468,634.0,25
1719467112468,634.0,25
1719467112468,634.0,25
1719467112468,634.0,25
1719467112468,634.0,25
1719467112468,634.0,25
1719467112468,634.0,25
1719467112468,634.0,25
1719467112468,634.0,25
1719467134473,631.05,25
1719467134738,630.0,25
1719467134738,630.0,25
1719467134738,630.0,25
1719467141165,633.0,500
1719467141165,633.0,500
1719467141165,633.0,500
1719467141165,633.0,500
1719467141165,633.0,500
1719467141165,633.0,500
1719467141165,633.0,500
1719467141165,633.0,500
1719467141165,633.0,500
1719467141165,633.0,500
1719467141165,633.0,500
1719467141165,633.0,500
1719467141165,633.0,500
1719467141165,633.0,500
1719467141165,633.0,500
1719467141165,633.0,500
1719467172725,633.3,25
1719467172725,633.3,25
1719467172725,633.3,25
1719467179975,633.5,50
1719467179975,633.5,50
1719467179975,633.5,50
1719467179975,633.5,50
1719467179975,633.5,50
1719467179975,633.5,50
1719467179975,633.5,50
1719467179975,633.5,50
1719467179975,633.5,50
1719467179975,633.5,50
1719467179975,633.5,50
1719467179975,633.5,50
1719467179975,633.5,50
1719467179975,633.5,50
1719467179975,633.5,50
1719467179975,633.5,50
1719467179975,633.5,50
1719467179975,633.5,50
1719467179975,633.5,50
1719467179975,633.5,50
1719467179975,633.5,50
1719467179975,633.5,50
1719467179975,633.5,50
1719467179975,633.5,50
1719467179975,633.5,50
1719467179975,633.5,50
1719467179975,633.5,50
1719467179975,633.5,50
1719467179975,633.5,50
1719467179975,633.5,50
1719467179975,633.5,50
1719467179975,633.5,50
1719467179975,633.5,50
1719467179975,633.5,50
1719467179975,633.5,50
1719467179975,633.5,50
1719467179975,633.5,50
1719467179975,633.5,50
1719467179975,633.5,50
1719467179975,633.5,50
1719467220967,641.75,25
1719467220967,641.75,25
1719467220967,641.75,25
1719467221894,644.0,25
1719467221894,644.0,25
1719467222869,644.0,25
1719467223512,648.0,25
1719467223928,646.45,25
1719467223928,646.45,25
1719467223928,646.45,25
1719467223928,646.45,25
1719467223928,646.45,25
1719467228238,644.45,25
1719467228238,644.45,25
1719467229624,643.85,25
1719467229624,643.85,25
1719467340922,623.4,25
1719467350022,620.0,50
1719467350022,620.0,50
1719467350022,620.0,50
1719467352879,613.6,25
1719467352879,613.6,25
1719467352879,613.6,25
1719467355291,612.7,25
1719467355291,612.7,25
1719467358327,614.65,25
1719467358327,614.65,25
1719467358327,614.65,25
1719467358327,614.65,25
1719467358327,614.65,25
1719467358327,614.65,25
1719467366595,614.0,50
1719467366595,614.0,50
1719467367655,614.65,25
1719467367655,614.65,25
1719467367655,614.65,25
1719467367655,614.65,25
1719467367655,614.65,25
1719467371962,616.05,50
1719467371962,616.05,50
1719467371962,616.05,50
1719467371962,616.05,50
1719467371962,616.05,50
1719467379019,616.55,25
1719467379019,616.55,25
1719467379019,616.55,25
1719467379019,616.55,25
1719467379019,616.55,25
1719467379019,616.55,25
1719467379019,616.55,25
1719467379019,616.55,25
1719467390153,610.0,25
1719467390153,610.0,25
1719467392542,605.0,25
1719467392542,605.0,25
1719467394128,606.7,50
1719467394128,606.7,50
1719467394128,606.7,50
1719467394128,606.7,50
1719467394128,606.7,50
1719467394128,606.7,50
1719467394128,606.7,50
1719467394128,606.7,50
1719467394128,606.7,50
1719467394128,606.7,50
1719467394128,606.7,50
1719467394128,606.7,50
1719467394128,606.7,50
1719467394128,606.7,50
1719467413006,613.95,50
1719467413006,613.95,50
1719467413006,613.95,50
1719467413006,613.95,50
1719467413006,613.95,50
1719467413006,613.95,50
1719467413006,613.95,50
1719467413006,613.95,50
1719467413006,613.95,50
1719467413006,613.95,50
1719467413006,613.95,50
1719467413006,613.95,50
1719467413006,613.95,50
1719467413006,613.95,50
1719467413006,613.95,50
1719467413006,613.95,50
1719467413006,613.95,50
1719467413006,613.95,50
1719467413006,613.95,50
1719467440387,616.35,25
1719467440387,616.35,25
1719467440387,616.35,25
1719467440387,616.35,25
1719467446692,616.25,25
1719467446692,616.25,25
1719467446692,616.25,25
1719467446692,616.25,25
1719467446692,616.25,25
1719467446692,616.25,25
1719467446692,616.25,25
1719467446692,616.25,25
1719467446692,616.25,25
1719467446692,616.25,25
1719467446692,616.25,25
1719467446692,616.25,25
1719467446692,616.25,25
1719467446692,616.25,25
1719467462819,616.0,25
1719467462819,616.0,25
1719467462819,616.0,25
1719467462819,616.0,25
1719467462819,616.0,25
1719467462819,616.0,25
1719467470411,619.45,25
1719467470411,619.45,25
1719467470411,619.45,25
1719467470411,619.45,25
1719467470411,619.45,25
1719467470411,619.45,25
1719467478344,615.0,100
1719467478344,615.0,100
1719467478344,615.0,100
1719467478344,615.0,100
1719467478344,615.0,100
1719467478344,615.0,100
1719467478344,615.0,100
1719467478344,615.0,100
1719467478344,615.0,100
1719467478344,615.0,100
1719467478344,615.0,100
1719467478344,615.0,100
1719467478344,615.0,100
1719467478344,615.0,100
1719467495983,609.5,50
1719467497129,609.0,100
1719467497469,610.25,25
1719467497469,610.25,25
1719467497469,610.25,25
1719467497469,610.25,25
1719467497469,610.25,25
1719467497469,610.25,25
1719467497469,610.25,25
1719467497469,610.25,25
1719467497469,610.25,25
1719467497469,610.25,25
1719467497469,610.25,25
1719467497469,610.25,25
1719467497469,610.25,25
1719467497469,610.25,25
1719467497469,610.25,25
1719467497469,610.25,25
1719467497469,610.25,25
1719467497469,610.25,25
1719467497469,610.25,25
1719467497469,610.25,25
1719467497469,610.25,25
1719467497469,610.25,25
1719467497469,610.25,25
1719467497469,610.25,25
1719467497469,610.25,25
1719467497469,610.25,25
1719467497469,610.25,25
1719467497469,610.25,25
1719467497469,610.25,25
1719467497469,610.25,25
1719467497469,610.25,25
1719467497469,610.25,25
1719467497469,610.25,25
1719467497469,610.25,25
1719467497469,610.25,25
1719467497469,610.25,25
1719467497469,610.25,25
1719467497469,610.25,25
1719467497469,610.25,25
1719467497469,610.25,25
1719467497469,610.25,25
1719467497469,610.25,25
1719467497469,610.25,25
1719467497469,610.25,25
1719467497469,610.25,25
1719467497469,610.25,25
1719467497469,610.25,25
1719467497469,610.25,25
1719467497469,610.25,25
1719467497469,610.25,25
1719467497469,610.25,25
1719467497469,610.25,25
1719467557753,625.7,25
1719467557753,625.7,25
1719467557753,625.7,25
1719467557753,625.7,25
1719467557753,625.7,25
1719467557753,625.7,25
1719467557753,625.7,25
1719467557753,625.7,25
1719467557753,625.7,25
1719467557753,625.7,25
1719467557753,625.7,25
1719467557753,625.7,25
1719467557753,625.7,25
1719467569644,626.5,25
1719467569644,626.5,25
1719467569644,626.5,25
1719467569644,626.5,25
1719467569644,626.5,25
1719467569644,626.5,25
1719467569644,626.5,25
1719467569644,626.5,25
1719467569644,626.5,25
1719467569644,626.5,25
1719467569644,626.5,25
1719467569644,626.5,25
1719467569644,626.5,25
1719467569644,626.5,25
1719467569644,626.5,25
1719467569644,626.5,25
1719467569644,626.5,25
1719467569644,626.5,25
1719467569644,626.5,25
1719467569644,626.5,25
1719467569644,626.5,25
1719467569644,626.5,25
1719467569644,626.5,25
1719467569644,626.5,25
1719467569644,626.5,25
1719467569644,626.5,25
1719467569644,626.5,25
1719467569644,626.5,25
1719467569644,626.5,25
1719467569644,626.5,25
1719467569644,626.5,25
1719467569644,626.5,25
1719467569644,626.5,25
1719467569644,626.5,25
1719467605750,630.0,25
1719467606110,631.2,25
1719467606110,631.2,25
1719467606110,631.2,25
1719467606110,631.2,25
1719467606110,631.2,25
1719467606110,631.2,25
1719467606110,631.2,25
1719467606110,631.2,25
1719467606110,631.2,25
1719467606110,631.2,25
1719467606110,631.2,25
1719467606110,631.2,25
1719467606110,631.2,25
1719467606110,631.2,25
1719467606110,631.2,25
1719467606110,631.2,25
1719467606110,631.2,25
1719467606110,631.2,25
1719467606110,631.2,25
1719467606110,631.2,25
1719467606110,631.2,25
1719467606110,631.2,25
1719467606110,631.2,25
1719467606110,631.2,25
1719467606110,631.2,25
1719467606110,631.2,25
1719467606110,631.2,25
1719467606110,631.2,25
1719467606110,631.2,25
1719467658510,638.9,25
1719467658510,638.9,25
1719467658510,638.9,25
1719467658510,638.9,25
1719467658510,638.9,25
1719467664566,637.4,100
1719467664566,637.4,100
1719467664566,637.4,100
1719467664566,637.4,100
1719467664566,637.4,100
1719467664566,637.4,100
1719467664566,637.4,100
1719467664566,637.4,100
1719467664566,637.4,100
1719467664566,637.4,100
1719467664566,637.4,100
1719467676990,645.95,25
1719467676990,645.95,25
1719467676990,645.95,25
1719467676990,645.95,25
1719467676990,645.95,25
1719467676990,645.95,25
1719467676990,645.95,25
1719467676990,645.95,25
1719467725029,640.75,25
1719467725029,640.75,25
1719467725029,640.75,25
1719467725029,640.75,25
1719467725029,640.75,25
1719467725029,640.75,25
1719467747101,637.0,50
1719467747101,637.0,50
1719467747101,637.0,50
1719467747101,637.0,50
1719467747101,637.0,50
