time,price,volume
1719461503051,212.8,25
1719461504163,211.05,50
1719461504520,212.15,50
1719461504921,212.75,25
1719461505599,212.45,50
1719461506155,212.0,700
1719461506644,211.6,25
1719461506644,211.6,25
1719461508184,212.8,200
1719461508184,212.8,200
1719461509184,212.6,25
1719461509668,212.8,25
1719461510100,212.45,175
1719461510929,212.45,150
1719461510929,212.45,150
1719461512169,213.35,25
1719461512361,213.45,50
1719461513008,212.2,1000
1719461513850,213.1,25
1719461514230,213.9,50
1719461514961,212.75,25
1719461515294,213.1,50
1719461516190,215.9,50
1719461516351,216.9,75
1719461517213,214.35,50
1719461518107,213.35,100
1719461518163,213.5,75
1719461519305,211.7,25
1719461519305,211.7,25
1719461519837,213.0,25
1719461519837,213.0,25
1719461520727,212.65,25
1719461521242,212.95,25
1719461522137,211.4,50
1719461522239,211.85,50
1719461522818,210.5,50
1719461523343,211.7,75
1719461524421,209.15,200
1719461524571,209.3,75
1719461525162,209.7,50
1719461525756,209.35,50
1719461526209,208.1,25
1719461527109,207.0,25
1719461527441,206.8,50
1719461528016,205.65,75
1719461528855,207.0,25
1719461528961,206.55,25
1719461530194,207.1,150
1719461530310,206.8,25
1719461531138,206.45,25
1719461531355,206.9,250
1719461531894,206.55,75
1719461532458,207.6,25
1719461532895,207.9,25
1719461533527,207.2,25
1719461534243,207.7,25
1719461534243,207.7,25
1719461535510,207.1,50
1719461536153,207.8,25
1719461536153,207.8,25
1719461537156,207.35,50
1719461537768,207.6,200
1719461538041,207.95,25
1719461539100,207.2,25
1719461539100,207.2,25
1719461540019,206.55,25
1719461541209,205.1,25
1719461541543,205.35,50
1719461542158,205.4,75
1719461542487,204.75,25
1719461543343,204.2,25
1719461544332,204.15,50
1719461545010,203.45,25
1719461545970,201.5,100
1719461546203,201.15,100
1719461547430,203.0,50
1719461547561,203.7,25
1719461548114,203.85,25
1719461548918,205.05,25
1719461549236,205.55,25
1719461549966,204.2,25
1719461550156,205.35,25
1719461550939,205.4,50
1719461551343,204.2,25
1719461551343,204.2,25
1719461551343,204.2,25
1719461552955,203.85,25
1719461552955,203.85,25
1719461553997,204.2,1100
1719461555036,205.95,50
1719461555200,205.7,25
1719461556288,205.4,50
1719461557077,204.95,50
1719461557528,206.0,150
1719461557609,204.8,25
1719461558294,205.45,125
1719461558294,205.45,125
1719461558294,205.45,125
1719461560198,205.2,25
1719461560735,205.55,75
1719461560735,205.55,75
1719461562108,204.3,25
1719461562466,203.85,200
1719461563182,202.65,50
1719461563282,202.0,25
1719461563892,203.0,25
1719461563892,203.0,25
1719461565169,201.5,25
1719461565481,201.95,50
1719461566132,202.5,125
1719461566398,201.65,50
1719461567177,201.1,25
1719461567964,201.4,50
1719461568296,201.35,25
1719461569021,202.5,50
1719461569021,202.5,50
1719461570262,201.5,25
1719461570461,201.45,50
1719461571098,202.9,25
1719461571812,203.45,25
1719461571966,203.85,25
1719461573158,203.4,50
1719461573339,203.25,25
1719461574263,203.3,25
1719461575081,203.0,25
1719461576042,204.75,50
1719461576414,204.15,100
1719461576906,205.5,50
1719461576906,205.5,50
1719461579253,205.6,25
1719461579253,205.6,25
1719461579927,206.0,450
1719461580458,205.45,75
1719461580458,205.45,75
1719461580839,205.2,25
1719461581655,206.0,600
1719461582003,205.2,25
1719461582777,206.15,25
1719461582777,206.15,25
1719461584069,206.4,25
1719461584599,205.55,25
1719461584599,205.55,25
1719461586236,203.8,75
1719461586894,204.55,75
1719461586894,204.55,75
1719461588217,202.6,200
1719461588480,203.4,100
1719461589062,202.7,75
1719461589608,204.1,25
1719461589608,204.1,25
1719461590669,202.4,50
1719461591061,202.0,25
1719461591061,202.0,25
1719461592445,201.55,25
1719461592877,202.05,25
1719461593643,202.2,25
1719461593659,201.85,25
1719461594469,203.45,50
1719461595086,204.25,100
1719461595805,203.85,25
1719461595805,203.85,25
1719461596499,204.8,25
1719461598106,205.35,25
1719461598106,205.35,25
1719461598698,204.9,25
1719461599571,205.5,25
1719461599809,205.4,50
1719461600904,206.0,200
1719461601170,205.75,25
1719461602202,205.0,25
1719461603296,204.35,25
1719461603383,204.2,25
1719461603383,204.2,25
1719461603383,204.2,25
1719461605127,203.7,25
1719461605585,205.1,50
1719461605678,205.5,75
1719461607067,204.75,200
1719461607067,204.75,200
1719461608039,202.9,25
1719461608039,202.9,25
1719461609082,204.1,100
1719461609565,204.45,100
1719461609752,204.5,75
1719461609752,204.5,75
1719461609752,204.5,75
1719461611363,204.4,75
1719461611768,204.85,25
1719461612563,204.9,50
1719461612563,204.9,50
1719461614259,204.4,25
1719461614669,203.85,25
1719461614669,203.85,25
1719461615584,203.45,25
1719461615584,203.45,25
1719461617270,203.4,25
1719461618047,203.0,50
1719461618047,203.0,50
1719461618657,202.65,50
1719461618657,202.65,50
1719461620227,203.45,25
1719461620686,204.6,150
1719461620922,205.1,25
1719461621371,206.0,50
1719461621371,206.0,50
1719461622723,205.8,25
1719461623109,205.55,125
1719461624037,206.5,25
1719461624037,206.5,25
1719461625018,209.15,50
1719461625639,210.0,500
1719461626278,208.5,75
1719461626996,208.65,100
1719461627148,208.35,150
1719461628087,210.45,25
1719461629251,209.5,50
1719461629372,209.6,100
1719461630275,209.4,75
1719461630455,209.55,100
1719461630588,210.0,25
1719461631465,208.8,100
1719461631858,208.2,25
1719461632747,210.25,25
1719461633254,210.75,25
1719461634106,210.25,25
1719461634434,209.8,25
1719461635263,209.5,100
1719461635263,209.5,100
1719461635776,209.8,25
1719461636389,209.95,75
1719461636389,209.95,75
1719461637567,209.95,50
1719461638125,210.0,25
1719461639043,208.7,25
1719461639931,209.3,50
1719461639931,209.3,50
1719461640353,209.45,25
1719461640549,209.05,50
1719461641391,209.6,50
1719461642015,208.0,175
1719461642015,208.0,175
1719461643494,208.85,25
1719461643494,208.85,25
1719461645049,208.3,25
1719461645393,209.0,75
1719461645815,208.05,25
1719461646444,208.0,25
1719461647209,209.35,25
1719461647209,209.35,25
1719461648124,207.85,25
1719461648656,208.95,25
1719461648758,209.0,25
1719461649532,208.6,25
1719461650221,208.7,25
1719461650901,208.35,25
1719461651109,208.85,75
1719461651838,208.75,25
1719461652260,208.8,50
1719461653134,210.8,25
1719461653178,210.6,50
1719461654307,211.75,50
1719461654721,211.3,25
1719461655511,211.7,25
1719461655772,210.8,25
1719461656499,211.45,175
1719461657170,210.85,25
1719461657358,210.95,25
1719461658312,210.4,50
1719461658367,210.55,25
1719461659150,208.4,25
1719461659463,209.3,25
1719461660118,209.7,25
1719461660940,208.75,25
1719461661238,208.25,50
1719461662132,206.5,25
1719461662132,206.5,25
1719461663111,205.75,50
1719461663111,205.75,50
1719461664009,207.25,75
1719461664009,207.25,75
1719461665356,205.75,50
1719461665582,206.8,25
1719461666154,207.05,25
1719461666154,207.05,25
1719461667270,208.2,50
1719461667968,209.05,100
1719461668264,209.7,25
1719461668984,208.8,375
1719461669591,209.3,25
1719461669591,209.3,25
1719461670241,210.0,150
1719461670574,208.95,50
1719461671295,208.7,50
1719461671720,209.5,150
1719461672293,207.95,25
1719461672775,208.55,25
1719461673326,208.05,25
1719461674033,207.0,200
1719461674033,207.0,200
1719461674706,206.9,75
1719461674706,206.9,75
1719461676137,208.35,75
1719461676966,208.95,200
1719461677502,209.3,75
1719461678223,208.35,25
1719461678223,208.35,25
1719461679756,205.95,75
1719461679756,205.95,75
1719461680005,205.9,25
1719461680576,206.35,25
1719461681023,206.85,150
1719461682044,208.5,25
1719461682044,208.5,25
1719461683229,208.5,25
1719461683918,210.0,25
1719461683918,210.0,25
1719461685248,209.5,25
1719461685248,209.5,25
1719461685933,208.9,25
1719461685933,208.9,25
1719461686797,209.5,500
1719461687732,208.65,50
1719461687732,208.65,50
1719461687732,208.65,50
1719461689306,207.25,25
1719461689575,209.3,50
1719461689575,209.3,50
1719461691113,210.45,25
1719461691113,210.45,25
1719461692067,209.65,125
1719461692942,208.85,25
1719461692942,208.85,25
1719461693633,209.7,25
1719461693633,209.7,25
1719461695361,210.1,100
1719461695937,209.7,75
1719461696299,209.25,25
1719461696646,209.7,25
1719461696646,209.7,25
1719461698099,209.45,50
1719461699297,207.2,25
1719461699709,206.7,25
1719461699993,208.15,25
1719461700245,208.25,25
1719461700622,208.5,25
1719461701327,209.7,100
1719461701394,210.0,25
1719461702502,211.95,100
1719461703009,210.2,150
1719461703577,210.35,25
1719461704350,211.45,25
1719461704380,210.95,25
1719461705333,209.5,50
1719461705995,209.1,25
1719461706349,208.1,25
1719461707374,207.4,25
1719461708455,207.05,25
1719461708665,206.85,150
1719461709305,206.25,25
1719461709514,205.85,25
1719461710325,208.3,50
1719461710691,209.05,50
1719461711214,209.6,25
1719461711886,209.65,25
1719461711886,209.65,25
1719461712598,208.85,75
1719461714350,207.25,25
1719461714533,207.7,25
1719461715268,207.85,125
1719461715623,207.15,25
1719461716334,206.75,50
1719461716439,206.65,25
1719461717173,206.7,25
1719461717173,206.7,25
1719461718188,207.55,25
1719461718436,207.85,25
1719461719247,208.6,25
1719461719698,210.0,100
1719461720043,210.75,25
1719461720043,210.75,25
1719461721235,210.95,75
1719461721989,210.0,25
1719461721989,210.0,25
1719461723325,209.6,75
1719461724089,210.0,75
1719461724439,210.75,25
1719461725329,211.2,25
1719461725545,210.6,175
1719461726327,211.0,25
1719461726562,210.65,50
1719461727165,210.1,25
1719461727822,210.1,75
1719461727822,210.1,75
1719461728815,209.9,25
1719461729224,209.6,50
1719461729452,209.9,25
1719461729452,209.9,25
1719461730192,210.95,200
1719461731000,210.8,50
1719461731000,210.8,50
1719461732367,214.25,25
1719461732622,214.8,200
1719461733336,214.9,50
1719461734425,218.8,150
1719461735358,220.05,25
1719461736000,222.35,75
1719461736270,221.65,25
1719461737299,220.0,50
1719461737436,220.0,150
1719461738557,217.95,75
1719461739341,216.25,25
1719461739425,215.65,25
1719461740286,216.55,25
1719461740696,217.25,75
1719461741303,216.4,50
1719461742388,216.15,50
1719461742388,216.15,50
1719461743000,216.15,25
1719461743383,216.25,50
1719461744000,216.85,150
1719461744790,217.2,75
1719461745392,218.05,25
1719461746000,218.0,75
1719461746241,217.45,75
1719461747109,217.75,25
1719461747457,219.05,25
1719461748064,218.35,75
1719461748877,218.2,50
1719461749194,219.1,75
1719461749660,219.4,25
1719461750347,219.25,25
1719461751000,220.45,350
1719461751285,220.2,25
1719461752273,222.05,25
1719461752386,222.05,25
1719461753244,223.15,50
1719461753846,220.8,25
1719461754528,220.5,50
1719461755197,221.1,25
1719461755381,220.45,25
1719461756324,220.4,50
1719461756324,220.4,50
1719461757206,220.0,50
1719461757874,219.25,25
1719461758253,219.05,25
1719461759350,219.9,50
1719461760057,219.9,50
1719461760368,219.2,25
1719461760670,220.85,25
1719461761119,219.8,25
1719461762221,222.65,75
1719461762500,221.25,50
1719461763325,222.2,50
1719461768272,219.6,75
1719461768272,219.6,75
1719461769351,220.15,25
1719461769510,220.5,25
1719461770320,220.25,200
1719461770881,220.45,50
1719461771211,220.9,50
1719461772243,217.7,100
1719461772580,218.75,25
1719461773028,219.35,25
1719461773695,218.85,125
1719461774398,217.2,25
1719461775063,218.0,25
1719461775233,218.15,25
1719461775985,218.1,25
1719461776577,218.3,25
1719461777404,218.4,25
1719461777877,218.0,25
1719461778407,218.0,125
1719461778407,218.0,125
1719461779294,218.5,25
1719461792810,222.95,250
1719461793351,223.35,25
1719461793597,222.9,175
1719461794312,223.25,100
1719461795061,223.6,75
1719461795379,223.9,25
1719461796278,223.7,75
1719461796278,223.7,75
1719461797123,223.0,75
1719461797721,223.45,50
1719461798285,225.0,25
1719461798980,225.15,25
1719461798980,225.15,25
1719461800238,223.95,25
1719461800238,223.95,25
1719461801278,224.15,50
1719461801702,225.0,25
1719461802265,224.05,25
1719461803280,224.05,150
1719461804320,224.0,50
1719461804592,224.0,25
1719461805367,223.7,75
1719461805738,224.0,25
1719461805738,224.0,25
1719461807097,225.0,75
1719461807269,224.25,50
1719461808274,223.85,50
1719461808274,223.85,50
1719461809110,223.95,25
1719461809680,224.35,25
1719461810141,222.3,25
1719461810948,224.5,75
1719461811265,224.15,25
1719461812009,223.55,125
1719461818307,221.45,125
1719461818502,220.7,25
1719461860414,217.0,25
1719461861906,218.65,50
1719461862396,218.85,50
1719461862396,218.85,50
1719461864033,218.6,50
1719461864177,217.95,125
1719461864177,217.95,125
1719461865376,218.65,25
1719461873246,217.05,75
1719461873870,216.25,50
1719461874205,216.0,25
1719461874938,215.45,100
1719461875275,214.65,75
1719461876323,214.9,50
1719461877338,214.75,25
1719461877709,214.5,25
1719461878181,215.4,25
1719461878991,214.35,125
1719461879358,215.2,50
1719461879970,214.4,75
1719461880450,214.4,200
1719461881464,214.6,25
1719461881562,214.7,75
1719461882456,212.55,25
1719461882897,213.8,50
1719461882897,213.8,50
1719461883554,214.35,25
1719461883554,214.35,25
1719461885520,215.0,25
1719461885520,215.0,25
1719461886294,215.25,25
1719461887049,215.7,25
1719461887321,216.15,25
1719461887321,216.15,25
1719461888174,215.7,25
1719461888719,215.1,25
1719461888719,215.1,25
1719461890066,215.4,25
1719461890644,214.35,25
1719461891462,214.55,25
1719461891906,214.0,25
1719461892280,213.4,25
1719461893132,213.45,150
1719461893340,213.0,25
1719461894452,213.15,25
1719461894517,214.3,75
1719461895401,212.75,25
1719461895952,213.3,50
1719461896303,213.55,150
1719461896945,214.05,25
1719461897418,213.0,25
1719461898287,213.95,25
1719461898913,212.55,25
1719461900220,214.05,25
1719461900646,214.1,25
1719461901408,214.3,50
1719461901824,215.4,25
1719461902454,215.65,25
1719461903472,216.8,25
1719461904246,216.2,25
1719461904805,215.55,25
1719461905407,215.2,25
1719461905407,215.2,25
1719461906455,214.15,75
1719461907043,213.0,100
1719461907294,213.3,25
1719461908382,213.9,75
1719461909897,213.7,300
1719461909897,213.7,300
1719461910667,212.9,75
1719461910982,211.95,75
1719461911424,211.0,25
1719461911968,211.95,25
1719461911968,211.95,25
1719461913373,212.85,200
1719461913373,212.85,200
1719461914486,210.55,50
1719461914486,210.55,50
1719461915408,211.9,25
1719461916053,211.25,25
1719461916416,210.95,25
1719461917025,210.65,75
1719461917025,210.65,75
1719461918391,211.2,25
1719461918391,211.2,25
1719461919111,211.6,25
1719461919872,211.8,50
1719461920286,212.05,25
1719461921030,212.75,25
1719461921448,213.9,50
1719461922047,214.1,25
1719461922047,214.1,25
1719461922604,214.3,25
1719461923237,213.35,25
1719461923859,214.0,25
1719461923859,214.0,25
1719461925661,215.0,25
1719461925661,215.0,25
1719461926364,215.95,25
1719461926847,215.05,50
1719461927391,215.4,200
1719461927551,214.75,175
1719461928344,214.9,25
1719461928344,214.9,25
1719461928344,214.9,25
1719461928344,214.9,25
1719461932904,215.0,50
1719461933420,214.5,50
1719461934207,214.45,50
1719461934676,214.75,25
1719461934676,214.75,25
1719461936563,214.25,25
1719461936955,213.95,25
1719461936955,213.95,25
1719461938107,214.55,25
1719461938107,214.55,25
1719461939482,215.35,75
1719461939735,215.2,75
1719461940083,215.5,75
1719461940507,215.85,50
1719461940935,216.5,125
1719461940935,216.5,125
1719461941823,214.9,100
1719461943024,214.85,25
1719461943024,214.85,25
1719461943024,214.85,25
1719461945724,216.15,25
1719461945724,216.15,25
1719461946529,216.15,25
1719461946911,216.6,25
1719461947470,217.0,25
1719461948029,217.1,25
1719461948380,216.65,25
1719461949194,217.05,150
1719461949194,217.05,150
1719461949908,218.05,25
1719461950664,217.65,50
1719461951254,217.4,25
1719461951916,218.3,25
1719461952521,218.25,25
1719461952798,218.15,25
1719461953479,218.15,75
1719461954300,219.15,75
1719461954300,219.15,75
1719461955501,217.6,75
1719461955501,217.6,75
1719461956458,219.25,25
1719461956942,217.9,75
1719461956942,217.9,75
1719461956942,217.9,75
1719461958328,218.95,25
1719461958867,220.1,25
1719461959792,221.2,25
1719461960376,222.55,25
1719461960376,222.55,25
1719461961497,225.55,50
1719461962503,224.4,175
1719461962503,224.4,175
1719461963486,226.8,25
1719461964099,225.55,25
1719461964415,224.65,50
1719461965466,225.6,500
1719461966075,224.75,25
1719461966888,223.7,50
1719461967429,224.65,25
1719461967980,223.15,25
1719461968345,223.3,50
1719461969188,224.25,25
1719461969516,224.35,75
1719461970024,224.7,275
1719461970024,224.7,275
1719461971317,224.6,75
1719461971800,225.55,50
1719461972064,226.5,50
1719461972779,225.7,25
1719461973375,224.6,275
1719461974216,224.6,150
1719461974216,224.6,150
1719461974216,224.6,150
1719461975490,224.45,25
1719461975490,224.45,25
1719461976877,223.75,25
1719461977366,223.7,25
1719461977975,223.85,25
1719461978405,223.7,25
1719461979033,222.6,25
1719461979296,222.3,25
1719461980308,223.8,25
1719461980308,223.8,25
1719461981903,223.25,25
1719461981903,223.25,25
1719461982413,224.0,125
1719461983058,224.7,150
1719461983708,226.0,100
1719461984572,227.0,125
1719461985182,226.8,75
1719461985676,226.45,25
1719461986515,226.8,150
1719461986559,226.15,25
1719461987227,227.3,50
1719461988230,226.05,50
1719461988230,226.05,50
1719461989118,226.3,75
1719461989118,226.3,75
1719461990120,227.0,50
1719461991380,225.75,25
1719461991678,225.7,75
1719461992450,226.85,25
1719461992602,226.0,50
1719461993439,226.15,25
1719461994225,226.3,75
1719461994225,226.3,75
1719461995236,226.95,50
1719461995378,226.65,25
1719461996373,227.35,50
1719461996373,227.35,50
1719461997477,225.1,25
1719461997705,224.55,25
1719461998232,224.5,75
1719461998858,224.3,50
1719461998858,224.3,50
1719461999677,225.45,25
1719461999677,225.45,25
1719462000536,224.7,25
1719462000536,224.7,25
1719462001505,225.45,25
1719462001883,227.15,25
1719462002724,227.75,25
1719462003230,226.55,50
1719462003362,227.2,50
1719462004398,226.8,25
1719462005307,226.7,125
1719462005307,226.7,125
1719462006054,227.45,25
1719462007130,229.5,25
1719462007130,229.5,25
1719462008493,230.5,375
1719462008934,231.1,50
1719462009501,229.65,100
1719462010712,229.5,50
1719462010806,228.95,50
1719462011330,228.6,50
1719462012208,227.3,25
1719462012461,227.15,50
1719462013285,228.15,25
1719462014402,227.8,25
1719462014402,227.8,25
1719462015549,228.45,25
1719462015942,228.0,200
1719462016473,228.35,25
1719462017182,228.3,50
1719462017182,228.3,50
1719462018120,229.85,25
1719462018756,229.1,25
1719462018970,229.35,25
1719462020065,229.1,200
1719462020532,229.1,25
1719462021577,228.0,25
1719462021720,227.8,75
1719462022409,226.3,75
1719462023251,224.85,25
1719462023342,225.1,25
1719462024412,225.15,25
1719462024412,225.15,25
1719462025366,224.8,50
1719462025859,225.3,25
1719462026427,225.4,50
1719462026427,225.4,50
1719462027899,223.4,25
1719462028218,223.95,25
1719462028218,223.95,25
1719462028929,224.4,50
1719462029413,225.0,75
1719462029413,225.0,75
1719462030514,224.75,50
1719462030514,224.75,50
1719462030991,225.8,25
1719462031846,226.3,25
1719462032379,226.35,25
1719462032910,226.15,100
1719462033140,226.15,75
1719462034166,226.1,25
1719462034476,225.65,25
1719462035290,225.4,25
1719462035390,224.95,100
1719462036345,226.0,200
1719462036345,226.0,200
1719462037196,225.95,125
1719462037921,225.45,25
1719462038457,224.65,25
1719462039233,225.05,25
1719462039475,225.9,25
1719462040532,226.55,50
1719462041172,225.9,75
1719462041172,225.9,75
1719462042206,224.0,75
1719462042866,224.95,25
1719462042866,224.95,25
1719462044076,223.7,25
1719462044321,222.65,25
1719462045387,224.75,150
1719462045387,224.75,150
1719462046259,224.55,25
1719462046259,224.55,25
1719462047962,224.5,25
1719462047962,224.5,25
1719462050199,226.4,75
1719462050423,227.2,50
1719462051306,226.75,100
1719462051306,226.75,100
1719462052561,228.0,200
1719462052929,228.1,25
1719462052929,228.1,25
1719462054394,227.25,25
1719462054394,227.25,25
1719462055540,226.95,175
1719462055540,226.95,175
1719462056202,226.15,100
1719462056635,225.95,25
1719462057451,225.0,50
1719462058233,225.15,25
1719462058698,224.0,25
1719462059331,224.25,75
1719462060055,225.0,750
1719462060470,224.85,75
1719462060927,225.45,25
1719462061541,226.55,50
1719462062528,227.5,25
1719462063724,225.75,50
1719462064087,225.8,125
1719462064510,224.4,25
1719462065206,224.8,200
1719462065206,224.8,200
1719462066543,224.5,125
1719462067078,224.25,100
1719462067430,224.55,50
1719462068208,224.45,125
1719462068724,224.75,25
1719462068724,224.75,25
1719462069565,224.85,25
1719462070543,224.2,25
1719462071492,223.7,25
1719462071492,223.7,25
1719462072496,224.65,25
1719462072912,224.1,100
1719462073500,224.55,100
1719462073681,224.2,25
1719462074428,225.3,200
1719462074991,224.55,50
1719462075577,224.25,50
1719462076359,224.75,50
1719462076359,224.75,50
1719462076359,224.75,50
1719462076359,224.75,50
1719462079159,225.25,25
1719462079159,225.25,25
1719462079159,225.25,25
1719462081859,223.85,50
1719462082093,224.15,25
1719462082598,223.0,25
1719462083308,221.05,100
1719462084352,221.65,75
1719462084352,221.65,75
1719462085458,220.85,75
1719462086317,221.45,50
1719462086518,221.6,25
1719462087086,222.1,25
1719462087086,222.1,25
1719462088565,222.85,75
1719462088565,222.85,75
1719462088565,222.85,75
1719462090223,222.35,25
1719462090758,222.35,125
1719462090980,222.15,25
1719462090980,222.15,25
1719462092169,221.0,100
1719462092444,221.45,50
1719462093360,222.25,25
1719462093583,221.1,50
1719462093862,221.1,25
1719462094601,220.7,350
1719462095505,219.85,25
1719462095714,220.3,25
1719462095962,221.6,50
1719462096830,220.3,75
1719462096830,220.3,75
1719462098361,220.0,25
1719462098361,220.0,25
1719462099427,221.65,25
1719462100260,222.3,25
1719462100260,222.3,25
1719462101392,220.85,25
1719462101392,220.85,25
1719462103107,220.6,25
1719462103256,221.2,25
1719462103487,221.3,25
1719462103980,221.55,25
1719462105195,221.8,25
1719462105195,221.8,25
1719462107011,220.3,50
1719462107011,220.3,50
1719462107011,220.3,50
1719462108496,222.0,175
1719462109109,222.85,100
1719462109109,222.85,100
1719462110515,224.0,100
1719462110515,224.0,100
1719462111309,224.05,75
1719462111736,223.9,25
1719462112300,223.95,50
1719462113182,225.65,50
1719462113430,224.5,25
1719462114379,223.75,25
1719462114379,223.75,25
1719462115033,223.9,50
1719462115033,223.9,50
1719462116568,223.35,25
1719462116717,222.85,50
1719462117823,222.6,25
1719462118209,222.6,100
1719462118209,222.6,100
1719462119602,219.4,25
1719462119726,220.7,25
1719462120068,221.5,50
1719462120235,221.35,25
1719462120870,221.85,25
1719462121565,220.95,25
1719462122420,219.0,200
1719462122491,218.85,125
1719462123678,220.3,125
1719462124086,219.35,25
1719462124086,219.35,25
1719462125488,219.55,75
1719462125732,219.5,75
1719462125732,219.5,75
1719462125732,219.5,75
1719462127955,219.95,75
1719462128421,219.1,25
1719462128421,219.1,25
1719462129532,219.05,25
1719462130174,219.45,25
1719462130526,218.45,25
1719462130526,218.45,25
1719462130526,218.45,25
1719462132987,217.8,25
1719462133447,217.3,75
1719462133611,218.55,25
1719462134099,220.0,25
1719462134099,220.0,25
1719462135520,219.35,50
1719462135520,219.35,50
1719462136427,219.8,50
1719462136427,219.8,50
1719462137816,219.4,50
1719462137816,219.4,50
1719462138726,218.55,25
1719462139100,218.45,25
1719462139100,218.45,25
1719462140442,217.25,25
1719462140442,217.25,25
1719462141382,218.1,25
1719462142613,216.65,25
1719462142613,216.65,25
1719462143583,217.25,75
1719462143966,216.95,25
1719462144379,217.15,25
1719462145434,216.65,25
1719462145434,216.65,25
1719462146372,218.05,25
1719462146372,218.05,25
1719462147099,218.9,25
1719462147998,219.25,25
1719462149063,220.35,25
1719462149495,219.35,25
1719462150077,219.75,25
1719462150077,219.75,25
1719462150077,219.75,25
1719462150674,219.75,25
1719462150674,219.75,25
1719462150674,219.75,25
1719462152854,218.65,75
1719462152854,218.65,75
1719462152854,218.65,75
1719462152854,218.65,75
1719462155119,219.45,25
1719462155750,219.75,25
1719462155750,219.75,25
1719462156665,218.95,25
1719462156948,219.5,25
1719462157604,219.6,75
1719462157604,219.6,75
1719462158357,218.05,150
1719462158357,218.05,150
1719462158357,218.05,150
1719462160325,217.5,125
1719462160643,217.5,25
1719462160643,217.5,25
1719462162691,217.45,100
1719462163617,216.5,50
1719462163617,216.5,50
1719462163617,216.5,50
1719462165467,216.65,50
1719462165467,216.65,50
1719462166603,217.35,50
1719462166907,217.15,25
1719462166907,217.15,25
1719462168854,216.65,50
1719462169630,214.9,25
1719462170821,215.1,50
1719462171624,215.0,50
1719462172070,216.05,25
1719462172414,215.95,25
1719462173408,218.4,75
1719462174251,218.25,25
1719462175106,220.0,25
1719462175550,220.25,75
1719462176255,219.2,25
1719462176255,219.2,25
1719462177190,217.1,25
1719462177619,216.6,25
1719462178667,214.5,25
1719462179030,215.05,25
1719462179030,215.05,25
1719462180903,215.2,25
1719462181179,215.1,75
1719462181179,215.1,75
1719462182048,214.75,25
1719462183305,215.4,25
1719462184519,214.95,25
1719462184811,214.9,25
1719462184811,214.9,25
1719462184811,214.9,25
1719462186597,214.4,25
1719462187227,214.3,50
1719462187427,214.15,25
1719462188113,213.6,25
1719462188642,213.3,100
1719462189098,214.0,50
1719462189098,214.0,50
1719462190470,214.4,125
1719462190470,214.4,125
1719462191637,215.0,50
1719462191923,215.5,75
1719462192632,216.3,50
1719462193355,214.85,25
1719462193645,215.95,175
1719462193749,215.9,25
1719462193749,215.9,25
1719462195236,214.55,25
1719462196504,215.0,25
1719462196504,215.0,25
1719462197293,214.35,100
1719462198084,215.65,175
1719462198527,214.4,25
1719462199013,214.9,25
1719462199013,214.9,25
1719462200195,214.55,50
1719462200195,214.55,50
1719462201346,215.7,25
1719462201910,215.95,25
1719462203564,217.8,50
1719462203564,217.8,50
1719462204600,219.7,25
1719462205101,218.85,25
1719462205101,218.85,25
1719462205871,219.5,425
1719462206638,219.3,125
1719462207396,219.6,150
1719462208551,218.1,25
1719462208551,218.1,25
1719462209322,217.4,50
1719462209741,217.55,50
1719462209741,217.55,50
1719462209741,217.55,50
1719462211205,216.0,25
1719462211205,216.0,25
1719462212199,216.0,25
1719462213256,217.25,100
1719462213256,217.25,100
1719462214611,216.75,25
1719462214946,216.2,25
1719462214946,216.2,25
1719462214946,216.2,25
1719462216826,216.45,25
1719462216826,216.45,25
1719462218344,216.7,25
1719462218595,216.75,25
1719462218595,216.75,25
1719462219385,217.55,25
1719462219742,217.75,25
1719462220209,217.65,25
1719462220819,217.5,25
1719462222143,216.85,25
1719462223007,216.85,125
1719462223774,216.75,50
1719462224440,216.9,25
1719462224440,216.9,25
1719462224440,216.9,25
1719462226538,217.9,50
1719462227301,217.1,50
1719462227681,216.55,50
1719462228015,216.8,75
1719462228664,217.3,50
1719462228941,217.1,50
1719462229664,216.7,75
1719462230100,216.2,50
1719462230653,215.5,25
1719462230653,215.5,25
1719462231957,216.5,25
1719462232579,215.5,25
1719462232844,215.05,300
1719462232844,215.05,300
1719462232844,215.05,300
1719462234566,216.3,25
1719462235335,215.75,25
1719462235335,215.75,25
1719462236066,216.05,50
1719462236468,215.3,100
1719462236468,215.3,100
1719462237805,214.2,25
1719462238441,214.5,625
1719462239741,215.4,25
1719462239741,215.4,25
1719462240651,215.55,125
1719462240996,216.75,50
1719462241581,217.8,50
1719462241581,217.8,50
1719462242580,217.35,25
1719462243440,217.9,50
1719462244382,217.9,25
1719462245618,218.15,25
1719462245732,218.75,25
1719462245732,218.75,25
1719462246928,220.25,25
1719462247473,218.5,100
1719462247473,218.5,100
1719462248473,220.35,75
1719462249294,219.25,25
1719462250361,219.35,25
1719462250361,219.35,25
1719462251416,219.0,100
1719462251416,219.0,100
1719462252891,217.35,250
1719462252891,217.35,250
1719462253697,217.65,25
1719462253697,217.65,25
1719462254717,218.7,100
1719462255504,218.7,25
1719462255729,218.4,50
1719462257856,218.95,50
1719462258582,217.9,25
1719462258582,217.9,25
1719462260152,218.1,75
1719462260152,218.1,75
1719462261294,218.15,25
1719462261556,217.95,50
1719462262121,218.65,25
1719462262121,218.65,25
1719462263663,219.0,175
1719462263985,219.5,25
1719462264608,219.2,25
1719462265406,219.3,25
1719462266325,219.55,25
1719462266325,219.55,25
1719462268112,219.55,50
1719462268112,219.55,50
1719462268659,220.05,200
1719462269424,220.0,50
1719462269424,220.0,50
1719462270518,220.2,75
1719462270518,220.2,75
1719462271622,220.0,25
1719462271622,220.0,25
1719462272449,220.0,100
1719462272449,220.0,100
1719462274098,219.7,50
1719462274329,219.85,25
1719462275725,220.1,25
1719462276656,220.3,25
1719462276656,220.3,25
1719462277623,221.7,25
1719462277877,222.0,50
1719462277877,222.0,50
1719462279506,222.65,200
1719462279826,222.15,200
1719462280499,223.15,50
1719462281403,223.5,75
1719462282716,222.8,25
1719462282716,222.8,25
1719462283624,222.9,175
1719462284583,222.2,75
1719462284583,222.2,75
1719462285644,222.3,25
1719462285644,222.3,25
1719462286608,221.8,25
1719462286608,221.8,25
1719462288673,222.15,50
1719462288673,222.15,50
1719462289866,224.1,75
1719462290080,223.9,25
1719462291249,225.45,25
1719462291828,226.0,200
1719462292042,225.8,150
1719462292042,225.8,150
1719462293728,224.1,25
1719462294066,224.25,25
1719462294066,224.25,25
1719462295209,223.1,100
1719462296029,223.1,50
1719462296634,223.1,25
1719462297424,223.3,25
1719462298251,224.05,50
1719462299592,223.75,25
1719462300112,224.5,75
1719462300188,224.6,75
1719462300687,225.1,325
1719462301717,224.25,25
1719462301858,224.7,100
1719462302373,224.0,25
1719462303400,224.25,25
1719462303400,224.25,25
1719462304910,224.0,225
1719462305188,225.0,25
1719462305188,225.0,25
1719462306673,225.0,25
1719462306673,225.0,25
1719462307748,225.0,25
1719462307748,225.0,25
1719462308735,224.85,25
1719462309596,223.3,25
1719462310207,223.9,25
1719462310953,224.25,25
1719462310953,224.25,25
1719462312214,228.8,100
1719462312849,229.0,125
1719462313692,227.7,25
1719462328604,229.4,25
1719462329254,230.1,50
1719462330450,229.65,50
1719462330450,229.65,50
1719462331789,229.95,25
1719462332514,228.35,25
1719462332514,228.35,25
1719462333616,228.45,125
1719462333958,228.4,25
1719462334726,228.3,150
1719462335118,228.5,25
1719462335744,229.05,25
1719462335744,229.05,25
1719462335744,229.05,25
1719462337568,228.1,25
1719462337755,228.4,25
1719462338470,226.5,25
1719462338470,226.5,25
1719462339543,228.0,25
1719462339543,228.0,25
1719462340364,228.2,75
1719462341009,227.8,75
1719462341720,227.2,25
1719462342044,227.15,50
1719462349279,227.1,150
1719462349404,227.65,200
1719462349404,227.65,200
1719462350387,226.95,25
1719462351098,227.45,25
1719462351098,227.45,25
1719462351098,227.45,25
1719462354093,225.8,75
1719462354093,225.8,75
1719462354780,226.05,25
1719462355230,227.2,75
1719462355230,227.2,75
1719462355840,226.75,25
1719462356883,226.55,150
1719462357084,226.3,25
1719462358034,226.8,175
1719462358034,226.8,175
1719462359547,226.45,25
1719462359547,226.45,25
1719462359547,226.45,25
1719462359547,226.45,25
1719462361124,225.05,25
1719462361270,226.35,50
1719462362266,226.1,75
1719462362266,226.1,75
1719462363859,226.1,25
1719462364147,225.4,100
1719462364147,225.4,100
1719462364788,225.0,25
1719462365791,224.8,25
1719462366815,223.55,50
1719462367952,223.05,25
1719462367952,223.05,25
1719462368614,224.0,25
1719462369179,223.1,25
1719462369179,223.1,25
1719462370476,224.8,25
1719462370891,225.0,25
1719462372567,226.8,25
1719462373325,226.05,25
1719462373325,226.05,25
1719462405623,235.25,525
1719462406062,236.65,100
1719462406789,236.35,125
1719462407244,237.05,25
1719462407864,238.9,25
1719462408689,241.6,25
1719462408689,241.6,25
1719462409571,241.35,150
1719462410469,239.6,25
1719462410952,239.9,25
1719462411751,241.7,25
1719462411751,241.7,25
1719462412504,240.8,25
1719462413648,240.5,25
1719462413648,240.5,25
1719462414617,241.4,25
1719462414617,241.4,25
1719462415920,246.7,50
1719462416695,245.75,25
1719462416743,245.8,25
1719462417835,246.95,25
1719462418460,247.95,25
1719462418867,247.25,25
1719462419739,248.9,25
1719462419887,248.9,175
1719462420987,251.65,100
1719462421697,254.7,75
1719462421812,256.15,25
1719462422751,257.2,25
1719462423494,255.0,50
1719462423911,254.75,25
1719462424761,254.95,25
1719462425081,254.7,25
1719462425982,252.95,200
1719462426732,253.35,200
1719462427768,251.35,25
1719462428110,251.0,25
1719462428916,252.65,75
1719462429269,252.95,625
1719462429706,253.05,50
1719462430794,250.6,150
1719462430840,250.6,50
1719462431786,252.3,25
1719462432036,252.9,25
1719462432807,252.25,50
1719462433368,251.35,125
1719462433368,251.35,125
1719462434648,254.15,25
1719462435038,253.95,25
1719462435688,254.7,25
1719462436516,253.55,25
1719462436516,253.55,25
1719462437630,254.35,100
1719462437630,254.35,100
1719462438700,255.0,50
1719462438700,255.0,50
1719462439764,253.75,25
1719462440519,252.0,25
1719462441008,252.3,25
1719462441517,254.15,50
1719462442786,253.65,25
1719462442786,253.65,25
1719462443706,254.35,25
1719462444516,255.0,50
1719462444950,255.2,25
1719462445774,256.4,75
1719462445879,256.7,25
1719462446718,257.55,25
1719462447133,255.5,25
1719462447788,255.15,25
1719462448669,254.1,100
1719462448990,254.2,25
1719462449634,254.1,25
1719462449878,253.95,25
1719462449979,253.25,25
1719462450770,253.2,25
1719462451030,252.4,25
1719462451631,252.6,125
1719462452801,251.55,125
1719462452907,250.85,125
1719462453765,253.2,25
1719462454495,253.2,100
1719462454682,253.2,150
1719462456714,254.2,150
1719462456895,253.75,150
1719462457811,254.1,25
1719462458347,253.85,25
1719462458975,253.65,25
1719462458975,253.65,25
1719462459752,253.15,25
1719462460570,253.9,25
1719462461761,254.05,25
1719462463081,257.55,75
1719462463637,257.8,25
1719462464650,257.2,50
1719462464792,257.05,50
1719462465828,258.45,25
1719462466137,261.2,75
1719462466178,260.45,25
1719462467685,262.6,25
1719462467685,262.6,25
1719462468720,264.5,25
1719462468991,262.75,25
1719462470003,265.25,25
1719462470667,267.05,25
1719462470813,266.05,25
1719462471815,267.15,25
1719462472516,268.4,25
1719462472889,268.45,25
1719462473673,269.6,50
1719462474129,268.0,50
1719462474685,267.9,25
1719462475784,267.65,25
1719462477008,270.45,25
1719462477457,269.9,25
1719462477708,271.1,75
1719462478769,268.4,50
1719462479054,268.1,25
1719462480063,268.9,125
1719462480686,270.85,50
1719462481934,272.65,500
1719462482550,275.0,75
1719462482781,277.1,75
1719462483831,275.65,50
1719462486696,273.75,75
1719462487270,273.75,75
1719462488012,272.15,75
1719462488810,273.1,25
1719462488909,272.95,75
1719462489843,274.15,50
1719462490090,273.2,25
1719462490857,272.9,150
1719462491809,274.55,25
1719462492807,274.05,25
1719462492909,273.85,50
1719462493977,272.05,25
1719462494413,273.0,175
1719462494814,273.15,25
1719462495703,271.95,75
1719462496792,272.05,25
1719462497157,273.35,25
1719462497745,271.35,325
1719462498713,271.65,50
1719462499982,267.9,25
1719462500209,269.45,50
1719462500693,269.7,150
1719462501734,270.95,25
1719462501734,270.95,25
1719462502826,271.75,25
1719462503619,271.15,175
1719462510049,274.15,50
1719462510337,273.3,25
1719462510337,273.3,25
1719462511610,275.2,100
1719462511926,274.9,25
1719462512676,274.5,25
1719462513566,276.25,25
1719462513753,275.7,25
1719462514812,275.7,150
1719462515424,276.7,75
1719462515720,275.65,25
1719462516780,275.55,75
1719462516999,276.0,25
1719462518045,275.15,25
1719462518649,274.5,150
1719462518789,274.15,25
1719462519713,274.0,75
1719462520450,275.55,25
1719462520658,275.45,25
1719462521734,273.6,25
1719462522107,273.5,25
1719462522839,273.25,25
1719462523268,272.75,75
1719462523778,272.0,25
1719462524383,273.15,25
1719462524932,272.9,25
1719462525715,271.7,25
1719462526335,272.1,25
1719462526874,272.0,100
1719462527687,272.8,25
1719462528504,270.3,25
1719462534495,272.7,25
1719462534495,272.7,25
1719462535894,272.9,25
1719462535894,272.9,25
1719462544742,274.55,25
1719462545821,274.05,50
1719462545821,274.05,50
1719462546667,272.35,25
1719462547305,272.85,25
1719462547305,272.85,25
1719462548676,273.0,25
1719462549770,274.3,50
1719462550009,273.95,25
1719462550890,274.1,25
1719462550890,274.1,25
1719462551747,274.1,75
1719462560167,277.25,25
1719462561057,277.45,25
1719462561692,278.1,50
1719462562101,278.15,25
1719462562626,278.9,75
1719462563453,275.95,100
1719462563795,276.35,25
1719462564594,277.6,25
1719462565060,277.2,50
1719462565693,276.75,125
1719462566114,277.3,25
1719462566749,277.05,25
1719462567422,276.65,50
1719462567820,278.0,50
1719462575463,277.6,25
1719462575951,276.9,25
1719462577066,274.65,25
1719462600503,280.5,25
1719462601083,283.9,300
1719462602856,283.0,25
1719462602856,283.0,25
1719462603836,279.6,25
1719462604565,278.95,50
1719462605027,280.1,25
1719462605826,278.45,25
1719462605826,278.45,25
1719462606918,278.5,25
1719462607394,279.05,100
1719462607964,278.45,25
1719462608750,279.9,25
1719462608978,279.2,50
1719462609890,278.15,25
1719462609890,278.15,25
1719462610438,277.95,100
1719462611778,277.7,25
1719462611778,277.7,25
1719462611778,277.7,25
1719462613887,278.3,125
1719462614589,279.9,25
1719462614826,279.9,50
1719462615291,279.75,25
1719462615291,279.75,25
1719462617090,278.45,25
1719462617240,279.1,425
1719462617240,279.1,425
1719462618916,277.55,25
1719462618916,277.55,25
1719462619706,276.35,50
1719462620175,275.8,25
1719462620328,275.0,25
1719462621575,275.85,50
1719462621767,275.5,100
1719462622764,274.95,25
1719462623894,274.5,25
1719462623894,274.5,25
1719462624782,275.65,25
1719462625195,273.8,25
1719462625906,273.9,50
1719462626642,274.55,25
1719462627094,275.0,25
1719462627784,275.55,25
1719462628163,277.65,25
1719462628163,277.65,25
1719462629400,278.05,25
1719462629882,277.75,50
1719462630061,277.8,25
1719462630940,278.7,25
1719462630940,278.7,25
1719462631877,278.5,100
1719462631939,278.7,25
1719462633083,281.0,50
1719462633083,281.0,50
1719462633873,281.45,100
1719462634313,281.7,25
1719462634868,282.15,50
1719462635921,281.75,25
1719462635921,281.75,25
1719462636732,281.95,25
1719462637078,281.7,75
1719462637827,281.8,50
1719462638484,282.55,50
1719462638701,282.4,175
1719462639809,279.8,25
1719462639917,280.55,25
1719462640405,280.6,25
1719462641124,281.15,50
1719462642135,280.8,25
1719462642867,280.0,25
1719462643645,279.75,50
1719462643806,278.5,150
1719462644802,280.05,25
1719462645020,279.6,25
1719462645874,280.0,25
1719462645874,280.0,25
1719462646895,281.7,100
1719462647520,281.4,75
1719462648751,282.0,125
1719462648751,282.0,125
1719462650001,281.05,25
1719462650001,281.05,25
1719462650863,279.85,25
1719462650968,280.5,25
1719462651874,281.15,25
1719462652851,281.5,125
1719462652851,281.5,125
1719462653297,280.75,25
1719462653995,281.0,25
1719462657439,282.0,25
1719462657439,282.0,25
1719462658030,283.8,100
1719462658644,283.3,25
1719462659242,284.55,25
1719462659711,285.9,25
1719462659711,285.9,25
1719462660836,289.2,50
1719462661069,288.65,25
1719462661942,289.5,25
1719462662002,289.6,150
1719462662805,288.55,25
1719462663918,292.0,75
1719462663918,292.0,75
1719462664909,289.5,25
1719462665209,289.65,25
1719462665209,289.65,25
1719462666932,291.75,100
1719462667264,291.35,25
1719462668104,290.3,25
1719462668333,289.85,50
1719462668847,291.1,100
1719462669861,289.85,125
1719462669861,289.85,125
1719462670416,288.9,25
1719462671441,289.3,25
1719462671729,290.15,50
1719462672920,291.1,25
1719462672920,291.1,25
1719462673833,290.8,25
1719462674197,291.2,75
1719462674853,290.45,50
1719462675227,290.2,50
1719462675863,289.9,25
1719462676287,289.2,25
1719462676287,289.2,25
1719462677879,288.5,100
1719462677879,288.5,100
1719462678674,287.65,25
1719462679066,288.35,25
1719462679928,288.95,50
1719462680916,292.0,25
1719462680916,292.0,25
1719462681981,295.65,175
1719462682281,295.75,50
1719462682281,295.75,50
1719462684122,291.1,25
1719462684164,290.95,25
1719462684924,291.0,25
1719462685883,292.85,100
1719462685883,292.85,100
1719462686307,293.45,25
1719462687077,293.1,25
1719462687748,292.4,25
1719462688191,292.75,25
1719462688973,291.25,50
1719462688973,291.25,50
1719462690107,292.85,25
1719462690789,292.2,25
1719462691269,293.15,25
1719462692158,293.4,25
1719462692854,291.15,50
1719462692854,291.15,50
1719462693423,291.45,100
1719462693423,291.45,100
1719462693423,291.45,100
1719462695349,291.25,25
1719462695850,291.3,25
1719462696351,291.3,25
1719462696807,291.15,25
1719462702605,293.85,25
1719462703680,294.15,25
1719462703680,294.15,25
1719462704703,295.0,50
1719462704703,295.0,50
1719462735965,304.0,25
1719462736648,303.65,25
1719462737076,302.65,25
1719462737618,302.6,125
1719462738380,302.6,25
1719462738964,304.35,25
1719462739874,302.5,25
1719462739874,302.5,25
1719462740944,303.5,25
1719462740944,303.5,25
1719462742124,302.8,25
1719462742124,302.8,25
1719462742861,302.9,50
1719462745379,303.75,50
1719462745379,303.75,50
1719462745379,303.75,50
1719462746951,302.8,50
1719462747333,303.2,25
1719462747876,302.7,25
1719462748593,303.6,75
1719462748593,303.6,75
1719462749860,303.5,25
1719462749860,303.5,25
1719462749860,303.5,25
1719462750837,302.6,25
1719462751507,303.0,25
1719462751507,303.0,25
1719462753174,305.65,75
1719462753951,306.85,50
1719462754421,305.35,25
1719462754444,304.8,25
1719462755533,305.45,25
1719462755533,305.45,25
1719462756967,307.05,25
1719462757365,307.5,25
1719462757663,307.65,100
1719462758684,306.15,25
1719462758684,306.15,25
1719462760140,304.8,25
1719462760211,304.8,25
1719462766866,303.9,25
1719462768296,303.55,25
1719462768823,304.0,25
1719462769213,305.8,125
1719462769213,305.8,125
1719462770156,305.2,75
1719462770937,305.9,25
1719462771811,311.8,25
1719462772448,310.85,25
1719462772997,313.25,75
1719462773908,313.3,150
1719462774241,311.25,25
1719462775066,311.8,50
1719462775066,311.8,50
1719462775926,311.45,25
1719462777188,309.15,75
1719462777188,309.15,75
1719462777967,309.6,25
1719462777967,309.6,25
1719462779027,307.9,25
1719462780006,309.95,125
1719462780006,309.95,125
1719462780736,310.15,25
1719462781222,312.15,75
1719462781677,313.2,50
1719462783003,313.2,75
1719462783253,313.8,50
1719462783978,313.95,25
1719462784865,314.6,50
1719462784964,314.0,50
1719462786183,314.1,50
1719462786462,315.0,25
1719462786648,314.65,25
1719462787946,315.15,25
1719462787946,315.15,25
1719462789179,314.75,25
1719462789257,314.95,25
1719462789961,317.55,25
1719462790772,316.9,25
1719462790964,317.95,25
1719462791903,317.2,25
1719462791903,317.2,25
1719462792436,318.65,50
1719462793609,316.6,25
1719462794216,316.65,150
1719462794970,315.3,25
1719462795917,316.75,25
1719462796045,317.0,25
1719462796989,315.0,100
1719462797688,315.0,50
1719462798028,314.4,100
1719462799025,313.85,25
1719462799112,313.55,25
1719462800008,315.55,25
1719462800296,315.95,25
1719462800919,316.8,200
1719462801836,316.55,50
1719462802021,316.65,25
1719462802907,316.2,150
1719462803134,317.25,50
1719462803994,316.4,50
1719462803994,316.4,50
1719462805359,316.8,200
1719462805898,315.35,25
1719462805898,315.35,25
1719462806941,313.15,25
1719462806941,313.15,25
1719462807891,313.7,25
1719462808811,313.35,50
1719462810104,311.2,75
1719462810310,311.35,25
1719462810951,310.55,25
1719462811935,310.7,25
1719462812184,309.3,25
1719462813199,310.0,25
1719462813815,311.25,25
1719462813978,311.6,25
1719462815108,309.75,25
1719462815365,310.15,25
1719462815739,310.0,25
1719462817123,310.5,25
1719462817188,310.5,25
1719462817621,310.9,25
1719462818233,309.05,50
1719462818774,309.45,25
1719462819691,307.3,25
1719462819691,307.3,25
1719462820990,306.15,50
1719462820990,306.15,50
1719462821558,305.75,25
1719462822420,305.85,200
1719462823162,307.3,125
1719462824024,307.6,25
1719462824997,306.1,25
1719462824997,306.1,25
1719462826105,307.15,25
1719462826393,306.4,25
1719462826393,306.4,25
1719462827957,308.05,25
1719462828338,307.1,25
1719462828898,305.75,25
1719462829995,307.65,25
1719462830212,308.05,25
1719462831519,307.7,25
1719462831636,307.1,25
1719462831762,307.0,25
1719462832492,308.65,25
1719462832814,309.45,125
1719462833399,308.8,25
1719462833399,308.8,25
1719462834747,309.25,100
1719462834747,309.25,100
1719462835414,308.5,50
1719462836069,307.95,25
1719462836069,307.95,25
1719462837265,308.05,25
1719462838244,309.6,25
1719462838244,309.6,25
1719462839179,309.05,50
1719462839911,311.25,25
1719462839911,311.25,25
1719462840368,311.75,25
1719462840368,311.75,25
1719462841497,311.35,175
1719462841497,311.35,175
1719462841497,311.35,175
1719462843843,310.65,100
1719462843843,310.65,100
1719462845829,310.65,25
1719462845916,311.55,175
1719462846489,309.15,25
1719462846855,309.15,25
1719462847927,307.65,25
1719462847927,307.65,25
1719462848808,308.35,125
1719462848808,308.35,125
1719462849967,307.65,75
1719462850344,307.5,25
1719462850344,307.5,25
1719462852016,310.65,25
1719462852183,309.95,25
1719462852824,309.25,25
1719462852824,309.25,25
1719462854098,309.1,25
1719462854478,309.4,50
1719462855041,309.6,50
1719462855231,310.35,50
1719462855231,310.35,50
1719462856489,309.15,50
1719462856489,309.15,50
1719462857752,309.65,75
1719462858429,309.75,50
1719462858429,309.75,50
1719462859748,309.65,25
1719462860031,309.95,25
1719462861403,310.05,50
1719462861403,310.05,50
1719462862351,311.2,50
1719462862745,310.5,25
1719462862745,310.5,25
1719462864299,311.25,25
1719462864645,311.0,525
1719462865129,310.85,25
1719462865885,311.7,25
1719462865885,311.7,25
1719462867357,310.65,50
1719462867941,312.0,25
1719462867941,312.0,25
1719462869264,310.0,25
1719462869427,310.9,25
1719462869896,309.7,25
1719462870985,311.2,25
1719462870985,311.2,25
1719462871376,309.7,150
1719462872524,311.05,100
1719462872890,309.75,75
1719462873293,309.9,25
1719462873743,310.85,25
1719462874336,311.05,50
1719462875408,310.75,25
1719462875408,310.75,25
1719462876509,311.2,25
1719462876509,311.2,25
1719462877986,311.75,25
1719462877986,311.75,25
1719462879238,312.1,25
1719462879238,312.1,25
1719462880096,311.75,150
1719462880701,312.7,25
1719462880701,312.7,25
1719462881878,312.2,25
1719462881878,312.2,25
1719462882999,313.8,25
1719462882999,313.8,25
1719462883659,313.75,25
1719462883659,313.75,25
1719462884977,312.8,25
1719462885596,311.25,50
1719462885596,311.25,50
1719462885596,311.25,50
1719462885596,311.25,50
1719462889755,312.3,25
1719462889755,312.3,25
1719462891127,312.7,50
1719462891127,312.7,50
1719462891810,313.0,50
1719462891810,313.0,50
1719462892568,313.8,25
1719462892568,313.8,25
1719462894384,314.05,200
1719462894846,313.8,25
1719462895059,314.2,50
1719462895059,314.2,50
1719462896488,315.0,25
1719462897060,315.7,150
1719462897173,316.6,75
1719462898058,316.95,25
1719462899032,320.35,75
1719462899070,319.75,25
1719462899990,319.85,50
1719462900289,320.25,200
1719462900289,320.25,200
1719462900985,321.8,50
1719462901643,319.0,25
1719462902102,318.05,25
1719462903090,315.95,25
1719462903539,315.75,100
1719462904153,315.3,250
1719462905060,313.55,150
1719462905517,312.3,25
1719462906068,312.45,75
1719462907155,315.0,25
1719462908015,315.8,25
1719462908282,315.4,25
1719462908520,315.95,25
1719462909603,315.9,300
1719462909603,315.9,300
1719462909603,315.9,300
1719462911962,314.6,150
1719462911962,314.6,150
1719462912568,314.95,100
1719462912568,314.95,100
1719462913888,314.1,50
1719462913888,314.1,50
1719462915878,315.9,50
1719462916077,315.8,125
1719462916717,315.3,25
1719462917427,313.8,75
1719462917744,314.35,25
1719462918266,314.8,25
1719462918266,314.8,25
1719462918266,314.8,25
1719462920399,314.95,25
1719462920512,314.15,25
1719462920512,314.15,25
1719462921645,316.7,25
1719462921645,316.7,25
1719462923191,317.95,50
1719462923191,317.95,50
1719462923191,317.95,50
1719462923191,317.95,50
1719462926352,316.4,25
1719462926709,316.6,25
1719462926709,316.6,25
1719462927736,315.65,100
1719462928635,315.4,25
1719462928898,315.15,25
1719462929863,314.85,25
1719462929863,314.85,25
1719462929863,314.85,25
1719462931060,314.95,25
1719462931060,314.95,25
1719462932170,314.95,25
1719462932170,314.95,25
1719462932170,314.95,25
1719462934836,315.85,25
1719462935274,315.2,25
1719462935274,315.2,25
1719462936113,316.1,100
1719462936525,318.0,25
1719462936525,318.0,25
1719462938062,321.7,25
1719462938062,321.7,25
1719462939299,320.95,100
1719462939593,322.15,200
1719462939593,322.15,200
1719462940587,321.9,50
1719462941031,321.2,100
1719462941365,323.0,25
1719462941365,323.0,25
1719462943209,324.05,25
1719462943544,325.0,25
1719462943544,325.0,25
1719462944965,325.95,25
1719462945431,325.8,25
1719462946084,325.5,75
1719462946810,323.7,75
1719462946810,323.7,75
1719462948237,322.8,50
1719462949088,321.45,25
1719462949088,321.45,25
1719462950494,320.0,150
1719462950494,320.0,150
1719462951499,320.7,50
1719462951945,320.5,125
1719462952315,319.15,50
1719462952810,318.9,25
1719462953119,319.5,25
1719462954044,318.75,25
1719462954569,319.35,25
1719462955257,319.55,25
1719462955864,319.75,125
1719462955864,319.75,125
1719462956582,318.9,25
1719462957627,318.65,75
1719462957627,318.65,75
1719462958402,317.6,75
1719462958402,317.6,75
1719462959580,316.05,50
1719462959580,316.05,50
1719462960342,318.15,25
1719462960936,319.7,25
1719462961366,320.95,25
1719462961366,320.95,25
1719462963136,319.8,50
1719462964042,318.3,25
1719462964513,317.5,25
1719462964606,318.45,25
1719462965505,316.45,25
1719462965505,316.45,25
1719462967125,317.25,125
1719462967955,316.85,125
1719462968564,316.0,25
1719462969030,316.0,25
1719462969030,316.0,25
1719462970060,318.85,50
1719462970699,319.1,50
1719462971472,318.75,25
1719462972062,318.45,25
1719462972907,320.0,150
1719462972907,320.0,150
1719462973883,319.5,200
1719462975081,320.0,25
1719462975081,320.0,25
1719462976217,320.25,25
1719462976217,320.25,25
1719462977253,319.7,25
1719462977978,319.7,25
1719462978089,319.35,25
1719462979077,318.35,25
1719462979077,318.35,25
1719462979484,316.95,25
1719462979484,316.95,25
1719462980983,318.5,50
1719462980983,318.5,50
1719462981741,319.3,200
1719462982541,318.1,25
1719462982541,318.1,25
1719462983743,317.2,25
1719462985076,317.9,25
1719462985251,317.25,25
1719462985948,316.5,25
1719462985948,316.5,25
1719462986855,315.9,25
1719462987593,316.6,25
1719462988076,316.0,75
1719462989319,314.8,25
1719462989372,315.55,50
1719462990084,316.25,25
1719462990603,316.1,25
1719462990979,315.3,25
1719462991652,314.75,25
1719462992062,314.4,50
1719462992927,315.45,25
1719462993199,315.55,50
1719462993754,315.55,100
1719462993754,315.55,100
1719462995533,316.0,25
1719462995533,316.0,25
1719462996928,317.1,25
1719462996928,317.1,25
1719462997321,317.3,100
1719462997321,317.3,100
1719462999395,316.4,25
1719462999716,316.55,150
1719462999716,316.55,150
1719462999716,316.55,150
1719462999716,316.55,150
1719463015818,318.0,25
1719463016080,318.35,25
1719463017098,318.35,25
1719463017386,319.6,25
1719463017923,320.0,50
1719463018798,320.15,50
1719463019164,320.6,50
1719463020095,322.95,25
1719463020128,322.75,75
1719463021316,324.55,25
1719463021713,324.3,25
1719463022160,324.7,25
1719463022632,324.1,175
1719463022632,324.1,175
1719463023707,323.2,25
1719463023707,323.2,25
1719463025053,323.7,50
1719463025409,324.5,200
1719463026076,324.15,25
1719463027120,323.45,25
1719463027874,325.05,75
1719463027874,325.05,75
1719463028769,326.0,600
1719463029391,326.65,25
1719463029391,326.65,25
1719463031133,329.3,25
1719463032046,330.4,25
1719463032816,330.3,125
1719463033123,330.15,25
1719463034117,326.65,100
1719463034229,326.85,175
1719463035036,324.35,75
1719463035429,323.2,50
1719463036101,321.0,500
1719463036430,320.9,25
1719463036430,320.9,25
1719463037858,321.45,25
1719463038679,320.0,200
1719463039163,319.05,25
1719463040075,319.85,150
1719463041166,321.6,475
1719463042054,320.0,1200
1719463042552,320.25,25
1719463042696,320.1,50
1719463043763,319.65,50
1719463043763,319.65,50
1719463044656,320.95,25
1719463044656,320.95,25
1719463045274,320.65,25
1719463046285,319.95,200
1719463046285,319.95,200
1719463046285,319.95,200
1719463048055,321.3,100
1719463048529,320.6,25
1719463048936,320.0,25
1719463049829,320.15,25
1719463049829,320.15,25
1719463050670,320.0,150
1719463050670,320.0,150
1719463051852,318.6,25
1719463051852,318.6,25
1719463053134,317.05,25
1719463053134,317.05,25
1719463054420,316.85,25
1719463055029,317.7,25
1719463055982,317.05,450
1719463055982,317.05,450
1719463056790,317.3,125
1719463057573,317.0,25
1719463057573,317.0,25
1719463058807,315.0,200
1719463059103,315.2,50
1719463059914,315.65,25
1719463060671,315.2,25
1719463061457,316.65,25
1719463061975,316.8,75
1719463062468,318.1,75
1719463063024,316.45,125
1719463063866,316.5,50
1719463065323,315.0,25
1719463065323,315.0,25
1719463066858,314.35,50
1719463066858,314.35,50
1719463068031,316.2,25
1719463068031,316.2,25
1719463069057,316.6,25
1719463069057,316.6,25
1719463070057,317.05,25
1719463070057,317.05,25
1719463071470,318.0,25
1719463071652,317.05,100
1719463071652,317.05,100
1719463073047,316.5,50
1719463073047,316.5,50
1719463074564,316.4,50
1719463074831,317.0,100
1719463074831,317.0,100
1719463074831,317.0,100
1719463074831,317.0,100
1719463078808,317.15,50
1719463078929,317.7,50
1719463079014,316.8,200
1719463079014,316.8,200
1719463079014,316.8,200
1719463080437,315.8,150
1719463081142,315.35,50
1719463081396,317.3,50
1719463082088,316.35,25
1719463082618,317.15,100
1719463082618,317.15,100
1719463083290,317.7,25
1719463083290,317.7,25
1719463085293,319.9,25
1719463085293,319.9,25
1719463085661,319.8,75
1719463086792,318.45,25
1719463086792,318.45,25
1719463087914,319.0,250
1719463088179,318.7,25
1719463088179,318.7,25
1719463090866,318.0,275
1719463091244,317.7,50
1719463092010,318.7,25
1719463092010,318.7,25
1719463092919,318.0,25
1719463092919,318.0,25
1719463093769,317.85,25
1719463093769,317.85,25
1719463095710,319.25,25
1719463096126,320.4,25
1719463096126,320.4,25
1719463096507,321.2,25
1719463096507,321.2,25
1719463098112,319.65,50
1719463098112,319.65,50
1719463098112,319.65,50
1719463098112,319.65,50
1719463102287,319.5,25
1719463102287,319.5,25
1719463103073,319.05,50
1719463103073,319.05,50
1719463104818,319.5,175
1719463104818,319.5,175
1719463104818,319.5,175
1719463107924,319.15,125
1719463107924,319.15,125
1719463108252,319.4,25
1719463108892,319.4,50
1719463108892,319.4,50
1719463108892,319.4,50
1719463108892,319.4,50
1719463112197,318.0,50
1719463112197,318.0,50
1719463112997,318.05,200
1719463113560,317.8,25
1719463113560,317.8,25
1719463114752,317.0,75
1719463114752,317.0,75
1719463114752,317.0,75
1719463114752,317.0,75
1719463114752,317.0,75
1719463119497,318.45,25
1719463120118,318.2,175
1719463120307,318.5,50
1719463120943,319.3,50
1719463121618,323.15,25
1719463122114,323.0,50
1719463122858,323.6,25
1719463123342,322.7,25
1719463123922,325.0,50
1719463124295,324.45,25
1719463124933,322.75,25
1719463126079,324.55,50
1719463127234,327.45,125
1719463127320,327.25,75
1719463128171,325.65,25
1719463128320,325.85,25
1719463128320,325.85,25
1719463128320,325.85,25
1719463130411,322.15,50
1719463131045,321.5,25
1719463131541,320.6,25
1719463132194,320.5,25
1719463132851,321.6,200
1719463132851,321.6,200
1719463132851,321.6,200
1719463135008,320.5,25
1719463135397,321.1,25
1719463135397,321.1,25
1719463136937,322.15,25
1719463137255,322.2,75
1719463137564,321.1,25
1719463137564,321.1,25
1719463138542,321.95,25
1719463139249,323.75,25
1719463139249,323.75,25
1719463139249,323.75,25
1719463140697,324.3,100
1719463141069,325.0,25
1719463141664,325.0,25
1719463142119,325.0,25
1719463142664,324.2,25
1719463142664,324.2,25
1719463142664,324.2,25
1719463144715,321.7,25
1719463144715,321.7,25
1719463146651,322.45,25
1719463147038,323.85,25
1719463147038,323.85,25
1719463147617,322.65,25
1719463147617,322.65,25
1719463147617,322.65,25
1719463150601,322.85,25
1719463150601,322.85,25
1719463151335,322.0,150
1719463151335,322.0,150
1719463151335,322.0,150
1719463153831,324.45,25
1719463153922,325.0,25
1719463153922,325.0,25
1719463155401,326.15,75
1719463155865,324.4,25
1719463155865,324.4,25
1719463156732,325.15,25
1719463156732,325.15,25
1719463157944,324.2,25
1719463157944,324.2,25
1719463159295,323.2,25
1719463159632,323.9,25
1719463160188,323.7,25
1719463160188,323.7,25
1719463161059,323.95,50
1719463161059,323.95,50
1719463162262,323.65,25
1719463163155,324.55,50
1719463163912,324.85,50
1719463164635,325.0,25
1719463164719,325.0,25
1719463165835,325.95,100
1719463166176,324.3,125
1719463166428,324.05,50
1719463166428,324.05,50
1719463167854,323.9,25
1719463167854,323.9,25
1719463169231,322.95,25
1719463169985,322.0,125
1719463169985,322.0,125
1719463169985,322.0,125
1719463171259,322.45,25
1719463171653,323.4,25
1719463171653,323.4,25
1719463172876,322.95,25
1719463172876,322.95,25
1719463172876,322.95,25
1719463174493,323.2,25
1719463174493,323.2,25
1719463176033,322.15,25
1719463176910,322.95,25
1719463177727,322.35,25
1719463177727,322.35,25
1719463178456,321.3,125
1719463178878,322.4,50
1719463178878,322.4,50
1719463180199,320.4,100
1719463180199,320.4,100
1719463181864,324.5,25
1719463182171,323.7,125
1719463183089,325.5,25
1719463183324,325.35,25
1719463184207,324.2,25
1719463184207,324.2,25
1719463185468,324.2,25
1719463185969,322.95,25
1719463185969,322.95,25
1719463186905,321.45,50
1719463186905,321.45,50
1719463187805,322.65,25
1719463188287,322.7,25
1719463188287,322.7,25
1719463189749,322.05,25
1719463189749,322.05,25
1719463190696,320.0,50
1719463191545,320.25,200
1719463191545,320.25,200
1719463193142,321.25,25
1719463193142,321.25,25
1719463193142,321.25,25
1719463195978,320.0,25
1719463196463,320.4,25
1719463196463,320.4,25
1719463197150,321.25,25
1719463197150,321.25,25
1719463198136,321.25,75
1719463198966,321.9,125
1719463198966,321.9,125
1719463199765,321.9,25
1719463199765,321.9,25
1719463200680,321.95,25
1719463200890,321.0,25
1719463201908,322.1,25
1719463201908,322.1,25
1719463202812,321.1,25
1719463202812,321.1,25
1719463203863,320.25,25
1719463203863,320.25,25
1719463203863,320.25,25
1719463205324,321.65,25
1719463206143,319.8,75
1719463206143,319.8,75
1719463207063,320.2,25
1719463207590,321.95,25
1719463208216,321.5,25
1719463208351,322.0,25
1719463208351,322.0,25
1719463208351,322.0,25
1719463210357,322.4,25
1719463211210,323.85,25
1719463211536,324.2,125
1719463212022,325.35,75
1719463212022,325.35,75
1719463213845,324.9,25
1719463213845,324.9,25
1719463213845,324.9,25
1719463216109,322.8,25
1719463217133,323.4,25
1719463217133,323.4,25
1719463217540,324.25,50
1719463217540,324.25,50
1719463219951,321.75,25
1719463219951,321.75,25
1719463219951,321.75,25
1719463219951,321.75,25
1719463223631,324.75,25
1719463224101,325.0,25
1719463224366,325.35,50
1719463224899,326.0,25
1719463225529,326.45,25
1719463226146,326.1,25
1719463226146,326.1,25
1719463227232,327.5,25
1719463228023,329.0,225
1719463228023,329.0,225
1719463229182,327.0,75
1719463229309,326.8,50
1719463229309,326.8,50
1719463230135,325.2,75
1719463231146,323.45,75
1719463231263,323.5,50
1719463231263,323.5,50
1719463233552,324.5,25
1719463234155,323.3,50
1719463234697,324.55,25
1719463235151,323.8,25
1719463235760,322.0,50
1719463235760,322.0,50
1719463235760,322.0,50
1719463237357,322.6,25
1719463237948,323.45,100
1719463238514,322.9,50
1719463239177,323.1,50
1719463239571,322.15,100
1719463239571,322.15,100
1719463239571,322.15,100
1719463239571,322.15,100
1719463242177,321.75,125
1719463242177,321.75,125
1719463243945,321.45,25
1719463243945,321.45,25
1719463244519,322.0,25
1719463244519,322.0,25
1719463246097,323.0,25
1719463246097,323.0,25
1719463246097,323.0,25
1719463247466,322.1,25
1719463248133,322.3,50
1719463248133,322.3,50
1719463249400,322.9,25
1719463249793,322.0,50
1719463250549,322.8,25
1719463250549,322.8,25
1719463251857,321.55,25
1719463251857,321.55,25
1719463252933,323.55,25
1719463252933,323.55,25
1719463252933,323.55,25
1719463252933,323.55,25
1719463256302,322.8,100
1719463256848,322.25,50
1719463256848,322.25,50
1719463258681,321.0,25
1719463259409,320.95,200
1719463259536,321.7,25
1719463259536,321.7,25
1719463259536,321.7,25
1719463259536,321.7,25
1719463261839,323.0,25
1719463261839,323.0,25
1719463262459,325.25,50
1719463262459,325.25,50
1719463262459,325.25,50
1719463265600,322.8,50
1719463265600,322.8,50
1719463266264,323.5,25
1719463266727,324.0,25
1719463268003,323.35,50
1719463268003,323.35,50
1719463268808,324.15,125
1719463268808,324.15,125
1719463270177,322.3,50
1719463270177,322.3,50
1719463271712,323.85,25
1719463272055,324.5,75
1719463272055,324.5,75
1719463272416,323.4,25
1719463272416,323.4,25
1719463273981,323.6,25
1719463273981,323.6,25
1719463274771,325.0,50
1719463274771,325.0,50
1719463276312,329.6,25
1719463277009,332.55,300
1719463277271,333.0,25
1719463278269,332.0,25
1719463278569,333.3,50
1719463278820,333.9,175
1719463280001,332.7,25
1719463280246,331.45,25
1719463281177,330.2,50
1719463281432,329.85,100
1719463282245,329.75,75
1719463282816,329.7,25
1719463283121,328.35,275
1719463283121,328.35,275
1719463284572,327.15,25
1719463284572,327.15,25
1719463285605,326.85,50
1719463285794,328.3,100
1719463285794,328.3,100
1719463286711,327.65,25
1719463286711,327.65,25
1719463288370,325.65,50
1719463288990,325.6,25
1719463290225,327.25,25
1719463290225,327.25,25
1719463291019,326.45,25
1719463291730,327.15,50
1719463291730,327.15,50
1719463293716,327.1,25
1719463293716,327.1,25
1719463294349,326.25,25
1719463294603,325.75,175
1719463296218,327.95,25
1719463296218,327.95,25
1719463296218,327.95,25
1719463296218,327.95,25
1719463299285,328.4,50
1719463300186,328.75,25
1719463300279,328.85,200
1719463300279,328.85,200
1719463301492,328.85,100
1719463301840,329.1,25
1719463301840,329.1,25
1719463304027,327.3,25
1719463304285,327.95,25
1719463305138,326.55,75
1719463305138,326.55,75
1719463305138,326.55,75
1719463306923,327.05,25
1719463308015,325.4,25
1719463308416,326.5,50
1719463309299,326.65,25
1719463309988,326.15,25
1719463309988,326.15,25
1719463311306,326.15,125
1719463311670,326.45,50
1719463311670,326.45,50
1719463313319,329.0,75
1719463314042,327.4,50
1719463314275,328.1,25
1719463314670,328.2,25
1719463315475,327.3,25
1719463315483,328.0,300
1719463315483,328.0,300
1719463317924,326.65,50
1719463317924,326.65,50
1719463318806,326.0,25
1719463318806,326.0,25
1719463318806,326.0,25
1719463329031,327.0,25
1719463329031,327.0,25
1719463329031,327.0,25
1719463330858,327.3,100
1719463330858,327.3,100
1719463358276,331.8,75
1719463359091,331.4,25
1719463359525,330.85,25
1719463359964,332.35,25
1719463360803,331.35,25
1719463362150,330.3,25
1719463362150,330.3,25
1719463363852,328.3,100
1719463364094,329.0,25
1719463364094,329.0,25
1719463366267,329.4,50
1719463366267,329.4,50
1719463366267,329.4,50
1719463369145,331.4,25
1719463369145,331.4,25
1719463370004,330.65,25
1719463370004,330.65,25
1719463370004,330.65,25
1719463370004,330.65,25
1719463379020,330.0,25
1719463379329,329.2,25
1719463379699,328.75,75
1719463379699,328.75,75
1719463381201,327.6,25
1719463381201,327.6,25
1719463381910,327.4,25
1719463381910,327.4,25
1719463383542,325.9,25
1719463383542,325.9,25
1719463383542,325.9,25
1719463383542,325.9,25
1719463388339,327.35,50
1719463388339,327.35,50
1719463388339,327.35,50
1719463391098,325.6,50
1719463391098,325.6,50
1719463392087,325.0,25
1719463392087,325.0,25
1719463392669,325.0,25
1719463392669,325.0,25
1719463393970,324.25,25
1719463394588,325.0,50
1719463395036,324.0,25
1719463395036,324.0,25
1719463396013,324.1,25
1719463397137,324.85,25
1719463397137,324.85,25
1719463397137,324.85,25
1719463400270,324.9,25
1719463401050,323.9,50
1719463401800,323.4,50
1719463401800,323.4,50
1719463401800,323.4,50
1719463404575,323.15,50
1719463404718,323.3,25
1719463406319,322.3,25
1719463407309,318.55,50
1719463407916,319.2,25
1719463408152,320.0,25
1719463409116,318.2,25
1719463409646,317.5,100
1719463409646,317.5,100
1719463409646,317.5,100
1719463411085,316.0,100
1719463411498,318.45,50
1719463412431,318.35,25
1719463413314,317.85,25
1719463413314,317.85,25
1719463413954,318.7,25
1719463414645,319.05,25
1719463415540,318.35,50
1719463416330,319.2,25
1719463417060,318.15,25
1719463418217,318.75,25
1719463418217,318.75,25
1719463418217,318.75,25
1719463421170,317.7,25
1719463421170,317.7,25
1719463421995,318.0,25
1719463422580,317.0,25
1719463423507,316.0,100
1719463423507,316.0,100
1719463424155,315.7,75
1719463424155,315.7,75
1719463425791,315.9,25
1719463426401,315.85,25
1719463426695,315.6,25
1719463427533,315.6,125
1719463428452,309.55,25
1719463428695,307.4,75
1719463429772,307.1,75
1719463430384,310.0,25
1719463431071,309.55,50
1719463431583,309.5,25
1719463432532,307.7,75
1719463433191,304.8,25
1719463433393,304.4,50
1719463434242,307.9,25
1719463434983,307.0,25
1719463435527,306.9,275
1719463436316,307.5,25
1719463437406,308.0,25
1719463438207,307.65,25
1719463438625,307.4,50
1719463438625,307.4,50
1719463439636,307.55,25
1719463440108,308.75,25
1719463440108,308.75,25
1719463441102,309.55,25
1719463441102,309.55,25
1719463442591,311.6,25
1719463442591,311.6,25
1719463443458,311.9,25
1719463444285,312.65,25
1719463445350,313.1,50
1719463445675,312.25,25
1719463457609,313.2,50
1719463458626,312.8,25
1719463458626,312.8,25
1719463459260,311.8,25
1719463459260,311.8,25
1719463460888,310.0,100
1719463460888,310.0,100
1719463462658,311.0,25
1719463462658,311.0,25
1719463464949,311.35,50
1719463464949,311.35,50
1719463468671,313.4,75
1719463469239,313.45,25
1719463469239,313.45,25
1719463469239,313.45,25
1719463470349,314.75,150
1719463470500,315.75,75
1719463470936,315.8,200
1719463470936,315.8,200
1719463470936,315.8,200
1719463473901,315.55,25
1719463474568,316.8,25
1719463474568,316.8,25
1719463475365,316.55,25
1719463476424,317.25,100
1719463477027,317.2,50
1719463477027,317.2,50
1719463478191,314.3,25
1719463478191,314.3,25
1719463479209,312.6,50
1719463479209,312.6,50
1719463480724,312.65,25
1719463480724,312.65,25
1719463480724,312.65,25
1719463483295,310.0,25
1719463483804,311.4,25
1719463484703,311.4,25
1719463486372,312.3,25
1719463486372,312.3,25
1719463487027,311.7,25
1719463487027,311.7,25
1719463488349,311.3,25
1719463488349,311.3,25
1719463490490,310.55,100
1719463491268,309.6,25
1719463491268,309.6,25
1719463492380,309.15,50
1719463492380,309.15,50
1719463493199,309.65,25
1719463495235,309.7,125
1719463495235,309.7,125
1719463496507,309.3,50
1719463497715,310.45,25
1719463498352,310.55,175
1719463498352,310.55,175
1719463498753,310.0,25
1719463499875,309.5,50
1719463499875,309.5,50
1719463499875,309.5,50
1719463499875,309.5,50
1719463501923,310.2,100
1719463502553,310.5,25
1719463502553,310.5,25
1719463503659,310.0,25
1719463504120,309.85,25
1719463504120,309.85,25
1719463505325,310.5,50
1719463505325,310.5,50
1719463506135,307.0,25
1719463506504,306.85,75
1719463507293,307.55,25
1719463507871,308.4,25
1719463507871,308.4,25
1719463509349,309.65,25
1719463509545,310.4,25
1719463510296,308.4,25
1719463510676,308.15,25
1719463511341,306.05,50
1719463511970,306.0,25
1719463511970,306.0,25
1719463513647,307.75,25
1719463513904,307.0,50
1719463514295,306.75,25
1719463514956,306.7,25
1719463515461,306.85,25
1719463516593,305.55,25
1719463517104,305.95,25
1719463517770,306.2,50
1719463518333,306.0,50
1719463518333,306.0,50
1719463519661,307.6,50
1719463520453,308.2,50
1719463520676,308.35,25
1719463522019,309.85,25
1719463522019,309.85,25
1719463522921,310.25,25
1719463522921,310.25,25
1719463524647,312.0,25
1719463524647,312.0,25
1719463526021,312.2,125
1719463526021,312.2,125
1719463527141,312.4,50
1719463527141,312.4,50
1719463529206,312.5,25
1719463529521,312.9,75
1719463529521,312.9,75
1719463529521,312.9,75
1719463530787,315.0,25
1719463530787,315.0,25
1719463532709,316.25,100
1719463532709,316.25,100
1719463533885,314.75,100
1719463534386,314.65,75
1719463534497,314.4,25
1719463535259,314.55,25
1719463535259,314.55,25
1719463537069,317.0,25
1719463537134,318.0,25
1719463537134,318.0,25
1719463537134,318.0,25
1719463539776,316.65,50
1719463539776,316.65,50
1719463540975,316.6,100
1719463540975,316.6,100
1719463540975,316.6,100
1719463543125,316.95,100
1719463543299,316.05,50
1719463543299,316.05,50
1719463543299,316.05,50
1719463543299,316.05,50
1719463547031,317.4,25
1719463549743,320.0,25
1719463550114,320.0,100
1719463550114,320.0,100
1719463550880,320.1,50
1719463552141,319.0,100
1719463552399,318.7,25
1719463553175,317.45,50
1719463553596,317.8,100
1719463554260,316.65,25
1719463554965,315.0,50
1719463555312,315.25,50
1719463555312,315.25,50
1719463556354,316.0,25
1719463557078,314.95,50
1719463557569,315.0,175
1719463557858,315.4,50
1719463557858,315.4,50
1719463557858,315.4,50
1719463557858,315.4,50
1719463560478,314.3,25
1719463560478,314.3,25
1719463560478,314.3,25
1719463560478,314.3,25
1719463560478,314.3,25
1719463565319,313.05,25
1719463565742,313.85,75
1719463565742,313.85,75
1719463566708,312.55,25
1719463566708,312.55,25
1719463567979,312.6,25
1719463567979,312.6,25
1719463569352,312.6,25
1719463569352,312.6,25
1719463571258,311.9,25
1719463572167,312.3,25
1719463572167,312.3,25
1719463573494,310.0,25
1719463573494,310.0,25
1719463574033,309.8,50
1719463574033,309.8,50
1719463575688,310.8,150
1719463576345,309.85,50
1719463577483,311.0,25
1719463577483,311.0,25
1719463578504,310.05,75
1719463578875,309.0,25
1719463578875,309.0,25
1719463578875,309.0,25
1719463580802,309.05,25
1719463581150,309.3,100
1719463581150,309.3,100
1719463582456,308.3,25
1719463582689,307.55,50
1719463583367,307.5,50
1719463584190,306.35,25
1719463585232,305.65,25
1719463585611,306.45,100
1719463585931,306.0,25
1719463585931,306.0,25
1719463587784,308.0,25
1719463588370,308.4,75
1719463589420,307.9,75
1719463589420,307.9,75
1719463589420,307.9,75
1719463589420,307.9,75
1719463589420,307.9,75
1719463593704,308.85,25
1719463593704,308.85,25
1719463593704,308.85,25
1719463595959,308.0,400
1719463596581,306.8,50
1719463597365,307.3,25
1719463597365,307.3,25
1719463598670,307.05,25
1719463598670,307.05,25
1719463599895,307.15,50
1719463599895,307.15,50
1719463599895,307.15,50
1719463609249,312.1,25
1719463610571,310.55,25
1719463610571,310.55,25
1719463612619,311.55,475
1719463612619,311.55,475
1719463612619,311.55,475
1719463614597,310.25,25
1719463614912,310.55,25
1719463616666,312.25,150
1719463617446,312.7,25
1719463617840,311.5,50
1719463617840,311.5,50
1719463618808,310.75,25
1719463618808,310.75,25
1719463620021,310.05,25
1719463620320,310.35,25
1719463620320,310.35,25
1719463621250,308.85,150
1719463621250,308.85,150
1719463622245,307.85,75
1719463622245,307.85,75
1719463624001,308.4,50
1719463624001,308.4,50
1719463624886,307.8,25
1719463624886,307.8,25
1719463626323,306.7,25
1719463626323,306.7,25
1719463628520,308.15,50
1719463628520,308.15,50
1719463628520,308.15,50
1719463631448,309.0,25
1719463632146,309.05,175
1719463632146,309.05,175
1719463633695,309.55,150
1719463633695,309.55,150
1719463633695,309.55,150
1719463633695,309.55,150
1719463637243,311.45,175
1719463637386,311.45,25
1719463637386,311.45,25
1719463638759,310.85,50
1719463638759,310.85,50
1719463638759,310.85,50
1719463639583,311.6,25
1719463640362,311.5,25
1719463640362,311.5,25
1719463640362,311.5,25
1719463640362,311.5,25
1719463644386,313.15,175
1719463644386,313.15,175
1719463645413,314.2,25
1719463645894,313.0,25
1719463645894,313.0,25
1719463647231,312.0,25
1719463647231,312.0,25
1719463667919,307.15,25
1719463669373,305.95,25
1719463670126,305.65,25
1719463670126,305.65,25
1719463670126,305.65,25
1719463671748,306.45,75
1719463672230,306.95,100
1719463672230,306.95,100
1719463673627,308.8,175
1719463673627,308.8,175
1719463674386,310.55,150
1719463674386,310.55,150
1719463674386,310.55,150
1719463688740,308.0,25
1719463753846,315.4,50
1719463755656,313.9,75
1719463761116,319.2,25
1719463761897,319.0,50
1719463762594,319.55,125
1719463763616,319.25,25
1719463763667,319.25,75
1719463763667,319.25,75
1719463765600,318.15,150
1719463766308,316.6,25
1719463766308,316.6,25
1719463766308,316.6,25
1719463768210,314.45,25
1719463768930,315.0,25
1719463768930,315.0,25
1719463769973,316.25,25
1719463769973,316.25,25
1719463769973,316.25,25
1719463775989,318.35,25
1719463776664,319.1,25
1719463777739,318.65,25
1719463777739,318.65,25
1719463777739,318.65,25
1719463779240,319.5,50
1719463779240,319.5,50
1719463781206,317.5,25
1719463781206,317.5,25
1719463782821,317.75,200
1719463782821,317.75,200
1719463782821,317.75,200
1719463782821,317.75,200
1719463782821,317.75,200
1719463782821,317.75,200
1719463782821,317.75,200
1719463789183,317.35,50
1719463789379,317.45,200
1719463789902,317.75,125
1719463790308,318.95,25
1719463790308,318.95,25
1719463790308,318.95,25
1719463792810,318.0,25
1719463793618,319.45,75
1719463793618,319.45,75
1719463794633,319.3,25
1719463794695,319.2,25
1719463794695,319.2,25
1719463794695,319.2,25
1719463796742,318.85,125
1719463796742,318.85,125
1719463796742,318.85,125
1719463799381,317.65,75
1719463799626,317.45,25
1719463799626,317.45,25
1719463800567,317.65,50
1719463801505,318.4,25
1719463801505,318.4,25
1719463802471,317.6,25
1719463802740,317.95,25
1719463802740,317.95,25
1719463803720,316.95,200
1719463803720,316.95,200
1719463803720,316.95,200
1719463806242,316.5,25
1719463806824,316.8,125
1719463806824,316.8,125
1719463806824,316.8,125
1719463806824,316.8,125
1719463810449,318.5,25
1719463810449,318.5,25
1719463810928,319.45,25
1719463810928,319.45,25
1719463815530,322.95,50
1719463815530,322.95,50
1719463816999,321.25,25
1719463817188,321.4,50
1719463817318,319.4,25
1719463818296,320.05,150
1719463818296,320.05,150
1719463819060,318.6,25
1719463819060,318.6,25
1719463820689,319.8,25
1719463820689,319.8,25
1719463821396,319.9,25
1719463821396,319.9,25
1719463821396,319.9,25
1719463821396,319.9,25
1719463825772,320.7,75
1719463826844,319.9,100
1719463826844,319.9,100
1719463827531,318.75,75
1719463828244,318.1,25
1719463828244,318.1,25
1719463829605,317.2,75
1719463829734,318.3,50
1719463829734,318.3,50
1719463830523,315.85,25
1719463830523,315.85,25
1719463830523,315.85,25
1719463832635,318.4,75
1719463832635,318.4,75
1719463832635,318.4,75
1719463835210,317.2,75
1719463835793,318.35,25
1719463835793,318.35,25
1719463836370,317.3,50
1719463836370,317.3,50
1719463837804,316.5,25
1719463837804,316.5,25
1719463839775,316.05,25
1719463839775,316.05,25
1719463840806,315.9,50
1719463841514,315.65,25
1719463841514,315.65,25
1719463842511,314.55,50
1719463842690,314.9,200
1719463843606,313.95,200
1719463844142,314.0,25
1719463844586,313.3,25
1719463844586,313.3,25
1719463846501,314.0,25
1719463846501,314.0,25
1719463846501,314.0,25
1719463848708,315.0,125
1719463848708,315.0,125
1719463850247,315.2,25
1719463850247,315.2,25
1719463851160,314.3,25
1719463851160,314.3,25
1719463851160,314.3,25
1719463851160,314.3,25
1719463856338,313.05,100
1719463856338,313.05,100
1719463856338,313.05,100
1719463858817,315.0,25
1719463859013,317.25,50
1719463859013,317.25,50
1719463860225,318.25,25
1719463861407,317.6,25
1719463861407,317.6,25
1719463862841,319.9,150
1719463862964,320.65,25
1719463862964,320.65,25
1719463862964,320.65,25
1719463864523,319.6,25
1719463864951,318.6,125
1719463865989,316.9,50
1719463865989,316.9,50
1719463867716,316.2,475
1719463867716,316.2,475
1719463867716,316.2,475
1719463867716,316.2,475
1719463871342,317.65,25
1719463871342,317.65,25
1719463871342,317.65,25
1719463871342,317.65,25
1719463871342,317.65,25
1719463871342,317.65,25
1719463871342,317.65,25
1719463879113,318.8,50
1719463879113,318.8,50
1719463879818,317.9,25
1719463879818,317.9,25
1719463879818,317.9,25
1719463922982,317.75,75
1719463922982,317.75,75
1719463927434,319.15,25
1719463927434,319.15,25
1719463928974,317.75,25
1719463928974,317.75,25
1719463929534,318.2,25
1719463930167,317.85,25
1719463930167,317.85,25
1719463930167,317.85,25
1719463930167,317.85,25
1719463930167,317.85,25
1719463935011,322.0,200
1719463935528,325.0,25
1719463936583,321.85,150
1719463936946,320.75,50
1719463937525,319.25,25
1719463937525,319.25,25
1719463938301,319.2,200
1719463938301,319.2,200
1719463943624,320.1,25
1719463945448,319.4,25
1719463945660,318.85,200
1719463945660,318.85,200
1719463945660,318.85,200
1719463945660,318.85,200
1719463948258,319.25,25
1719463948258,319.25,25
1719463950461,318.15,25
1719463950461,318.15,25
1719463954855,318.0,325
1719463954855,318.0,325
1719463956087,316.85,25
1719463956902,315.5,250
1719463957198,315.5,25
1719463957198,315.5,25
1719463958480,315.0,100
1719463958480,315.0,100
1719463958480,315.0,100
1719463958480,315.0,100
1719463962173,314.15,100
1719463962173,314.15,100
1719463962173,314.15,100
1719463964413,314.7,25
1719463964413,314.7,25
1719463964413,314.7,25
1719463964413,314.7,25
1719463964413,314.7,25
1719463964413,314.7,25
1719463969530,315.45,200
1719463969530,315.45,200
1719463969530,315.45,200
1719463969530,315.45,200
1719463972912,316.0,25
1719463973574,315.8,25
1719463973574,315.8,25
1719463973574,315.8,25
1719463973574,315.8,25
1719463973574,315.8,25
1719463973574,315.8,25
1719463979268,317.9,200
1719463979268,317.9,200
1719463979268,317.9,200
1719463980489,318.6,100
1719463981427,318.0,25
1719463981427,318.0,25
1719463981427,318.0,25
1719463981427,318.0,25
1719463984812,316.2,25
1719463985547,316.5,25
1719463985547,316.5,25
1719463986368,317.0,75
1719463986368,317.0,75
1719463986368,317.0,75
1719463986368,317.0,75
1719463986368,317.0,75
1719463991069,315.95,50
1719463991069,315.95,50
1719463991069,315.95,50
1719463993401,316.4,50
1719463993401,316.4,50
1719463993401,316.4,50
1719463993401,316.4,50
1719463993401,316.4,50
1719463998766,314.95,25
1719463999072,314.15,125
1719463999072,314.15,125
1719464000760,311.9,25
1719464000760,311.9,25
1719464000760,311.9,25
1719464000760,311.9,25
1719464004738,313.45,25
1719464004738,313.45,25
1719464006152,312.75,25
1719464006152,312.75,25
1719464007695,313.5,25
1719464007695,313.5,25
1719464007695,313.5,25
1719464007695,313.5,25
1719464007695,313.5,25
1719464011052,313.75,25
1719464011052,313.75,25
1719464011052,313.75,25
1719464011052,313.75,25
1719464015118,312.5,175
1719464015118,312.5,175
1719464017205,312.15,25
1719464017205,312.15,25
1719464017205,312.15,25
1719464017205,312.15,25
1719464021381,315.0,25
1719464021381,315.0,25
1719464022704,316.8,100
1719464022704,316.8,100
1719464022704,316.8,100
1719464024680,314.4,25
1719464025411,314.45,25
1719464026502,314.35,200
1719464026502,314.35,200
1719464027428,314.05,75
1719464027428,314.05,75
1719464027428,314.05,75
1719464027428,314.05,75
1719464027428,314.05,75
1719464027428,314.05,75
1719464027428,314.05,75
1719464027428,314.05,75
1719464035720,312.65,25
1719464035720,312.65,25
1719464036394,312.0,25
1719464036394,312.0,25
1719464036394,312.0,25
1719464039080,310.5,75
1719464039080,310.5,75
1719464039080,310.5,75
1719464039080,310.5,75
1719464041327,310.65,25
1719464041745,311.4,50
1719464042047,310.15,25
1719464042047,310.15,25
1719464042047,310.15,25
1719464044379,310.0,25
1719464044717,309.0,25
1719464044828,308.5,100
1719464044828,308.5,100
1719464045938,309.85,50
1719464046611,309.95,25
1719464046611,309.95,25
1719464048835,310.3,25
1719464048835,310.3,25
1719464049794,309.3,25
1719464050670,308.4,25
1719464050670,308.4,25
1719464050670,308.4,25
1719464052586,308.55,25
1719464052586,308.55,25
1719464053682,307.5,175
1719464053909,308.35,75
1719464053909,308.35,75
1719464055585,311.7,25
1719464055684,311.3,25
1719464056656,312.25,100
1719464056656,312.25,100
1719464057698,312.2,25
1719464057698,312.2,25
1719464058877,312.15,25
1719464058877,312.15,25
1719464059928,312.1,25
1719464060067,312.2,25
1719464060067,312.2,25
1719464060067,312.2,25
1719464060067,312.2,25
1719464063922,308.55,25
1719464063922,308.55,25
1719464073168,308.0,25
1719464075295,309.0,50
1719464075658,308.1,25
1719464075658,308.1,25
1719464077291,307.95,25
1719464077291,307.95,25
1719464078653,308.7,25
1719464078653,308.7,25
1719464078653,308.7,25
1719464082081,308.2,25
1719464082265,308.3,25
1719464082265,308.3,25
1719464083343,307.95,25
1719464084453,306.9,125
1719464084463,306.5,25
1719464087869,306.0,125
1719464087869,306.0,125
1719464087869,306.0,125
1719464092141,307.45,25
1719464092463,309.0,25
1719464092463,309.0,25
1719464094016,311.0,225
1719464094193,311.1,75
1719464094771,312.5,25
1719464095311,310.75,125
1719464095311,310.75,125
1719464095311,310.75,125
1719464099035,310.0,25
1719464099035,310.0,25
1719464099525,309.5,25
1719464099525,309.5,25
1719464099525,309.5,25
1719464099525,309.5,25
1719464099525,309.5,25
1719464118764,311.0,25
1719464118764,311.0,25
1719464118764,311.0,25
1719464118764,311.0,25
1719464118764,311.0,25
1719464118764,311.0,25
1719464118764,311.0,25
1719464118764,311.0,25
1719464118764,311.0,25
1719464166025,310.0,25
1719464166025,310.0,25
1719464169103,310.75,25
1719464169103,310.75,25
1719464169103,310.75,25
1719464171441,311.9,25
1719464171441,311.9,25
1719464172386,311.85,150
1719464172386,311.85,150
1719464172386,311.85,150
1719464174929,310.95,300
1719464174929,310.95,300
1719464175370,311.6,25
1719464176600,310.1,25
1719464177289,310.2,25
1719464177289,310.2,25
1719464179297,310.05,25
1719464179297,310.05,25
1719464179297,310.05,25
1719464179297,310.05,25
1719464182615,312.3,175
1719464182615,312.3,175
1719464205127,311.45,25
1719464205127,311.45,25
1719464205127,311.45,25
1719464208092,313.45,25
1719464208092,313.45,25
1719464209486,312.4,25
1719464210200,314.0,250
1719464210438,314.0,25
1719464210438,314.0,25
1719464212378,313.15,200
1719464212378,313.15,200
1719464214306,312.8,50
1719464214306,312.8,50
1719464214306,312.8,50
1719464216150,311.7,50
1719464216611,313.0,400
1719464216611,313.0,400
1719464217691,313.7,100
1719464217691,313.7,100
1719464218348,315.0,25
1719464219073,316.85,25
1719464219574,317.4,25
1719464219574,317.4,25
1719464220592,318.45,75
1719464220734,317.95,75
1719464221042,316.2,25
1719464221042,316.2,25
1719464222777,316.75,25
1719464222777,316.75,25
1719464223760,318.35,25
1719464223760,318.35,25
1719464225529,317.25,25
1719464225529,317.25,25
1719464226089,319.1,25
1719464226282,319.25,50
1719464228610,320.7,50
1719464228856,321.2,25
1719464229405,320.7,50
1719464229405,320.7,50
1719464230701,323.0,250
1719464230701,323.0,250
1719464232556,323.25,25
1719464232556,323.25,25
1719464233375,320.4,325
1719464233375,320.4,325
1719464234676,322.45,25
1719464234676,322.45,25
1719464236348,322.0,25
1719464236596,322.05,50
1719464237466,321.0,100
1719464237671,322.25,100
1719464237671,322.25,100
1719464238876,322.45,25
1719464238876,322.45,25
1719464240705,322.1,25
1719464240705,322.1,25
1719464240705,322.1,25
1719464240705,322.1,25
1719464244509,323.0,125
1719464245125,323.0,25
1719464245369,323.1,100
1719464245369,323.1,100
1719464246031,322.0,150
1719464246973,326.65,50
1719464247207,326.4,25
1719464248899,332.1,25
1719464248899,332.1,25
1719464249747,330.85,50
1719464250043,329.85,300
1719464250831,329.9,50
1719464251101,332.0,25
1719464251861,329.9,25
1719464252316,330.15,125
1719464252316,330.15,125
1719464253654,331.6,50
1719464253654,331.6,50
1719464254985,332.15,100
1719464254985,332.15,100
1719464256041,331.5,25
1719464256691,331.2,25
1719464256896,331.55,100
1719464257636,332.35,25
1719464257636,332.35,25
1719464259671,333.0,25
1719464260025,331.85,200
1719464260025,331.85,200
1719464261723,331.2,100
1719464262919,331.2,125
1719464263088,331.4,25
1719464263352,332.7,450
1719464264205,333.05,175
1719464264896,332.3,125
1719464264896,332.3,125
1719464266468,332.45,50
1719464266468,332.45,50
1719464267216,331.45,25
1719464268079,332.4,25
1719464268079,332.4,25
1719464269206,332.15,100
1719464269206,332.15,100
1719464269619,333.35,25
1719464270650,331.6,50
1719464270650,331.6,50
1719464271456,331.85,25
1719464271456,331.85,25
1719464271456,331.85,25
1719464272880,331.95,50
1719464272880,331.95,50
1719464274438,331.6,25
1719464275099,330.95,25
1719464275099,330.95,25
1719464291430,333.85,25
1719464292132,336.0,25
1719464292879,335.05,25
1719464293521,335.6,50
1719464293521,335.6,50
1719464294568,335.55,25
1719464294568,335.55,25
1719464295726,333.95,25
1719464296536,334.6,25
1719464297517,334.7,100
1719464297517,334.7,100
1719464298880,335.0,25
1719464299201,335.55,300
1719464299201,335.55,300
1719464299201,335.55,300
1719464300842,334.35,25
1719464300842,334.35,25
1719464301718,333.35,25
1719464301718,333.35,25
1719464303140,333.7,25
1719464303815,334.25,150
1719464303815,334.25,150
1719464304407,335.05,25
1719464305280,334.95,50
1719464305916,334.75,25
1719464305973,334.75,25
1719464305973,334.75,25
1719464307671,335.3,50
1719464307671,335.3,50
1719464308866,334.9,75
1719464309652,336.6,75
1719464309652,336.6,75
1719464310325,338.0,25
1719464310547,338.35,25
1719464311426,338.0,25
1719464311905,336.65,125
1719464312662,337.45,25
1719464312844,337.5,175
1719464312844,337.5,175
1719464314340,341.6,25
1719464314565,340.7,25
1719464315139,339.25,25
1719464315768,339.5,25
1719464316476,339.8,100
1719464316476,339.8,100
1719464317230,340.25,25
1719464317230,340.25,25
1719464318577,339.9,25
1719464318987,339.85,50
1719464319949,340.6,50
1719464319949,340.6,50
1719464320663,340.8,75
1719464321601,340.65,50
1719464321650,340.6,200
1719464322262,341.0,25
1719464323391,342.0,100
1719464324020,341.75,25
1719464324903,340.3,25
1719464325501,340.4,25
1719464325501,340.4,25
1719464326296,340.35,75
1719464326296,340.35,75
1719464327734,338.0,50
1719464327734,338.0,50
1719464328744,335.3,50
1719464328872,335.3,75
1719464329403,334.6,25
1719464329403,334.6,25
1719464331083,336.75,25
1719464366671,338.9,25
1719464366671,338.9,25
1719464368218,336.9,25
1719464368218,336.9,25
1719464368218,336.9,25
1719464370089,336.65,25
1719464370089,336.65,25
1719464370089,336.65,25
1719464370089,336.65,25
1719464376364,337.2,25
1719464378230,338.55,100
1719464378230,338.55,100
1719464379572,337.2,25
1719464379836,336.75,25
1719464379836,336.75,25
1719464380947,336.85,25
1719464380947,336.85,25
1719464382340,336.95,50
1719464382691,338.0,50
1719464383193,337.75,25
1719464383193,337.75,25
1719464384278,336.35,25
1719464384278,336.35,25
1719464386005,335.0,25
1719464386005,335.0,25
1719464386005,335.0,25
1719464386005,335.0,25
1719464387570,335.55,25
1719464387570,335.55,25
1719464390070,335.75,25
1719464390070,335.75,25
1719464392362,336.7,25
1719464392362,336.7,25
1719464393024,336.15,25
1719464393024,336.15,25
1719464394500,337.65,25
1719464394500,337.65,25
1719464394500,337.65,25
1719464397817,337.4,75
1719464397817,337.4,75
1719464398080,339.0,150
1719464398080,339.0,150
1719464398080,339.0,150
1719464400592,337.0,50
1719464401137,336.65,50
1719464401963,335.0,50
1719464402060,334.65,100
1719464402060,334.65,100
1719464403580,336.45,50
1719464404287,335.55,25
1719464404287,335.55,25
1719464404287,335.55,25
1719464406467,338.45,50
1719464406467,338.45,50
1719464407272,337.65,25
1719464407272,337.65,25
1719464408059,337.8,25
1719464408522,338.0,25
1719464409217,337.2,25
1719464409217,337.2,25
1719464410542,337.4,25
1719464410852,336.4,25
1719464410852,336.4,25
1719464412769,336.25,25
1719464412769,336.25,25
1719464413439,335.5,25
1719464413860,335.5,25
1719464413860,335.5,25
1719464414918,336.3,50
1719464415446,336.5,25
1719464415446,336.5,25
1719464416494,336.45,25
1719464416494,336.45,25
1719464416494,336.45,25
1719464418350,336.2,25
1719464418961,337.0,50
1719464418961,337.0,50
1719464419938,338.4,50
1719464419938,338.4,50
1719464419938,338.4,50
1719464421647,336.05,25
1719464421647,336.05,25
1719464423733,336.7,150
1719464423733,336.7,150
1719464423733,336.7,150
1719464425262,336.35,75
1719464425763,338.5,25
1719464426751,339.0,75
1719464426751,339.0,75
1719464427524,338.55,50
1719464427524,338.55,50
1719464427524,338.55,50
1719464427524,338.55,50
1719464430573,336.8,25
1719464430573,336.8,25
1719464431177,336.95,75
1719464431177,336.95,75
1719464432187,336.9,75
1719464432478,339.05,25
1719464432478,339.05,25
1719464435350,339.0,50
1719464435550,339.7,150
1719464435550,339.7,150
1719464436329,339.3,50
1719464436329,339.3,50
1719464438027,340.0,25
1719464438108,340.3,25
1719464438108,340.3,25
1719464439262,339.05,50
1719464439262,339.05,50
1719464440327,341.75,25
1719464440327,341.75,25
1719464441565,340.55,25
1719464441565,340.55,25
1719464441565,340.55,25
1719464441565,340.55,25
1719464441565,340.55,25
1719464447109,337.6,25
1719464447354,338.55,50
1719464447354,338.55,50
1719464448115,337.9,75
1719464448115,337.9,75
1719464449869,338.0,25
1719464449869,338.0,25
1719464453593,337.0,25
1719464453628,337.15,25
1719464458723,337.4,25
1719464459957,337.0,25
1719464459957,337.0,25
1719464461142,335.7,25
1719464461405,335.0,25
1719464461405,335.0,25
1719464462849,334.2,75
1719464462849,334.2,75
1719464464627,332.5,25
1719464464627,332.5,25
1719464465667,331.2,25
1719464465667,331.2,25
1719464466755,333.35,25
1719464466939,333.85,25
1719464466939,333.85,25
1719464468207,332.8,25
1719464468207,332.8,25
1719464469716,334.05,25
1719464470461,333.95,75
1719464470461,333.95,75
1719464470461,333.95,75
1719464472361,335.1,25
1719464472361,335.1,25
1719464473636,335.7,100
1719464473636,335.7,100
1719464475068,335.75,25
1719464475068,335.75,25
1719464475068,335.75,25
1719464477206,335.3,50
1719464477925,335.0,75
1719464477925,335.0,75
1719464477925,335.0,75
1719464477925,335.0,75
1719464480728,332.85,25
1719464480990,333.0,125
1719464480990,333.0,125
1719464482005,331.5,100
1719464482207,332.8,25
1719464482917,333.6,25
1719464482917,333.6,25
1719464482917,333.6,25
1719464482917,333.6,25
1719464482917,333.6,25
1719464488660,332.75,150
1719464488660,332.75,150
1719464488660,332.75,150
1719464488660,332.75,150
1719464490661,333.0,50
1719464490661,333.0,50
1719464491103,333.6,50
1719464491103,333.6,50
1719464491103,333.6,50
1719464492946,332.55,25
1719464492946,332.55,25
1719464493869,332.35,50
1719464494594,331.5,25
1719464494594,331.5,25
1719464494594,331.5,25
1719464496426,332.9,25
1719464496426,332.9,25
1719464496426,332.9,25
1719464498099,334.0,75
1719464498099,334.0,75
1719464499803,335.6,25
1719464499803,335.6,25
1719464500956,335.8,100
1719464501478,336.75,50
1719464501478,336.75,50
1719464502887,334.55,25
1719464503973,335.7,75
1719464504542,333.9,25
1719464504542,333.9,25
1719464504542,333.9,25
1719464504542,333.9,25
1719464504542,333.9,25
1719464504542,333.9,25
1719464510431,331.8,25
1719464510431,331.8,25
1719464510431,331.8,25
1719464510431,331.8,25
1719464514223,332.8,125
1719464514223,332.8,125
1719464515316,332.4,50
1719464515316,332.4,50
1719464516371,331.7,25
1719464516371,331.7,25
1719464517098,331.95,25
1719464517860,331.75,350
1719464517860,331.75,350
1719464519691,331.05,50
1719464519691,331.05,50
1719464519691,331.05,50
1719464519691,331.05,50
1719464521944,328.8,25
1719464522541,327.6,25
1719464523231,328.0,225
1719464523954,326.5,200
1719464524282,325.55,875
1719464524282,325.55,875
1719464526025,327.3,50
1719464526025,327.3,50
1719464527085,327.8,75
1719464527636,329.35,50
1719464527636,329.35,50
1719464529256,328.75,125
1719464529256,328.75,125
1719464530666,327.8,25
1719464530666,327.8,25
1719464531562,329.15,25
1719464531750,329.4,25
1719464531750,329.4,25
1719464531750,329.4,25
1719464536153,327.65,25
1719464536153,327.65,25
1719464536153,327.65,25
1719464536153,327.65,25
1719464539172,327.5,25
1719464539517,327.5,50
1719464539517,327.5,50
1719464539517,327.5,50
1719464542818,327.65,25
1719464542818,327.65,25
1719464544269,326.55,75
1719464544377,325.75,50
1719464544377,325.75,50
1719464545933,324.9,25
1719464546061,325.25,125
1719464546357,324.35,25
1719464546357,324.35,25
1719464546357,324.35,25
1719464548890,325.05,100
1719464549173,325.0,50
1719464549173,325.0,50
1719464563627,324.5,25
1719464563627,324.5,25
1719464565081,322.95,25
1719464565081,322.95,25
1719464566245,323.55,25
1719464566343,323.55,25
1719464566343,323.55,25
1719464567547,323.15,25
1719464567547,323.15,25
1719464567547,323.15,25
1719464570475,323.35,25
1719464570475,323.35,25
1719464571915,323.45,50
1719464571915,323.45,50
1719464573005,323.25,125
1719464573881,323.8,25
1719464573881,323.8,25
1719464574329,323.9,25
1719464574329,323.9,25
1719464576056,323.0,300
1719464576056,323.0,300
1719464576056,323.0,300
1719464584104,324.4,75
1719464584104,324.4,75
1719464588457,323.0,250
1719464589054,321.0,50
1719464589333,321.6,750
1719464589333,321.6,750
1719464590899,317.0,25
1719464590899,317.0,25
1719464590899,317.0,25
1719464592020,314.65,25
1719464592675,314.35,75
1719464592824,313.95,225
1719464592824,313.95,225
1719464592824,313.95,225
1719464594624,314.75,25
1719464595108,316.2,25
1719464595108,316.2,25
1719464595108,316.2,25
1719464596730,316.55,25
1719464597542,316.2,25
1719464597542,316.2,25
1719464598507,315.65,75
1719464598507,315.65,75
1719464598507,315.65,75
1719464599671,311.6,25
1719464599743,311.45,25
1719464599743,311.45,25
1719464601025,310.0,25
1719464601804,303.85,25
1719464601990,304.7,25
1719464602572,303.05,25
1719464602572,303.05,25
1719464603313,303.65,25
1719464604096,302.9,25
1719464604200,302.85,25
1719464605089,303.6,25
1719464605572,304.15,25
1719464606016,304.35,50
1719464606265,304.2,25
1719464607106,299.15,25
1719464607405,294.0,25
1719464607932,295.45,125
1719464608391,295.65,25
1719464609062,294.05,25
1719464609409,293.6,25
1719464610118,288.15,25
1719464610350,288.8,25
1719464610774,288.25,100
1719464611166,288.95,75
1719464611878,279.25,25
1719464611940,277.75,25
1719464611940,277.75,25
1719464612235,272.1,25
1719464626213,280.85,25
1719464626973,279.9,25
1719464627396,279.65,25
1719464628004,278.95,50
1719464628222,279.55,25
1719464629074,287.1,50
1719464629457,286.5,25
1719464629945,286.15,25
1719464630471,287.25,75
1719464631104,284.75,25
1719464631434,284.4,150
1719464632108,286.2,75
1719464632108,286.2,75
1719464632966,283.55,25
1719464632966,283.55,25
1719464633996,281.95,25
1719464634201,281.75,25
1719464635140,275.85,75
1719464635610,276.0,25
1719464636098,273.2,50
1719464636098,273.2,50
1719464637020,271.85,25
1719464637315,269.6,75
1719464638090,273.1,25
1719464638090,273.1,25
1719464639483,273.9,25
1719464640109,274.15,100
1719464640409,274.3,25
1719464640972,274.1,100
1719464641226,272.3,50
1719464642066,271.75,150
1719464642412,272.15,25
1719464642805,273.95,25
1719464642805,273.95,25
1719464643918,276.1,25
1719464643918,276.1,25
1719464643918,276.1,25
1719464646001,275.25,25
1719464646345,275.75,25
1719464647170,281.6,200
1719464647448,280.45,25
1719464647775,281.75,50
1719464648578,282.95,25
1719464648578,282.95,25
1719464650118,280.3,25
1719464650445,279.7,75
1719464651358,276.1,125
1719464652009,276.65,100
1719464653058,277.95,25
1719464653058,277.95,25
1719464654149,275.0,25
1719464654919,276.65,250
1719464655037,276.4,125
1719464655384,275.75,50
1719464655384,275.75,50
1719464657080,274.45,25
1719464657360,276.05,25
1719464657656,275.8,25
1719464657656,275.8,25
1719464658901,276.55,50
1719464659935,280.05,25
1719464660108,281.35,50
1719464661315,280.55,25
1719464661647,280.65,25
1719464661647,280.65,25
1719464662646,280.75,25
1719464664030,277.35,25
1719464664229,278.05,75
1719464665069,272.6,25
1719464665069,272.6,25
1719464665793,276.5,50
1719464666467,276.1,25
1719464666467,276.1,25
1719464668006,275.85,25
1719464668006,275.85,25
1719464668909,274.35,25
1719464668909,274.35,25
1719464669756,275.2,25
1719464670502,277.9,25
1719464670502,277.9,25
1719464672168,280.0,125
1719464672896,281.6,25
1719464672896,281.6,25
1719464673820,280.75,50
1719464673820,280.75,50
1719464675856,281.15,25
1719464676124,281.35,25
1719464677015,281.0,25
1719464678049,281.2,25
1719464678249,281.15,125
1719464678889,279.85,75
1719464678889,279.85,75
1719464680072,278.85,25
1719464680203,278.7,25
1719464681205,276.0,50
1719464681205,276.0,50
1719464682275,278.75,25
1719464682275,278.75,25
1719464682579,278.65,25
1719464683500,277.45,25
1719464684001,278.35,50
1719464684875,279.5,100
1719464684875,279.5,100
1719464685665,278.7,25
1719464687150,278.05,25
1719464687150,278.05,25
1719464688116,274.75,125
1719464688116,274.75,125
1719464689397,277.6,25
1719464689711,278.25,100
1719464689711,278.25,100
1719464689711,278.25,100
1719464691501,273.25,100
1719464692004,274.05,25
1719464692004,274.05,25
1719464694151,272.0,125
1719464695113,271.05,50
1719464695851,269.8,25
1719464695851,269.8,25
1719464697178,269.25,50
1719464697787,269.6,100
1719464702928,259.85,25
1719464703361,261.35,25
1719464704067,261.7,25
1719464704643,257.65,175
1719464704832,259.9,50
1719464712169,270.0,100
1719464713016,268.0,75
1719464713538,269.65,25
1719464714165,267.3,25
1719464714241,268.65,25
1719464714241,268.65,25
1719464716120,272.6,25
1719464716909,272.7,50
1719464717066,272.7,25
1719464717066,272.7,25
1719464719271,271.7,25
1719464719271,271.7,25
1719464719271,271.7,25
1719464721078,269.0,25
1719464721465,269.65,75
1719464722328,267.5,75
1719464723090,266.7,25
1719464723598,265.45,25
1719464724140,267.2,25
1719464724277,266.75,25
1719464725236,268.2,25
1719464725854,266.35,25
1719464725854,266.35,25
1719464726911,267.1,100
1719464726911,267.1,100
1719464728195,265.4,25
1719464728195,265.4,25
1719464729067,264.1,50
1719464729506,265.55,25
1719464729506,265.55,25
1719464730348,268.75,50
1719464730348,268.75,50
1719464732940,267.45,50
1719464733104,269.2,25
1719464733534,270.0,100
1719464734059,269.7,25
1719464734689,268.8,25
1719464734689,268.8,25
1719464736184,268.1,25
1719464737156,268.9,25
1719464737156,268.9,25
1719464738194,270.0,25
1719464738194,270.0,25
1719464739119,271.0,25
1719464739119,271.0,25
1719464740143,269.3,25
1719464741062,271.9,75
1719464742090,271.6,25
1719464742090,271.6,25
1719464742550,270.15,75
1719464742550,270.15,75
1719464744229,271.45,25
1719464744229,271.45,25
1719464745162,271.2,25
1719464745533,270.3,25
1719464746144,271.05,25
1719464746363,270.8,50
1719464747037,271.9,25
1719464747037,271.9,25
1719464748144,271.55,50
1719464748786,271.9,25
1719464748786,271.9,25
1719464749801,274.65,25
1719464749801,274.65,25
1719464750930,274.4,25
1719464750930,274.4,25
1719464751715,275.45,25
1719464752400,274.25,25
1719464753129,274.65,25
1719464753129,274.65,25
1719464754403,275.75,25
1719464755165,275.7,25
1719464756020,277.95,100
1719464756020,277.95,100
1719464756817,280.0,25
1719464757393,279.3,100
1719464758008,278.2,25
1719464758684,278.55,100
1719464775278,276.75,250
1719464775278,276.75,250
1719464776577,276.05,25
1719464777103,275.05,100
1719464777103,275.05,100
1719464778101,274.4,300
1719464778101,274.4,300
1719464779404,274.65,25
1719464779404,274.65,25
1719464780053,275.85,200
1719464781322,275.05,75
1719464781322,275.05,75
1719464781322,275.05,75
1719464785081,277.55,75
1719464785081,277.55,75
1719464785081,277.55,75
1719464786383,279.8,25
1719464787003,281.0,200
1719464787337,281.25,100
1719464787666,281.6,25
1719464788769,281.25,50
1719464788769,281.25,50
1719464789783,279.35,100
1719464789783,279.35,100
1719464789783,279.35,100
1719464790912,280.25,50
1719464790912,280.25,50
1719464807684,280.15,75
1719464810284,278.15,325
1719464810284,278.15,325
1719464811221,277.55,25
1719464811221,277.55,25
1719464812060,276.35,50
1719464812853,275.15,50
1719464812853,275.15,50
1719464813827,276.15,100
1719464814494,276.55,25
1719464816091,277.7,25
1719464816091,277.7,25
1719464816091,277.7,25
1719464816091,277.7,25
1719464818812,275.6,25
1719464819095,276.5,50
1719464819885,276.3,25
1719464819885,276.3,25
1719464819885,276.3,25
1719464821192,276.2,25
1719464821192,276.2,25
1719464822259,279.45,25
1719464822384,280.3,25
1719464823185,278.3,100
1719464823185,278.3,100
1719464825388,275.55,100
1719464825388,275.55,100
1719464826393,275.55,25
1719464826787,275.25,25
1719464826787,275.25,25
1719464827658,275.45,25
1719464827658,275.45,25
1719464827658,275.45,25
1719464830303,280.55,25
1719464830428,281.2,100
1719464831207,285.0,25
1719464831207,285.0,25
1719464832786,287.2,25
1719464833259,285.8,50
1719464833259,285.8,50
1719464833646,285.7,25
1719464833646,285.7,25
1719464835024,283.55,25
1719464835534,283.55,25
1719464836059,281.65,25
1719464836796,282.2,125
1719464836796,282.2,125
1719464837996,282.35,25
1719464837996,282.35,25
1719464839417,283.2,25
1719464839582,283.55,25
1719464840088,284.4,25
1719464840088,284.4,25
1719464840982,283.95,175
1719464841371,284.15,175
1719464841371,284.15,175
1719464843208,283.9,25
1719464843344,284.7,50
1719464844146,284.95,25
1719464844396,283.85,25
1719464845093,284.7,175
1719464845093,284.7,175
1719464846095,285.75,25
1719464846527,286.0,50
1719464846527,286.0,50
1719464848529,283.8,25
1719464849242,286.25,100
1719464849611,286.0,200
1719464849611,286.0,200
1719464850207,285.8,25
1719464850877,285.5,125
1719464850877,285.5,125
1719464852069,286.05,25
1719464852069,286.05,25
1719464852775,286.0,25
1719464852775,286.0,25
1719464854440,287.55,25
1719464854440,287.55,25
