time,price,volume
1719461503705,11.2,500
1719461503951,11.3,25
1719461504698,11.2,250
1719461505152,11.15,25
1719461505335,11.2,50
1719461505695,11.2,25
1719461506322,11.25,100
1719461506592,11.25,100
1719461507759,11.1,275
1719461507899,11.15,50
1719461508700,11.1,200
1719461508972,11.1,50
1719461509707,11.0,350
1719461510120,11.05,25
1719461510858,11.1,25
1719461511157,11.05,50
1719461511513,11.1,25
1719461511707,11.0,25
1719461512455,11.05,375
1719461512713,11.15,25
1719461513584,11.0,300
1719461513665,11.1,25
1719461514582,10.9,150
1719461514893,10.95,50
1719461515691,10.9,25
1719461515998,10.75,25
1719461516665,10.55,25
1719461517167,10.7,275
1719461517890,10.95,75
1719461518174,11.0,125
1719461518688,11.05,200
1719461519396,11.15,500
1719461519580,11.1,25
1719461520030,11.1,25
1719461520400,11.25,300
1719461520912,11.05,125
1719461521397,11.05,125
1719461521709,11.1,25
1719461522537,11.2,25
1719461522716,11.2,25
1719461523528,11.0,75
1719461523884,11.1,250
1719461524571,11.15,50
1719461524656,11.15,25
1719461525599,11.1,150
1719461525710,11.15,25
1719461526809,11.35,75
1719461526903,11.45,1050
1719461527670,11.6,25
1719461527803,11.65,75
1719461528606,11.65,200
1719461528923,11.6,500
1719461529686,11.55,50
1719461529981,11.5,25
1719461530897,11.6,25
1719461531188,11.65,25
1719461531348,11.6,25
1719461531665,11.6,325
1719461532568,11.55,25
1719461532718,11.55,25
1719461533551,11.6,325
1719461533766,11.55,250
1719461534601,11.5,75
1719461534716,11.55,25
1719461535449,11.6,25
1719461535658,11.6,50
1719461536652,11.55,850
1719461536825,11.6,775
1719461537721,11.6,25
1719461537813,11.5,25
1719461538767,11.55,25
1719461539687,11.7,125
1719461540025,11.75,25
1719461540410,11.75,75
1719461540712,11.85,25
1719461541837,11.9,225
1719461541837,11.9,225
1719461542708,11.85,1500
1719461542814,11.85,50
1719461543691,11.95,1300
1719461544000,12.0,25
1719461544717,11.9,200
1719461545019,11.95,450
1719461545732,12.15,1300
1719461546193,12.3,125
1719461546324,12.2,50
1719461546719,12.15,25
1719461547455,12.05,25
1719461547920,11.95,125
1719461548437,12.0,25
1719461548718,11.8,100
1719461549635,12.0,25
1719461549678,12.0,25
1719461550079,11.9,25
1719461550630,11.9,25
1719461550903,11.95,25
1719461551711,12.0,25
1719461552672,12.05,1575
1719461552817,12.0,875
1719461553811,12.0,200
1719461554718,11.95,250
1719461554798,11.9,50
1719461555720,11.85,200
1719461556030,11.9,25
1719461556739,11.85,25
1719461556998,11.95,25
1719461557694,11.85,25
1719461558045,11.7,50
1719461558646,11.7,100
1719461559026,11.7,25
1719461559718,11.75,25
1719461560221,11.75,25
1719461560376,11.8,25
1719461560672,11.7,50
1719461561457,11.75,125
1719461561693,11.75,25
1719461562458,11.9,150
1719461562527,11.85,100
1719461563641,12.0,150
1719461563927,12.1,25
1719461564718,12.15,75
1719461565714,12.15,700
1719461565747,12.15,200
1719461566706,12.1,25
1719461566826,12.0,25
1719461567689,12.15,375
1719461567870,12.1,25
1719461568698,12.05,175
1719461568746,12.05,25
1719461569680,12.05,125
1719461569948,12.15,50
1719461570724,12.15,300
1719461571261,12.0,25
1719461571445,11.85,25
1719461571939,11.85,25
1719461572732,11.9,200
1719461573675,11.95,100
1719461574727,12.0,150
1719461574869,12.05,200
1719461575523,12.05,1175
1719461575802,12.05,25
1719461576680,11.8,125
1719461577083,11.85,25
1719461577708,11.9,25
1719461578268,11.85,25
1719461578717,11.85,375
1719461579267,11.85,25
1719461579494,11.8,75
1719461579679,11.85,25
1719461580055,11.75,25
1719461580670,11.75,125
1719461580709,11.8,25
1719461581669,11.8,50
1719461581947,11.8,500
1719461582734,11.8,100
1719461583693,11.75,25
1719461583832,11.75,125
1719461584679,11.85,25
1719461585065,11.85,25
1719461585723,12.0,25
1719461586260,12.05,25
1719461586458,12.15,125
1719461586715,12.2,75
1719461587738,12.15,25
1719461588675,12.35,25
1719461589743,12.3,75
1719461589820,12.35,100
1719461590628,12.45,625
1719461591087,12.55,75
1719461591715,12.5,100
1719461592051,12.6,75
1719461592739,12.45,150
1719461593090,12.55,25
1719461593946,12.3,25
1719461594256,12.35,50
1719461594506,12.25,200
1719461594732,12.15,100
1719461595713,12.15,25
1719461595877,12.15,25
1719461596732,12.05,25
1719461596894,12.05,25
1719461597571,12.05,75
1719461598671,12.15,100
1719461598886,12.1,50
1719461599736,12.1,250
1719461599992,12.1,175
1719461600728,12.0,50
1719461600900,12.05,125
1719461601637,11.95,25
1719461602284,12.15,25
1719461602564,12.05,25
1719461603246,12.2,50
1719461603598,12.15,100
1719461603939,12.2,25
1719461604722,12.2,275
1719461605731,11.95,50
1719461605884,12.0,100
1719461606735,12.05,25
1719461607647,12.3,925
1719461608743,12.3,25
1719461608796,12.25,25
1719461609765,12.15,200
1719461609914,12.1,25
1719461610085,12.2,100
1719461610698,12.3,250
1719461611691,12.15,125
1719461611815,12.15,25
1719461612438,12.2,125
1719461613607,12.2,250
1719461613905,12.25,100
1719461614629,12.3,325
1719461615110,12.25,25
1719461615435,12.3,25
1719461615993,12.2,25
1719461616749,12.15,25
1719461617259,12.2,350
1719461617259,12.2,350
1719461617734,12.2,1300
1719461618675,12.3,25
1719461619615,12.05,150
1719461620727,12.0,25
1719461620927,11.95,25
1719461621593,12.05,50
1719461621926,11.9,150
1719461622761,12.05,25
1719461622928,12.0,75
1719461623735,11.9,425
1719461623871,11.9,25
1719461624730,11.65,25
1719461624915,11.55,25
1719461625971,11.55,25
1719461626342,11.6,25
1719461626643,11.7,25
1719461627128,11.65,25
1719461627737,11.45,25
1719461628342,11.35,50
1719461628538,11.25,75
1719461628667,11.3,50
1719461629690,11.35,25
1719461629690,11.35,25
1719461630758,11.35,200
1719461630930,11.35,25
1719461631757,11.5,50
1719461632068,11.65,1500
1719461632748,11.5,75
1719461632900,11.45,50
1719461633662,11.65,25
1719461634083,11.55,325
1719461634703,11.6,100
1719461635123,11.65,25
1719461635710,11.65,1250
1719461635971,11.6,25
1719461636645,11.65,50
1719461637131,11.65,25
1719461637749,11.65,225
1719461638306,11.6,25
1719461638532,11.6,50
1719461638661,11.65,25
1719461639722,11.6,450
1719461639951,11.6,25
1719461640062,11.55,25
1719461640774,11.6,250
1719461641667,11.75,50
1719461641950,11.75,150
1719461642750,11.65,25
1719461643754,11.65,25
1719461643922,11.7,200
1719461644690,11.75,50
1719461644962,11.8,25
1719461645691,11.85,275
1719461645957,11.9,75
1719461646736,11.8,25
1719461647109,11.65,25
1719461647732,11.8,75
1719461648065,11.9,25
1719461648674,11.75,75
1719461648869,11.75,225
1719461649693,11.8,25
1719461650341,11.9,25
1719461650732,11.8,25
1719461651374,11.75,75
1719461651669,11.75,25
1719461652755,11.65,75
1719461652956,11.4,75
1719461653753,11.5,50
1719461654153,11.5,25
1719461654691,11.45,125
1719461655078,11.5,25
1719461655841,11.55,75
1719461656718,11.4,100
1719461656825,11.45,25
1719461657907,11.4,25
1719461658171,11.5,50
1719461658740,11.6,25
1719461659310,11.65,50
1719461659532,11.75,25
1719461659743,11.8,675
1719461660376,11.9,25
1719461661692,12.0,25
1719461661890,12.05,350
1719461662747,12.2,50
1719461662960,12.2,75
1719461663786,12.1,25
1719461664195,12.05,50
1719461664788,12.15,175
1719461665365,12.1,25
1719461665583,12.05,25
1719461665718,12.05,25
1719461666963,12.05,25
1719461667790,12.0,25
1719461667985,11.95,25
1719461668746,12.05,50
1719461669115,12.0,250
1719461669783,11.95,150
1719461670054,11.95,25
1719461670774,12.1,25
1719461670988,12.05,900
1719461671747,12.0,25
1719461672209,12.05,25
1719461672745,12.05,25
1719461673190,11.95,25
1719461673794,11.85,25
1719461674386,11.95,1250
1719461674810,11.95,150
1719461675777,11.85,25
1719461675910,11.75,375
1719461676748,11.75,25
1719461677205,11.6,50
1719461677799,11.65,25
1719461678161,11.8,100
1719461678766,11.85,25
1719461679010,11.9,50
1719461679597,11.95,350
1719461679779,11.9,175
1719461680754,11.95,25
1719461681769,11.75,25
1719461682016,11.6,650
1719461682795,11.7,25
1719461683947,11.45,100
1719461684793,11.45,650
1719461685168,11.5,75
1719461685738,11.5,25
1719461686219,11.4,25
1719461686812,11.4,75
1719461687731,11.5,25
1719461687917,11.55,75
1719461688810,11.6,25
1719461688970,11.65,25
1719461689772,11.45,25
1719461690033,11.5,25
1719461690744,11.35,75
1719461690810,11.35,25
1719461691804,11.35,50
1719461692810,11.45,100
1719461692966,11.45,125
1719461693718,11.45,75
1719461694180,11.4,475
1719461694770,11.4,50
1719461695234,11.35,75
1719461695974,11.5,100
1719461696442,11.55,25
1719461696780,11.45,50
1719461697816,11.45,1500
1719461697816,11.45,1500
1719461698818,11.7,25
1719461699055,11.8,25
1719461699812,11.65,25
1719461700214,11.45,275
1719461700789,11.4,75
1719461701446,11.3,200
1719461701788,11.25,50
1719461702463,11.15,25
1719461703016,11.35,50
1719461703619,11.35,100
1719461703983,11.35,125
1719461704659,11.3,25
1719461704817,11.25,50
1719461705808,11.5,25
1719461705869,11.45,100
1719461706762,11.45,200
1719461707256,11.65,25
1719461707964,11.85,25
1719461708449,11.75,200
1719461708681,11.65,775
1719461708819,11.65,25
1719461709820,11.6,50
1719461710802,11.4,25
1719461711051,11.3,225
1719461711804,11.4,25
1719461712231,11.5,25
1719461712980,11.45,25
1719461713347,11.55,75
1719461713723,11.7,400
1719461714772,11.6,25
1719461715834,11.6,300
1719461715888,11.55,125
1719461716762,11.55,25
1719461717031,11.5,25
1719461717790,11.55,75
1719461718272,11.45,25
1719461718719,11.5,25
1719461719282,11.5,25
1719461719775,11.15,25
1719461720477,11.15,25
1719461720694,11.15,25
1719461720694,11.15,25
1719461721831,11.1,25
1719461721888,11.1,25
1719461722885,11.15,100
1719461723886,11.1,100
1719461724778,11.1,100
1719461725030,11.0,250
1719461725825,11.05,25
1719461726162,11.1,125
1719461726830,11.05,50
1719461727464,11.15,25
1719461727816,11.05,25
1719461727816,11.05,25
1719461728822,11.05,25
1719461729092,11.15,25
1719461729737,10.95,75
1719461730080,10.9,25
1719461730803,10.9,75
1719461731225,11.0,25
1719461731833,10.7,225
1719461732302,10.35,175
1719461733020,10.35,25
1719461733496,10.5,50
1719461733845,10.4,25
1719461734700,10.2,25
1719461734830,10.3,150
1719461735872,10.2,1000
1719461736037,10.2,175
1719461736828,10.3,200
1719461737117,10.3,175
1719461737832,10.4,75
1719461738299,10.45,25
1719461738779,10.35,250
1719461739512,10.45,25
1719461739820,10.4,50
1719461740711,10.5,75
1719461740797,10.45,25
1719461741670,10.55,50
1719461742045,10.5,50
1719461742841,10.65,25
1719461743101,10.6,25
1719461743795,10.65,50
1719461744018,10.6,25
1719461744802,10.6,25
1719461745249,10.6,25
1719461745757,10.7,250
1719461746520,10.65,100
1719461746816,10.7,75
1719461747295,10.5,400
1719461747941,10.55,25
1719461748526,10.55,25
1719461748826,10.55,100
1719461749747,10.6,25
1719461749792,10.6,50
1719461750814,10.4,25
1719461751125,10.45,375
1719461751824,10.35,25
1719461751923,10.35,25
1719461753036,10.4,50
1719461753834,10.45,200
1719461754335,10.5,375
1719461754844,10.5,25
1719461755332,10.4,850
1719461756051,10.4,25
1719461756494,10.35,25
1719461756643,10.35,25
1719461756849,10.35,375
1719461757825,10.35,25
1719461757883,10.3,200
1719461758845,10.3,100
1719461758922,10.3,25
1719461760097,10.35,275
1719461760342,10.35,25
1719461760844,10.2,275
1719461761298,10.25,250
1719461761840,10.2,175
1719461762320,10.2,50
1719461762851,10.1,50
1719461763531,10.2,225
1719461768341,10.2,25
1719461769065,10.2,75
1719461769476,10.15,175
1719461769747,10.15,775
1719461769839,10.15,25
1719461770747,10.05,25
1719461771724,10.1,275
1719461772040,10.2,100
1719461772854,10.1,25
1719461772893,10.1,25
1719461773828,10.2,50
1719461773923,10.25,225
1719461775042,10.15,75
1719461775144,10.15,25
1719461775731,10.15,1700
1719461776311,10.15,25
1719461776791,10.2,650
1719461777126,10.15,75
1719461777768,10.2,250
1719461778352,10.2,175
1719461779023,10.15,75
1719461779543,10.2,450
1719461788854,9.7,175
1719461789174,9.7,25
1719461789810,9.65,50
1719461792820,9.85,600
1719461793327,9.85,175
1719461794063,9.75,25
1719461794573,9.85,25
1719461794820,9.75,25
1719461794885,9.8,650
1719461795742,9.8,50
1719461795993,9.85,1000
1719461797037,9.8,25
1719461797842,9.7,250
1719461798180,9.7,25
1719461798853,9.65,25
1719461799196,9.7,25
1719461799992,9.7,300
1719461800094,9.8,25
1719461800848,9.75,25
1719461801185,9.7,50
1719461801783,9.7,50
1719461802383,9.7,25
1719461802864,9.7,25
1719461803373,9.7,25
1719461804022,9.55,50
1719461812863,9.75,500
1719461813386,9.65,25
1719461813884,9.65,200
1719461814416,9.6,300
1719461814870,9.7,50
1719461817900,9.7,50
1719461818105,9.8,25
1719461818883,9.75,250
1719461861832,9.95,25
1719461862072,9.95,50
1719461862819,10.05,50
1719461862897,10.05,50
1719461863899,10.1,250
1719461864083,10.05,700
1719461864845,10.0,25
1719461865015,10.05,250
1719461865884,9.95,550
1719461873090,10.05,325
1719461873297,10.1,50
1719461873839,10.15,25
1719461874488,10.2,500
1719461874911,10.2,125
1719461875648,10.15,25
1719461875816,10.2,25
1719461876098,10.15,450
1719461876895,10.25,25
1719461877087,10.2,25
1719461877849,10.15,25
1719461878262,10.15,25
1719461878912,10.2,500
1719461880133,10.1,25
1719461880897,10.0,25
1719461881317,10.1,25
1719461881907,10.2,25
1719461882497,10.25,25
1719461883096,10.15,25
1719461883725,10.2,50
1719461883789,10.2,125
1719461884910,10.15,350
1719461885912,10.1,25
1719461886122,10.15,25
1719461886913,10.15,50
1719461887887,10.15,25
1719461888111,10.2,200
1719461888925,10.15,25
1719461889034,10.1,825
1719461889908,10.2,75
1719461890321,10.15,50
1719461890894,10.2,25
1719461891333,10.2,25
1719461891893,10.15,25
1719461892503,10.25,25
1719461893108,10.25,75
1719461893513,10.2,150
1719461893861,10.2,25
1719461894710,10.2,25
1719461894843,10.2,150
1719461895845,10.2,25
1719461896134,10.2,25
1719461896799,10.15,25
1719461897291,10.15,50
1719461898101,10.2,225
1719461898295,10.2,25
1719461898942,10.25,75
1719461899278,10.2,25
1719461899914,10.25,100
1719461900308,10.25,100
1719461900920,10.25,50
1719461901130,10.2,50
1719461901910,10.15,50
1719461902338,10.15,350
1719461902933,10.15,25
1719461903334,10.15,375
1719461904124,10.15,425
1719461904554,10.15,200
1719461904937,10.25,200
1719461905758,10.3,50
1719461905929,10.3,50
1719461906789,10.35,125
1719461907101,10.35,25
1719461907869,10.25,200
1719461908368,10.3,25
1719461908954,10.35,25
1719461909346,10.35,25
1719461909864,10.3,100
1719461909864,10.3,100
1719461910145,10.25,25
1719461910868,10.45,25
1719461911363,10.65,50
1719461912138,10.55,100
1719461912549,10.5,450
1719461912947,10.5,25
1719461913548,10.5,700
1719461913961,10.55,25
1719461915152,10.65,25
1719461915945,10.6,25
1719461916131,10.65,500
1719461916833,10.7,25
1719461917360,10.6,625
1719461917926,10.6,50
1719461918367,10.6,50
1719461918927,10.65,50
1719461919303,10.6,325
1719461919943,10.65,25
1719461920368,10.6,150
1719461921131,10.5,25
1719461921578,10.45,25
1719461921883,10.45,25
1719461922779,10.55,25
1719461922987,10.6,950
1719461923916,10.55,25
1719461924161,10.55,25
1719461924878,10.55,25
1719461925542,10.5,25
1719461925932,10.45,25
1719461926690,10.4,25
1719461926945,10.5,25
1719461927752,10.5,25
1719461927933,10.5,25
1719461928739,10.4,400
1719461928997,10.5,100
1719461930159,10.45,25
1719461930939,10.4,200
1719461931397,10.4,25
1719461931857,10.45,200
1719461932598,10.5,25
1719461932921,10.45,50
1719461933593,10.5,25
1719461933906,10.45,50
1719461934796,10.45,300
1719461934952,10.45,225
1719461934984,10.45,25
1719461936057,10.45,25
1719461936946,10.6,25
1719461937344,10.6,25
1719461937922,10.5,50
1719461938580,10.5,100
1719461938905,10.55,100
1719461939565,10.4,50
1719461940091,10.45,25
1719461940805,10.3,200
1719461941161,10.4,25
1719461941816,10.45,25
1719461941955,10.45,25
1719461943012,10.35,50
1719461944116,10.4,25
1719461944116,10.4,25
1719461944957,10.35,25
1719461945157,10.4,25
1719461945917,10.3,25
1719461946206,10.25,125
1719461946964,10.2,25
1719461947089,10.25,25
1719461947788,10.2,25
1719461948386,10.15,25
1719461948882,10.2,25
1719461949615,10.2,125
1719461950154,10.15,225
1719461950805,10.15,275
1719461950938,10.15,25
1719461952030,10.1,150
1719461952894,10.15,25
1719461953100,10.1,50
1719461953861,10.15,25
1719461954202,10.15,25
1719461954944,10.4,50
1719461955168,10.3,25
1719461956069,10.1,100
1719461956625,10.15,25
1719461956946,10.15,250
1719461957632,10.1,1000
1719461957900,10.05,25
1719461958832,9.95,100
1719461958950,9.95,25
1719461959047,9.9,25
1719461959946,9.85,50
1719461960248,9.65,50
1719461960935,9.65,1000
1719461961446,9.4,25
1719461961956,9.4,50
1719461962641,9.5,25
1719461963161,9.3,25
1719461963642,9.4,25
1719461963911,9.4,175
1719461964837,9.5,25
1719461964959,9.4,150
1719461965048,9.4,75
1719461965900,9.45,25
1719461966255,9.55,25
1719461967176,9.55,25
1719461967176,9.55,25
1719461967955,9.7,25
1719461968435,9.65,25
1719461968932,9.55,25
1719461969631,9.45,25
1719461970080,9.55,25
1719461970558,9.5,600
1719461970932,9.5,25
1719461971655,9.55,25
1719461971958,9.45,25
1719461972872,9.6,25
1719461972960,9.6,25
1719461973965,9.6,675
1719461974060,9.6,25
1719461974970,9.6,50
1719461975073,9.6,400
1719461975976,9.55,100
1719461976230,9.55,50
1719461976965,9.5,50
1719461977628,9.45,50
1719461978175,9.5,25
1719461978858,9.55,100
1719461978923,9.55,300
1719461979949,9.4,50
1719461980054,9.45,25
1719461980962,9.45,50
1719461981174,9.4,25
1719461981850,9.5,650
1719461982456,9.4,450
1719461982940,9.35,25
1719461983477,9.3,25
1719461983944,9.25,25
1719461984652,9.15,300
1719461984906,9.1,250
1719461985819,9.2,25
1719461986194,9.25,375
1719461986823,9.2,25
1719461986953,9.2,250
1719461987046,9.15,50
1719461987931,9.3,25
1719461988464,9.3,25
1719461988920,9.2,100
1719461989381,9.15,100
1719461989822,9.25,50
1719461990481,9.25,175
1719461990937,9.2,250
1719461991248,9.25,425
1719461992145,9.2,350
1719461992610,9.3,225
1719461992920,9.25,75
1719461993877,9.2,25
1719461993877,9.2,25
1719461994956,9.15,50
1719461995063,9.15,25
1719461995991,9.2,50
1719461996481,9.25,25
1719461996932,9.3,100
1719461997473,9.2,25
1719461997954,9.2,25
1719461998463,9.25,250
1719461998955,9.25,50
1719461999454,9.2,100
1719462000100,9.2,475
1719462000475,9.25,175
1719462000744,9.2,25
1719462001264,9.15,200
1719462002178,9.0,100
1719462002473,8.95,625
1719462002983,9.05,500
1719462003463,9.05,200
1719462004202,9.15,25
1719462004651,9.05,100
1719462004975,9.15,25
1719462005859,9.05,225
1719462006090,9.05,225
1719462006961,8.95,25
1719462007280,8.75,50
1719462008175,8.8,150
1719462008487,8.7,50
1719462008979,8.7,375
1719462009307,8.8,325
1719462009969,8.75,125
1719462010285,8.75,25
1719462010988,8.85,250
1719462011504,8.85,25
1719462012200,8.9,50
1719462012484,8.8,100
1719462013004,8.75,125
1719462013296,8.75,25
1719462013937,8.75,25
1719462014452,8.8,125
1719462014930,8.8,25
1719462015514,8.7,100
1719462016183,8.65,150
1719462016717,8.75,25
1719462016966,8.75,25
1719462017693,8.7,100
1719462017993,8.6,25
1719462018988,8.7,25
1719462019874,8.65,200
1719462020188,8.65,100
1719462020838,8.7,25
1719462021003,8.6,125
1719462021299,8.65,175
1719462021964,8.7,50
1719462022321,8.8,25
1719462023205,8.85,75
1719462023440,8.9,125
1719462023982,8.8,50
1719462024730,9.0,25
1719462024975,8.9,200
1719462025686,8.95,100
1719462025895,8.85,150
1719462026976,8.95,175
1719462027083,8.95,25
1719462027982,9.0,25
1719462028298,8.95,50
1719462029008,8.9,525
1719462029282,8.9,175
1719462029899,8.95,100
1719462029899,8.95,100
1719462030295,8.9,100
1719462031201,8.9,25
1719462031723,8.85,150
1719462031991,8.9,50
1719462032641,8.9,500
1719462032916,8.85,50
1719462033846,8.85,500
1719462034165,8.85,100
1719462034737,8.9,700
1719462034949,8.9,100
1719462035915,8.9,100
1719462035964,8.9,25
1719462036106,8.9,50
1719462036728,8.8,50
1719462037253,8.95,25
1719462037952,8.95,100
1719462038287,8.95,25
1719462038993,8.95,25
1719462039322,8.85,25
1719462039986,8.85,25
1719462040332,8.85,125
1719462041039,8.85,25
1719462041505,8.95,25
1719462041988,9.0,50
1719462042735,8.9,25
1719462042982,8.9,25
1719462043705,8.95,25
1719462043973,8.95,125
1719462044935,8.9,100
1719462044991,8.95,25
1719462045139,8.9,175
1719462046194,8.95,400
1719462046345,8.9,25
1719462047003,8.85,50
1719462047521,8.9,125
1719462047991,8.85,125
1719462048460,8.8,175
1719462049029,8.85,100
1719462049497,8.9,25
1719462049950,8.8,50
1719462050486,8.7,250
1719462051018,8.75,25
1719462051923,8.8,25
1719462051990,8.75,100
1719462052710,8.65,50
1719462052995,8.65,175
1719462053919,8.6,50
1719462054208,8.65,50
1719462054925,8.7,50
1719462054995,8.7,150
1719462055357,8.65,1025
1719462055957,8.7,500
1719462056357,8.85,25
1719462056972,8.75,225
1719462057360,8.8,50
1719462057939,8.8,25
1719462058563,8.9,425
1719462059012,8.95,25
1719462059743,8.9,25
1719462060033,8.9,175
1719462060719,8.9,75
1719462060719,8.9,75
1719462061966,8.7,25
1719462063000,8.75,125
1719462064171,8.85,25
1719462064350,8.9,50
1719462064989,8.9,250
1719462065181,8.95,25
1719462065974,8.95,50
1719462066329,9.0,25
1719462066946,8.95,25
1719462067554,9.0,25
1719462068003,8.95,50
1719462068639,8.95,150
1719462069187,8.85,25
1719462069698,8.95,200
1719462070011,8.9,50
1719462070965,8.95,300
1719462072007,8.95,50
1719462072788,8.95,25
1719462073013,9.0,25
1719462073310,8.95,25
1719462073820,8.9,25
1719462074583,8.85,25
1719462074976,8.9,25
1719462075795,8.85,25
1719462075920,8.85,225
1719462076630,8.85,100
1719462076988,8.9,25
1719462077673,8.8,25
1719462077852,8.8,25
1719462078760,8.8,25
1719462079039,8.8,50
1719462080002,8.85,150
1719462080211,8.85,75
1719462081191,8.8,25
1719462081368,8.85,75
1719462082053,8.9,50
1719462082144,8.85,25
1719462083024,9.15,50
1719462083594,9.0,25
1719462083964,9.0,25
1719462084620,9.05,225
1719462085039,9.1,25
1719462085599,9.05,50
1719462086010,9.0,25
1719462086714,9.0,775
1719462087025,8.9,25
1719462087699,9.0,50
1719462088213,9.05,50
1719462088630,9.0,75
1719462089030,9.05,50
1719462089711,9.05,25
1719462090101,9.1,125
1719462090700,9.05,25
1719462091017,9.05,75
1719462091830,9.15,50
1719462091837,9.15,175
1719462092829,9.1,100
1719462093043,9.15,350
1719462093963,9.15,50
1719462094415,9.2,50
1719462095033,9.25,200
1719462095380,9.3,100
1719462095979,9.1,50
1719462096398,9.15,25
1719462096941,9.15,25
1719462097413,9.15,75
1719462098043,9.15,875
1719462098471,9.1,425
1719462099071,9.1,50
1719462099968,9.1,25
1719462100845,9.15,50
1719462101002,9.15,425
1719462102014,9.15,50
1719462102798,9.15,50
1719462102798,9.15,50
1719462103834,9.15,125
1719462103880,9.15,25
1719462104311,9.15,25
1719462105017,9.1,250
1719462105623,9.2,100
1719462105893,9.2,125
1719462106835,9.2,25
1719462107016,9.25,25
1719462107256,9.2,25
1719462108000,9.15,25
1719462108603,9.1,350
1719462108939,9.05,50
1719462109642,9.05,275
1719462109911,9.0,25
1719462110849,9.0,300
1719462111044,9.05,25
1719462112021,9.1,25
1719462113028,8.9,25
1719462113413,8.9,25
1719462114075,9.0,275
1719462114525,9.05,75
1719462114977,9.0,25
1719462115654,9.05,25
1719462115946,9.05,200
1719462116806,9.0,25
1719462117047,9.05,50
1719462117806,9.0,50
1719462118033,9.0,25
1719462118978,9.2,900
1719462120068,9.1,25
1719462120086,9.1,25
1719462120870,9.1,25
1719462121060,9.05,25
1719462122064,9.25,50
1719462122254,9.3,675
1719462123056,9.2,400
1719462123325,9.25,75
1719462124061,9.3,50
1719462124656,9.3,25
1719462124931,9.25,300
1719462125520,9.3,50
1719462126046,9.25,50
1719462126678,9.3,200
1719462126881,9.35,25
1719462127826,9.25,25
1719462128049,9.3,225
1719462128840,9.35,75
1719462129063,9.3,25
1719462129746,9.25,750
1719462130060,9.25,25
1719462130856,9.35,425
1719462131022,9.4,25
1719462131355,9.35,200
1719462132048,9.3,250
1719462132651,9.3,25
1719462133026,9.35,50
1719462133655,9.35,425
1719462134042,9.25,100
1719462134604,9.2,25
1719462135063,9.15,200
1719462135808,9.2,50
1719462136024,9.25,25
1719462136598,9.2,150
1719462137049,9.3,25
1719462137896,9.35,25
1719462137896,9.35,25
1719462138223,9.35,25
1719462138880,9.45,75
1719462139379,9.4,50
1719462140209,9.45,75
1719462140645,9.4,275
1719462140922,9.45,75
1719462141820,9.4,950
1719462141992,9.35,425
1719462143104,9.5,25
1719462143310,9.5,350
1719462144035,9.45,25
1719462144472,9.5,25
1719462145053,9.55,25
1719462145570,9.5,400
1719462145971,9.5,25
1719462146705,9.5,50
1719462147013,9.5,25
1719462148081,9.55,75
1719462148321,9.6,50
1719462149073,9.55,75
1719462149517,9.55,50
1719462150065,9.5,50
1719462150509,9.55,250
1719462151000,9.6,25
1719462151516,9.6,50
1719462152059,9.65,175
1719462152278,9.65,50
1719462153033,9.65,25
1719462153399,9.65,25
1719462154055,9.6,25
1719462154657,9.6,50
1719462155056,9.65,325
1719462155894,9.65,500
1719462156053,9.7,25
1719462156934,9.75,100
1719462157067,9.7,50
1719462157874,9.7,125
1719462158081,9.75,50
1719462159074,9.75,50
1719462159125,9.9,25
1719462159330,9.8,25
1719462160067,9.9,300
1719462160534,9.85,150
1719462160886,9.9,25
1719462161898,9.9,175
1719462162071,9.85,275
1719462163126,9.9,50
1719462163923,9.95,50
1719462164084,9.95,50
1719462165082,9.95,25
1719462165132,10.0,25
1719462165284,9.95,25
1719462166071,9.9,25
1719462166556,9.8,25
1719462167073,9.9,25
1719462167721,9.95,25
1719462168086,9.9,25
1719462168726,9.95,25
1719462169079,10.0,25
1719462169921,10.1,125
1719462170075,10.05,25
1719462170913,9.9,125
1719462171085,9.9,25
1719462172090,9.95,500
1719462172136,9.95,75
1719462172561,9.95,25
1719462173095,9.9,25
1719462173743,9.8,50
1719462174277,9.85,300
1719462174634,9.8,25
1719462175075,9.8,25
1719462175921,9.8,125
1719462176059,9.8,200
1719462177065,9.95,50
1719462178053,10.05,50
1719462178152,10.1,25
1719462179031,10.15,25
1719462179363,10.15,25
1719462180036,10.1,150
1719462180036,10.1,150
1719462180748,10.05,75
1719462181088,10.05,425
1719462181908,10.25,150
1719462182096,10.2,25
1719462183081,10.15,925
1719462183989,10.25,25
1719462184090,10.2,25
1719462185089,10.2,25
1719462185570,10.15,175
1719462186076,10.2,400
1719462186750,10.15,25
1719462187300,10.15,25
1719462187948,10.15,25
1719462188102,10.15,25
1719462189008,10.2,25
1719462190090,10.2,25
1719462190184,10.25,250
1719462190334,10.2,25
1719462191081,10.15,25
1719462191587,10.15,25
1719462192094,10.15,25
1719462192510,10.05,50
1719462193030,10.15,25
1719462193777,10.2,25
1719462193911,10.2,50
1719462194562,10.15,50
1719462195076,10.25,25
1719462195776,10.15,50
1719462196075,10.15,225
1719462196264,10.15,150
1719462197095,10.15,25
1719462197542,10.1,25
1719462198105,10.1,50
1719462198752,10.2,50
1719462199101,10.1,50
1719462199773,10.05,50
1719462200107,10.1,450
1719462200773,10.0,125
1719462201069,10.05,25
1719462202034,9.95,50
1719462202179,9.95,25
1719462202400,9.9,175
1719462203101,9.95,150
1719462203373,9.9,50
1719462204103,9.9,25
1719462204393,9.8,100
1719462205073,9.8,225
1719462205337,9.85,25
1719462206102,9.7,50
1719462206357,9.7,100
1719462207099,9.8,25
1719462207591,9.65,50
1719462208070,9.75,125
1719462209038,9.75,50
1719462209088,9.8,475
1719462210074,9.8,25
1719462210201,9.9,50
1719462211100,9.9,500
1719462212127,9.85,25
1719462212194,9.85,100
1719462212408,9.9,75
1719462213110,9.75,500
1719462213543,9.75,75
1719462213926,9.8,1125
1719462214824,9.8,25
1719462215106,9.75,125
1719462215985,9.85,25
1719462216059,9.9,100
1719462216977,9.8,25
1719462218019,9.9,150
1719462218019,9.9,150
1719462218974,9.85,75
1719462219121,9.85,50
1719462219956,9.8,25
1719462220198,9.85,25
1719462221078,9.85,25
1719462221161,9.8,200
1719462222223,9.8,25
1719462222565,9.85,25
1719462222710,9.8,25
1719462223822,9.75,250
1719462224106,9.8,25
1719462224947,9.8,50
1719462225087,9.8,25
1719462225950,9.75,25
1719462227137,9.85,25
1719462227438,9.85,50
1719462228015,9.8,25
1719462228431,9.8,25
1719462229091,9.85,150
1719462229541,9.8,125
1719462230118,9.9,25
1719462230625,9.95,100
1719462231070,9.9,50
1719462231694,9.85,125
1719462232101,9.85,150
1719462232676,9.95,25
1719462233102,9.9,25
1719462233854,9.85,25
1719462234086,9.8,25
1719462234648,9.85,25
1719462235051,9.8,25
1719462235773,9.85,75
1719462235967,9.8,25
1719462236848,9.9,25
1719462236848,9.9,25
1719462237995,10.0,25
1719462238324,9.95,150
1719462239065,9.85,25
1719462240244,9.75,75
1719462241058,9.7,750
1719462241190,9.75,25
1719462241645,9.65,25
1719462242101,9.7,50
1719462242850,9.7,25
1719462243196,9.7,25
1719462244093,9.7,25
1719462244213,9.7,150
1719462245124,9.6,500
1719462245242,9.6,50
1719462246138,9.55,125
1719462246226,9.65,25
1719462247116,9.55,25
1719462247425,9.55,200
1719462247969,9.5,125
1719462248654,9.4,100
1719462249139,9.5,25
1719462249591,9.55,25
1719462250130,9.55,75
1719462250814,9.6,300
1719462251081,9.55,1175
1719462251614,9.55,1075
1719462252134,9.6,200
1719462252774,9.6,150
1719462253113,9.65,525
1719462253855,9.6,25
1719462254140,9.6,25
1719462254698,9.6,275
1719462254698,9.6,275
1719462256104,9.6,300
1719462257016,9.6,75
1719462257016,9.6,75
1719462258084,9.6,25
1719462258138,9.65,75
1719462259076,9.6,500
1719462259182,9.6,100
1719462259442,9.55,25
1719462260053,9.6,1150
1719462260347,9.65,50
1719462261104,9.6,25
1719462261652,9.55,625
1719462262131,9.6,25
1719462262677,9.55,25
1719462263128,9.55,100
1719462263629,9.55,125
1719462264333,9.4,25
1719462264649,9.45,25
1719462280695,8.8,100
1719462284135,8.85,25
1719462285043,9.0,25
1719462314987,8.4,75
1719462315337,8.4,25
1719462316168,8.35,25
1719462316375,8.55,50
1719462317136,8.35,25
1719462317545,8.35,25
1719462318364,8.5,250
1719462318554,8.45,100
1719462319156,8.5,25
1719462319580,8.35,25
1719462320173,8.4,25
1719462320547,8.45,25
1719462321176,8.5,150
1719462321973,8.45,25
1719462322075,8.5,100
1719462323161,8.5,1800
1719462323346,8.45,25
1719462323973,8.4,25
1719462324176,8.4,25
1719462328079,8.25,75
1719462328591,8.25,100
1719462329080,8.2,500
1719462329589,8.25,25
1719462330425,8.2,50
1719462331375,8.2,100
1719462331730,8.2,50
1719462332165,8.15,450
1719462332750,8.3,500
1719462333108,8.25,25
1719462333978,8.2,150
1719462334133,8.2,50
1719462334684,8.25,350
1719462335371,8.2,75
1719462335972,8.2,600
1719462336176,8.25,50
1719462336805,8.2,25
1719462337159,8.2,25
1719462338193,8.35,50
1719462338375,8.35,1025
1719462339196,8.2,100
1719462340171,8.2,25
1719462340375,8.15,150
1719462340773,8.15,25
1719462341198,8.2,175
1719462341956,8.25,25
1719462342346,8.25,25
1719462348996,8.3,125
1719462349177,8.2,575
1719462349981,8.2,275
1719462350182,8.25,25
1719462350989,8.2,125
1719462351173,8.2,200
1719462352185,8.2,75
1719462353155,8.3,25
1719462353423,8.25,25
1719462353423,8.25,25
1719462354379,8.25,25
1719462354993,8.2,25
1719462355164,8.2,125
1719462355937,8.2,25
1719462355937,8.2,25
1719462356737,8.25,50
1719462357155,8.25,25
1719462358155,8.3,25
1719462358365,8.3,50
1719462358642,8.3,125
1719462359208,8.3,50
1719462359703,8.3,25
1719462360072,8.35,50
1719462360159,8.35,600
1719462360830,8.35,125
1719462361195,8.3,125
1719462361824,8.25,125
1719462362153,8.25,25
1719462362978,8.35,175
1719462363158,8.3,350
1719462364246,8.3,50
1719462365190,8.4,200
1719462365579,8.35,1000
1719462366173,8.35,50
1719462366809,8.4,100
1719462367353,8.4,25
1719462368026,8.45,100
1719462368204,8.4,25
1719462369108,8.4,25
1719462369363,8.4,250
1719462370193,8.35,50
1719462370423,8.3,250
1719462371044,8.3,25
1719462371368,8.3,25
1719462372181,8.25,275
1719462372448,8.25,25
1719462372448,8.25,25
1719462373387,8.25,50
1719462373855,8.15,75
1719462405920,7.65,25
1719462406139,7.75,25
1719462406871,7.7,200
1719462407160,7.65,300
1719462407899,7.5,75
1719462408414,7.5,25
1719462409304,7.45,25
1719462410238,7.55,25
1719462410714,7.55,25
1719462411397,7.45,250
1719462411705,7.5,1000
1719462412183,7.45,25
1719462412885,7.4,50
1719462413237,7.4,1000
1719462413906,7.4,25
1719462414207,7.4,200
1719462415441,7.25,325
1719462416117,7.25,50
1719462416240,7.2,200
1719462417176,7.3,75
1719462417317,7.25,50
1719462418369,7.15,50
1719462418518,7.15,75
1719462419241,7.15,25
1719462419502,7.05,1225
1719462419749,7.1,25
1719462420235,7.0,25
1719462421439,7.0,250
1719462422242,6.95,25
1719462422728,6.9,250
1719462423236,6.7,50
1719462424133,6.8,50
1719462424423,6.7,50
1719462425134,6.9,25
1719462425240,6.8,800
1719462426224,6.7,200
1719462427563,6.7,50
1719462428227,6.7,25
1719462428730,6.75,200
1719462429225,6.65,200
1719462429945,6.75,50
1719462430178,6.7,50
1719462431104,6.7,25
1719462431236,6.7,50
1719462432157,6.65,100
1719462432408,6.65,25
1719462433201,6.7,25
1719462433333,6.7,125
1719462434217,6.7,25
1719462434549,6.6,100
1719462434746,6.65,25
1719462435428,6.65,25
1719462435941,6.55,625
1719462436216,6.6,25
1719462436944,6.55,25
1719462437254,6.6,300
1719462437929,6.6,75
1719462438433,6.55,50
1719462439140,6.45,200
1719462439175,6.5,100
1719462440255,6.5,75
1719462440349,6.5,100
1719462441343,6.45,50
1719462441442,6.45,25
1719462442229,6.5,100
1719462442384,6.5,50
1719462443226,6.45,25
1719462443532,6.4,200
1719462443968,6.4,50
1719462444174,6.45,25
1719462444968,6.35,100
1719462445434,6.25,1125
1719462445977,6.35,125
1719462446237,6.35,25
1719462447260,6.4,50
1719462447387,6.45,50
1719462448259,6.35,225
1719462448541,6.35,50
1719462449192,6.35,25
1719462449574,6.3,50
1719462450098,6.35,225
1719462450392,6.35,125
1719462450553,6.3,25
1719462451237,6.35,25
1719462451575,6.35,25
1719462451672,6.35,150
1719462452255,6.25,25
1719462452983,6.35,525
1719462453244,6.35,100
1719462454260,6.25,50
1719462455463,6.3,50
1719462456558,6.25,25
1719462457219,6.3,700
1719462457391,6.3,300
1719462458243,6.3,25
1719462458561,6.35,25
1719462458809,6.35,850
1719462459193,6.3,50
1719462459643,6.3,100
1719462460459,6.3,25
1719462460988,6.35,150
1719462461259,6.3,25
1719462462230,6.2,25
1719462463268,6.2,50
1719462464456,6.2,125
1719462465194,6.1,25
1719462465373,6.1,375
1719462466221,6.0,25
1719462466601,6.0,75
1719462467224,6.0,50
1719462467398,6.0,25
1719462468461,6.2,25
1719462468605,6.2,100
1719462469262,6.25,25
1719462469618,6.25,25
1719462470266,6.15,50
1719462470789,6.2,25
1719462471455,6.2,75
1719462472014,6.35,25
1719462472259,6.25,25
1719462473245,6.2,25
1719462473582,6.2,100
1719462474463,6.25,25
1719462475002,6.15,150
1719462475248,6.1,25
1719462476257,6.05,25
1719462477476,6.1,25
1719462478274,6.15,50
1719462478608,6.1,25
1719462479263,6.15,25
1719462479507,6.15,775
1719462480100,6.1,50
1719462480475,6.15,50
1719462480840,6.1,25
1719462481210,6.1,250
1719462482014,6.05,25
1719462482476,6.1,100
1719462483234,6.1,700
1719462483461,6.1,25
1719462486457,6.1,25
1719462487268,6.1,25
1719462487446,6.1,25
1719462488250,6.1,25
1719462488837,6.1,50
1719462489485,6.05,25
1719462489829,6.1,325
1719462490262,6.1,100
1719462491227,6.0,25
1719462492221,6.0,225
1719462492465,6.0,100
1719462493250,6.0,750
1719462493440,6.0,125
1719462494274,6.0,100
1719462494413,5.95,50
1719462495278,6.0,25
1719462495644,6.0,25
1719462496470,5.95,25
1719462496649,5.95,25
1719462497278,5.95,25
1719462497645,5.95,25
1719462498057,5.9,25
1719462498282,5.95,125
1719462499048,5.85,25
1719462499283,5.95,100
1719462500259,5.9,100
1719462501226,5.9,50
1719462501435,5.9,50
1719462502476,6.0,50
1719462502656,5.9,25
1719462503256,6.0,25
1719462503477,5.95,250
1719462504276,5.95,500
1719462504658,6.0,50
1719462504847,6.0,400
1719462505466,5.95,25
1719462505856,5.9,25
1719462507056,5.9,75
1719462509459,5.9,550
1719462510080,5.9,225
1719462510275,5.9,25
1719462510442,5.9,100
1719462511469,5.85,150
1719462512265,5.8,200
1719462512469,5.85,75
1719462512871,5.85,125
1719462513274,5.75,25
1719462513861,5.75,50
1719462514280,5.8,25
1719462515068,5.75,100
1719462515444,5.75,50
1719462516299,5.75,150
1719462517260,5.8,100
1719462517462,5.7,250
1719462518358,5.8,25
1719462518858,5.75,25
1719462519263,5.8,350
1719462519965,5.7,75
1719462520270,5.7,100
1719462521092,5.75,25
1719462521267,5.75,75
1719462522237,5.85,900
1719462522469,5.75,25
1719462523211,5.75,100
1719462523493,5.85,100
1719462524293,5.8,25
1719462524865,5.8,300
1719462525267,5.8,200
1719462526291,5.8,25
1719462527149,5.75,50
1719462527465,5.8,50
1719462528294,5.8,625
1719462528686,5.85,25
1719462528887,5.9,800
1719462535263,5.95,50
1719462535697,5.9,25
1719462536299,5.9,25
1719462536697,5.9,25
1719462545189,5.95,50
1719462545720,5.95,25
1719462546303,6.0,75
1719462546706,6.0,25
1719462547480,6.0,525
1719462548286,6.0,25
1719462548701,5.95,300
1719462549312,5.95,25
1719462550102,5.95,500
1719462550512,5.95,25
1719462551154,5.9,50
1719462551317,5.9,50
1719462552297,5.9,100
1719462560323,5.75,25
1719462560681,5.8,75
1719462560914,5.85,150
1719462561264,5.75,25
1719462562336,5.75,150
1719462562494,5.7,50
1719462563305,5.75,200
1719462563562,5.75,50
1719462564274,5.7,175
1719462564544,5.75,25
1719462565489,5.7,175
1719462565749,5.75,1100
1719462566277,5.75,25
1719462566723,5.7,25
1719462567305,5.7,25
1719462568090,5.6,500
1719462568278,5.65,25
1719462569347,5.6,25
1719462575314,5.5,50
1719462575314,5.5,50
1719462576313,5.55,250
1719462576509,5.55,25
1719462577332,5.55,25
1719462600487,5.4,200
1719462600580,5.4,25
1719462601533,5.3,25
1719462603306,5.25,100
1719462604009,5.3,50
1719462604530,5.35,25
1719462605331,5.35,25
1719462606310,5.4,25
1719462606389,5.45,50
1719462607410,5.4,75
1719462608614,5.35,75
1719462609331,5.4,200
1719462609618,5.4,75
1719462610550,5.4,50
1719462610807,5.4,50
1719462611026,5.4,25
1719462611312,5.4,25
1719462612230,5.4,50
1719462612267,5.4,50
1719462613186,5.3,200
1719462613321,5.3,875
1719462614203,5.3,425
1719462614497,5.35,50
1719462615321,5.25,50
1719462615361,5.3,25
1719462616323,5.35,150
1719462616625,5.3,800
1719462617290,5.3,25
1719462617555,5.3,400
1719462618348,5.3,100
1719462618769,5.4,50
1719462619385,5.35,50
1719462619844,5.35,150
1719462620009,5.4,25
1719462620361,5.5,50
1719462621001,5.45,350
1719462621360,5.4,25
1719462622131,5.45,100
1719462622342,5.45,75
1719462623066,5.45,50
1719462623547,5.45,25
1719462624217,5.5,300
1719462624350,5.4,125
1719462625436,5.5,25
1719462626120,5.5,25
1719462626646,5.55,50
1719462627283,5.5,25
1719462627857,5.55,25
1719462628026,5.45,50
1719462628525,5.45,25
1719462629209,5.45,25
1719462629356,5.45,50
1719462630089,5.55,75
1719462630218,5.5,50
1719462630218,5.5,50
1719462631259,5.55,250
1719462631635,5.55,50
1719462632352,5.45,25
1719462632648,5.5,850
1719462633356,5.5,50
1719462633849,5.5,25
1719462634547,5.55,125
1719462634854,5.55,125
1719462635347,5.55,25
1719462635856,5.6,25
1719462636020,5.6,50
1719462636359,5.6,25
1719462637064,5.6,25
1719462637505,5.5,25
1719462638148,5.5,25
1719462638148,5.5,25
1719462639305,5.55,300
1719462639477,5.55,25
1719462640534,5.55,100
1719462640661,5.55,100
1719462641356,5.55,100
1719462641646,5.55,100
1719462642361,5.5,25
1719462642665,5.55,25
1719462643549,5.55,25
1719462643640,5.55,25
1719462644289,5.5,75
1719462644853,5.5,50
1719462645274,5.5,25
1719462645818,5.55,25
1719462646212,5.5,25
1719462646351,5.55,1475
1719462647406,5.5,25
1719462647543,5.5,125
1719462648209,5.5,125
1719462648398,5.5,25
1719462649357,5.55,25
1719462649411,5.5,150
1719462650418,5.55,50
1719462650418,5.55,50
1719462651317,5.6,200
1719462651642,5.55,150
1719462652319,5.55,50
1719462652805,5.55,50
1719462653243,5.55,25
1719462653243,5.55,25
1719462657477,5.55,375
1719462657522,5.55,25
1719462658247,5.5,150
1719462658247,5.5,150
1719462659570,5.5,825
1719462659698,5.5,25
1719462660107,5.5,25
1719462660341,5.45,25
1719462660900,5.5,50
1719462661354,5.5,50
1719462661922,5.5,25
1719462662552,5.45,25
1719462662915,5.55,125
1719462663086,5.5,25
1719462663367,5.5,25
1719462664264,5.45,50
1719462664422,5.5,375
1719462665302,5.45,100
1719462665366,5.45,50
1719462666509,5.5,50
1719462666509,5.5,50
1719462667384,5.5,25
1719462667658,5.45,625
1719462668379,5.45,125
1719462668911,5.45,25
1719462669445,5.5,25
1719462669857,5.45,75
1719462670356,5.45,300
1719462670863,5.45,250
1719462671390,5.4,25
1719462671796,5.45,25
1719462672572,5.4,800
1719462672923,5.4,300
1719462673347,5.4,1000
1719462674368,5.4,25
1719462674505,5.4,25
1719462675322,5.4,25
1719462675703,5.4,25
1719462676390,5.4,25
1719462676923,5.35,25
1719462677281,5.35,25
1719462677526,5.35,25
1719462678324,5.35,150
1719462678512,5.3,100
1719462679520,5.25,25
1719462680382,5.25,75
1719462680745,5.25,25
1719462681389,5.15,25
1719462681927,5.15,500
1719462682316,5.1,25
1719462683056,5.2,100
1719462683585,5.2,325
1719462684391,5.35,25
1719462684531,5.35,250
1719462685396,5.25,50
1719462686522,5.35,25
1719462687386,5.4,25
1719462687725,5.45,1125
1719462688194,5.4,50
1719462688954,5.45,150
1719462689370,5.45,75
1719462690157,5.35,25
1719462690573,5.4,25
1719462691324,5.4,25
1719462691543,5.4,25
1719462692400,5.45,50
1719462692531,5.45,100
1719462693354,5.4,25
1719462693534,5.4,125
1719462694565,5.4,175
1719462694736,5.4,100
1719462695372,5.35,1000
1719462695942,5.4,300
1719462696154,5.4,25
1719462696388,5.4,25
1719462697376,5.35,25
1719462702773,5.35,75
1719462703394,5.35,25
1719462704369,5.35,25
1719462705364,5.25,25
1719462705611,5.3,50
1719462736430,5.1,25
1719462736574,5.1,25
1719462737590,5.05,75
1719462737805,5.05,1350
1719462738407,5.1,50
1719462738798,5.1,50
1719462739414,5.05,25
1719462740011,5.1,25
1719462740236,5.1,25
1719462740626,5.1,25
1719462741367,5.1,25
1719462742388,5.05,50
1719462742613,5.1,475
1719462743626,5.1,500
1719462744420,5.1,25
1719462744799,5.1,25
1719462745399,5.1,25
1719462745816,5.1,225
1719462746432,5.15,25
1719462747012,5.1,50
1719462747229,5.1,25
1719462747586,5.1,25
1719462748439,5.1,25
1719462749436,5.1,25
1719462750060,5.15,50
1719462750571,5.2,50
1719462751378,5.2,50
1719462751826,5.2,125
1719462752429,5.2,775
1719462752831,5.15,25
1719462753411,5.1,25
1719462754051,5.15,200
1719462754617,5.2,25
1719462755040,5.2,25
1719462755414,5.2,25
1719462756459,5.25,25
1719462757627,5.2,25
1719462757849,5.2,25
1719462758419,5.25,50
1719462758848,5.2,25
1719462759620,5.2,25
1719462760019,5.15,25
1719462760430,5.2,25
1719462767440,5.15,25
1719462767835,5.15,25
1719462768418,5.15,25
1719462768823,5.1,25
1719462769447,5.15,150
1719462770035,5.15,25
1719462770241,5.15,25
1719462770619,5.15,25
1719462771407,5.1,100
1719462771655,5.1,50
1719462772417,5.0,25
1719462773071,4.95,175
1719462773631,4.9,25
1719462774069,5.0,100
1719462774399,5.0,25
1719462775076,4.9,450
1719462775405,4.9,75
1719462776025,4.95,25
1719462776279,4.95,25
1719462776553,4.95,25
1719462777442,5.0,50
1719462777647,5.0,25
1719462780420,4.95,25
1719462780660,5.0,25
1719462781443,4.95,50
1719462781880,4.85,500
1719462782434,4.95,25
1719462783250,4.95,25
1719462783454,4.9,50
1719462784246,4.9,25
1719462784587,4.95,25
1719462785385,4.95,25
1719462785642,4.95,25
1719462786443,4.9,100
1719462786887,4.9,25
1719462787655,4.95,25
1719462787884,4.9,150
1719462788427,4.95,25
1719462788850,4.9,100
1719462789453,4.9,25
1719462790072,4.95,50
1719462790453,4.9,1000
1719462791457,4.9,25
1719462791480,4.9,50
1719462792659,4.95,25
1719462793442,5.0,25
1719462793906,5.05,25
1719462794439,4.95,25
1719462795083,4.95,25
1719462795262,4.95,250
1719462795611,4.9,25
1719462796479,4.95,25
1719462797446,5.0,25
1719462797446,5.0,25
1719462798620,5.0,25
1719462798680,5.0,25
1719462799447,5.0,25
1719462799471,4.95,25
1719462800433,4.95,25
1719462800882,4.95,25
1719462801642,4.9,100
1719462802043,4.9,50
1719462802405,4.95,25
1719462803247,4.85,25
1719462803448,4.9,25
1719462804311,4.8,25
1719462804637,4.85,250
1719462805515,4.9,150
1719462806458,4.85,50
1719462806891,4.9,25
1719462807651,4.85,25
1719462808107,4.85,25
1719462808460,4.85,25
1719462809104,4.85,100
1719462809456,4.9,25
1719462810100,4.9,225
1719462810503,4.85,25
1719462810657,4.9,25
1719462811467,4.85,50
1719462811728,4.9,25
1719462812641,4.9,25
1719462812904,4.95,25
1719462813470,4.85,175
1719462813899,4.8,75
1719462814453,4.9,50
1719462814925,4.85,275
1719462815611,4.85,25
1719462816110,4.9,50
1719462816419,4.9,50
1719462817123,4.85,25
1719462817533,4.9,25
1719462817641,4.9,1150
1719462818473,4.9,25
1719462818687,4.9,25
1719462819481,4.9,25
1719462819948,4.9,475
1719462820430,4.95,25
1719462820950,4.95,25
1719462821614,4.95,1525
1719462822313,4.95,25
1719462822435,4.9,25
1719462823547,4.9,25
1719462824425,4.9,25
1719462824937,4.9,425
1719462825674,4.95,400
1719462826131,5.0,25
1719462826477,5.0,50
1719462827125,5.0,25
1719462827441,4.95,25
1719462828100,4.95,50
1719462828296,5.0,25
1719462828667,5.0,25
1719462829510,4.95,50
1719462830476,4.9,100
1719462830660,5.0,25
1719462831443,4.95,25
1719462831951,4.95,25
1719462832682,4.95,25
1719462832922,4.9,25
1719462833464,4.95,25
1719462833963,5.0,25
1719462834482,5.0,50
1719462835157,4.95,100
1719462835663,4.95,50
1719462836442,4.9,275
1719462837364,4.95,425
1719462837480,4.95,25
1719462838641,4.95,425
1719462838683,4.95,25
1719462839429,4.95,175
1719462839953,4.95,25
1719462840658,4.9,100
1719462840949,4.95,25
1719462841581,4.95,25
1719462842454,4.95,25
1719462842576,4.9,25
1719462843478,4.95,50
1719462843777,4.95,25
1719462844648,4.95,25
1719462844774,4.95,25
1719462845482,4.95,25
1719462845981,4.95,25
1719462846483,5.0,25
1719462846968,4.95,50
1719462847483,5.0,25
1719462847970,5.05,25
1719462848667,5.05,25
1719462849140,5.05,25
1719462849395,5.0,50
1719462849451,5.05,50
1719462850530,5.05,175
1719462851469,5.1,100
1719462851581,5.05,225
1719462852674,5.1,50
1719462852674,5.1,50
1719462853407,5.1,50
1719462853772,5.1,50
1719462854444,5.1,500
1719462854982,5.1,25
1719462855402,5.1,25
1719462856194,5.1,100
1719462856507,5.1,25
1719462857202,5.05,175
1719462857675,5.05,500
1719462857896,5.1,50
1719462858306,5.1,125
1719462858760,5.1,50
1719462859368,5.05,25
1719462859368,5.05,25
1719462860755,5.05,100
1719462861414,5.05,50
1719462861951,5.05,25
1719462862432,5.05,100
1719462863000,5.05,25
1719462863659,5.05,25
1719462863978,5.05,25
1719462864482,5.05,325
1719462865179,5.05,100
1719462865385,5.1,25
1719462865595,5.05,25
1719462866397,5.1,75
1719462866397,5.1,75
1719462867428,5.1,25
1719462867602,5.1,50
1719462868488,5.05,325
1719462868790,5.05,25
1719462869491,5.1,150
1719462869568,5.1,25
1719462870068,5.1,550
1719462870697,5.1,50
1719462870820,5.1,25
1719462871477,5.15,700
1719462871800,5.1,250
1719462872318,5.1,325
1719462872991,5.1,125
1719462873666,5.1,950
1719462874206,5.1,50
1719462874328,5.15,300
1719462874551,5.1,100
1719462875417,5.15,50
1719462875620,5.15,25
1719462876606,5.1,25
1719462876606,5.1,25
1719462877466,5.1,375
1719462878001,5.1,25
1719462878363,5.15,225
1719462879001,5.1,375
1719462879493,5.1,25
1719462880149,5.1,25
1719462880508,5.15,50
1719462881002,5.1,25
1719462881707,5.1,200
1719462882365,5.1,100
1719462882600,5.1,25
1719462883452,5.1,450
1719462883592,5.1,25
1719462884277,5.1,500
1719462884819,5.1,25
1719462885713,5.2,300
1719462886209,5.1,25
1719462886480,5.1,900
1719462887210,5.1,25
1719462887325,5.1,25
1719462887457,5.1,25
1719462888478,5.15,50
1719462888579,5.15,50
1719462889587,5.15,25
1719462889758,5.2,200
1719462890520,5.15,50
1719462890885,5.2,775
1719462891447,5.2,50
1719462891978,5.2,50
1719462892661,5.25,100
1719462893053,5.2,425
1719462893515,5.25,25
1719462893952,5.2,100
1719462894492,5.2,125
1719462895059,5.2,50
1719462895541,5.25,1000
1719462896225,5.2,50
1719462896433,5.25,150
1719462897436,5.25,75
1719462898439,5.15,25
1719462898629,5.15,325
1719462899412,5.2,25
1719462899845,5.15,100
1719462900096,5.15,25
1719462900405,5.2,75
1719462900845,5.2,75
1719462901720,5.2,25
1719462902054,5.25,25
1719462902501,5.25,50
1719462903059,5.2,100
1719462903722,5.35,100
1719462904008,5.35,25
1719462904501,5.35,25
1719462905215,5.4,25
1719462905519,5.45,25
1719462906640,5.45,75
1719462906640,5.45,75
1719462907513,5.4,25
1719462907883,5.35,100
1719462908690,5.35,50
1719462909263,5.35,25
1719462909501,5.4,25
1719462910236,5.35,25
1719462910700,5.4,50
1719462911234,5.4,1375
1719462911409,5.4,25
1719462911514,5.4,25
1719462912465,5.4,50
1719462912631,5.45,375
1719462913663,5.45,125
1719462914500,5.4,175
1719462914672,5.4,50
1719462915460,5.35,550
1719462916015,5.35,100
1719462916529,5.3,25
1719462916761,5.35,400
1719462917705,5.4,25
1719462918085,5.45,25
1719462918519,5.4,25
1719462919212,5.4,150
1719462919465,5.35,25
1719462919568,5.4,100
1719462920726,5.4,50
1719462921072,5.4,100
1719462921501,5.35,25
1719462922244,5.25,150
1719462922486,5.3,150
1719462923244,5.3,25
1719462923718,5.3,1050
1719462924080,5.35,25
1719462924535,5.3,50
1719462925258,5.25,300
1719462925325,5.25,800
1719462925661,5.25,25
1719462926543,5.3,75
1719462926681,5.3,300
1719462927424,5.3,25
1719462927902,5.25,100
1719462928508,5.3,25
1719462928794,5.3,25
1719462929540,5.3,500
1719462929885,5.3,300
1719462930020,5.35,150
1719462930710,5.35,50
1719462931067,5.35,75
1719462931413,5.35,25
1719462932270,5.35,25
1719462932364,5.35,25
1719462932535,5.3,50
1719462933692,5.3,100
1719462933860,5.3,150
1719462934537,5.35,25
1719462934657,5.3,300
1719462935501,5.3,50
1719462935886,5.3,100
1719462936735,5.35,25
1719462936875,5.3,25
1719462937716,5.25,25
1719462938221,5.25,25
1719462938548,5.3,25
1719462939251,5.2,50
1719462939548,5.2,50
1719462939667,5.2,250
1719462940692,5.25,300
1719462940907,5.3,25
1719462941517,5.25,100
1719462942096,5.4,100
1719462942698,5.3,50
1719462943096,5.4,100
1719462943461,5.4,50
1719462944316,5.35,25
1719462944517,5.4,100
1719462944703,5.4,25
1719462945706,5.4,25
1719462945890,5.4,25
1719462946480,5.45,25
1719462947102,5.4,75
1719462947540,5.4,150
1719462948326,5.4,50
1719462948554,5.4,50
1719462949224,5.4,125
1719462949744,5.35,300
1719462950331,5.4,50
1719462950554,5.4,25
1719462951490,5.35,50
1719462951490,5.35,50
1719462952713,5.35,50
1719462953560,5.35,25
1719462953908,5.35,200
1719462954536,5.3,50
1719462954929,5.3,100
1719462955541,5.35,25
1719462956025,5.3,25
1719462956359,5.3,50
1719462957279,5.25,25
1719462957745,5.3,25
1719462958531,5.3,25
1719462959411,5.25,300
1719462960390,5.2,25
1719462961726,5.15,50
1719462961726,5.15,50
1719462962526,5.15,25
1719462962885,5.1,250
1719462963517,5.2,25
1719462963899,5.25,75
1719462964757,5.2,1800
1719462965087,5.2,25
1719462965509,5.2,100
1719462966315,5.2,25
1719462966535,5.2,150
1719462966744,5.2,150
1719462967526,5.2,400
1719462967614,5.2,475
1719462968691,5.25,25
1719462969406,5.15,200
1719462969785,5.2,50
1719462970517,5.15,150
1719462970924,5.2,50
1719462971445,5.2,50
1719462972125,5.2,75
1719462972538,5.15,50
1719462973144,5.2,25
1719462973708,5.2,50
1719462974139,5.2,150
1719462974541,5.2,25
1719462975332,5.2,100
1719462975545,5.15,25
1719462975739,5.2,25
1719462976519,5.2,275
1719462976930,5.2,25
1719462977576,5.2,575
1719462977934,5.2,25
1719462978551,5.2,50
1719462979157,5.25,50
1719462983543,5.2,25
1719462984547,5.2,25
1719462984547,5.2,25
1719462985557,5.2,25
1719462985764,5.2,25
1719462986666,5.25,100
1719462986946,5.25,875
1719462987552,5.2,25
1719462987742,5.2,25
1719462988429,5.15,100
1719462988852,5.2,625
1719462989440,5.2,625
1719463015583,5.2,100
1719463015807,5.15,400
1719463016400,5.15,25
1719463016755,5.15,200
1719463017468,5.15,50
1719463018001,5.05,525
1719463018463,5.1,100
1719463018953,5.1,825
1719463019714,5.05,25
1719463020002,5.0,50
1719463020521,5.0,50
1719463021014,4.95,50
1719463021521,4.95,500
1719463022027,4.95,100
1719463022585,4.95,25
1719463023407,5.0,100
1719463023584,5.0,300
1719463024393,5.0,175
1719463024445,5.0,25
1719463025374,5.0,150
1719463025696,5.0,25
1719463026322,4.95,100
1719463026563,5.0,150
1719463026815,5.0,375
1719463027501,5.0,50
1719463028002,4.95,50
1719463028584,5.0,150
1719463029156,5.0,75
1719463029520,5.0,200
1719463030218,5.0,50
1719463030760,4.95,150
1719463031200,4.9,25
1719463031536,4.9,50
1719463032251,4.95,50
1719463032574,4.95,25
1719463033245,4.95,100
1719463033806,5.0,25
1719463034374,5.1,25
1719463034587,5.1,25
1719463035599,5.15,50
1719463035842,5.2,25
1719463036547,5.2,1800
1719463037025,5.15,25
1719463037785,5.2,25
1719463038242,5.15,25
1719463038595,5.2,250
1719463039041,5.2,25
1719463039605,5.15,100
1719463040026,5.2,25
1719463040588,5.2,25
1719463041105,5.1,100
1719463041588,5.2,25
1719463042099,5.15,75
1719463042561,5.15,150
1719463043054,5.15,750
1719463043766,5.15,75
1719463044427,5.05,150
1719463044610,5.1,25
1719463045591,5.1,1800
1719463045654,5.05,25
1719463046467,5.1,800
1719463046467,5.1,800
1719463047538,5.05,50
1719463047736,5.05,150
1719463048499,5.05,200
1719463048998,5.05,25
1719463049569,5.1,25
1719463050050,5.05,50
1719463050050,5.05,50
1719463050593,5.05,400
1719463050825,5.05,375
1719463051582,5.1,25
1719463051867,5.1,150
1719463052709,5.15,1250
1719463053020,5.15,50
1719463053549,5.2,100
1719463054018,5.15,50
1719463054605,5.2,25
1719463055262,5.15,50
1719463055476,5.15,25
1719463055476,5.15,25
1719463056552,5.2,25
1719463056552,5.2,25
1719463057455,5.15,25
1719463057854,5.15,25
1719463058550,5.2,175
1719463059041,5.2,25
1719463059750,5.2,100
1719463060042,5.2,25
1719463060484,5.2,25
1719463061224,5.2,50
1719463061449,5.15,25
1719463062466,5.15,600
1719463062512,5.2,250
1719463063043,5.2,25
1719463063798,5.15,75
1719463064160,5.15,400
1719463064603,5.2,500
1719463065456,5.15,1525
1719463065672,5.2,50
1719463066578,5.2,25
1719463066878,5.2,125
1719463067850,5.2,500
1719463068564,5.15,875
1719463069075,5.15,25
1719463069521,5.15,1175
1719463070004,5.15,25
1719463070430,5.1,50
1719463071279,5.15,25
1719463071466,5.15,50
1719463072463,5.1,25
1719463072552,5.1,400
1719463073391,5.2,125
1719463073597,5.2,25
1719463073597,5.2,25
1719463074609,5.2,25
1719463074649,5.2,150
1719463075608,5.2,25
1719463076111,5.2,50
1719463076565,5.2,75
1719463077241,5.15,75
1719463077659,5.2,25
1719463078277,5.15,25
1719463078619,5.2,50
1719463079484,5.2,25
1719463079570,5.2,25
1719463079828,5.25,25
1719463080100,5.2,200
1719463080560,5.15,25
1719463081077,5.2,350
1719463081546,5.15,125
1719463082303,5.2,25
1719463082801,5.15,25
1719463083264,5.2,925
1719463083621,5.2,25
1719463084308,5.15,50
1719463084616,5.15,25
1719463085307,5.1,25
1719463085611,5.1,25
1719463086273,5.15,25
1719463086548,5.1,250
1719463087441,5.15,875
1719463087441,5.15,875
1719463087888,5.15,1400
1719463088624,5.1,850
1719463089293,5.15,50
1719463089562,5.1,750
1719463090106,5.15,25
1719463090562,5.15,100
1719463091232,5.1,50
1719463091618,5.15,75
1719463092479,5.1,25
1719463092705,5.1,25
1719463092926,5.1,25
1719463093582,5.15,25
1719463094045,5.1,275
1719463094599,5.1,50
1719463095311,5.1,250
1719463095376,5.1,25
1719463096521,5.0,25
1719463096588,5.0,25
1719463097475,5.1,25
1719463098344,5.1,500
1719463098672,5.1,100
1719463099522,5.15,25
1719463099632,5.1,125
1719463099926,5.1,900
1719463100520,5.15,250
1719463101124,5.1,50
1719463101553,5.05,500
1719463102134,5.1,50
1719463102588,5.05,25
1719463103138,5.05,25
1719463103620,5.05,25
1719463104254,5.1,25
1719463104390,5.1,50
1719463105340,5.1,125
1719463105637,5.1,25
1719463106585,5.05,25
1719463107092,5.05,425
1719463107602,5.1,150
1719463108383,5.1,50
1719463108624,5.1,50
1719463109608,5.1,75
1719463109779,5.1,25
1719463110058,5.05,25
1719463110611,5.1,250
1719463110690,5.1,25
1719463111651,5.1,25
1719463111951,5.1,25
1719463112626,5.1,1000
1719463112836,5.1,300
1719463113639,5.05,400
1719463114269,5.1,25
1719463114635,5.1,25
1719463115336,5.1,50
1719463115621,5.05,25
1719463116247,5.05,50
1719463116626,5.05,1200
1719463117532,5.05,25
1719463117586,5.1,50
1719463118605,5.1,50
1719463119480,5.1,25
1719463120291,5.05,25
1719463120800,5.05,200
1719463120800,5.05,200
1719463121650,4.9,500
1719463122165,4.95,25
1719463122600,4.95,625
1719463123153,4.9,75
1719463123838,4.95,925
1719463124082,4.95,50
1719463124585,4.95,25
1719463125290,4.95,25
1719463125635,4.95,50
1719463126066,4.9,1075
1719463126578,4.9,1275
1719463127150,4.8,25
1719463127651,4.85,25
1719463128161,4.9,25
1719463128624,4.95,125
1719463129329,5.05,100
1719463129616,5.05,50
1719463130441,5.0,50
1719463130763,5.05,100
1719463131625,5.1,25
1719463132586,5.1,25
1719463132615,5.1,25
1719463133487,5.1,25
1719463133984,5.1,25
1719463134470,5.1,75
1719463134982,5.1,25
1719463135658,5.1,25
1719463136000,5.1,50
1719463136660,5.05,25
1719463137370,5.05,25
1719463137471,5.05,25
1719463138621,5.0,25
1719463139534,4.95,50
1719463139666,4.95,25
1719463140091,5.0,25
1719463141000,5.0,50
1719463141608,4.95,25
1719463142162,5.0,25
1719463142539,4.95,350
1719463143293,5.0,750
1719463143650,5.0,100
1719463144327,5.0,1775
1719463144647,5.05,75
1719463145598,5.05,50
1719463145775,5.0,350
1719463146000,5.0,50
1719463146594,5.0,275
1719463147130,5.0,500
1719463147532,5.0,250
1719463148186,5.0,125
1719463148487,5.0,350
1719463149374,5.0,750
1719463149642,5.0,50
1719463150416,5.0,175
1719463150551,5.0,1325
1719463151197,5.0,25
1719463151569,5.0,25
1719463152505,4.95,25
1719463153272,4.95,25
1719463153538,5.0,100
1719463154603,5.0,325
1719463154603,5.0,325
1719463155652,4.9,100
1719463155813,4.95,25
1719463156610,4.95,100
1719463156809,4.95,25
1719463157507,5.0,75
1719463157790,5.0,50
1719463158844,5.05,125
1719463158917,5.0,500
1719463159612,5.0,50
1719463160016,5.0,25
1719463160432,5.05,25
1719463161391,5.0,150
1719463161556,5.0,25
1719463162098,4.95,25
1719463162541,5.05,550
1719463162980,5.0,1425
1719463163568,5.05,50
1719463164361,4.95,25
1719463164636,4.95,25
1719463165430,5.0,250
1719463165430,5.0,250
1719463166604,4.95,25
1719463166604,4.95,25
1719463166822,4.95,1000
1719463167665,4.95,800
1719463168148,4.95,650
1719463168567,4.95,25
1719463169395,5.0,25
1719463169847,5.0,1600
1719463170421,5.0,50
1719463170635,5.0,50
1719463171377,5.0,50
1719463171543,4.95,50
1719463172404,4.95,50
1719463172404,4.95,50
1719463173526,4.95,25
1719463174256,4.95,50
1719463174657,4.95,25
1719463175300,5.0,25
1719463175682,4.95,25
1719463176445,5.0,375
1719463176886,4.95,25
1719463177651,4.95,125
1719463178186,4.95,25
1719463178501,4.95,50
1719463179351,4.95,25
1719463179523,5.0,25
1719463180849,4.9,25
1719463181606,4.95,100
1719463182018,4.9,25
1719463182559,4.8,25
1719463183002,4.8,50
1719463183677,4.85,750
1719463184235,4.85,25
1719463184685,4.85,25
1719463185409,4.9,25
1719463185501,4.85,50
1719463186422,4.95,450
1719463186796,4.9,25
1719463187561,4.9,350
1719463187848,4.95,150
1719463188670,4.9,25
1719463188754,4.9,25
1719463189501,4.9,50
1719463190251,4.9,50
1719463190642,4.95,150
1719463191445,4.95,175
1719463191563,4.95,25
1719463192278,4.95,25
1719463192501,4.9,50
1719463193403,4.95,600
1719463193507,4.95,50
1719463194251,4.9,50
1719463194664,4.95,325
1719463195380,4.9,175
1719463195662,4.95,650
1719463196645,4.95,25
1719463196751,4.9,50
1719463197636,4.95,100
1719463198002,4.9,50
1719463198501,4.9,50
1719463199456,4.9,25
1719463199893,4.95,25
1719463200105,4.9,25
1719463200251,4.85,25
1719463200501,4.85,50
1719463201634,4.9,25
1719463202610,4.9,25
1719463202882,4.9,25
1719463203701,4.95,50
1719463204639,4.85,575
1719463204805,4.9,25
1719463205672,4.9,250
1719463206289,4.9,50
1719463206874,4.9,50
1719463207172,4.85,50
1719463207666,4.85,1750
1719463207666,4.85,1750
1719463208695,4.9,25
1719463209295,4.85,50
1719463209651,4.9,175
1719463210085,4.9,50
1719463210642,4.9,425
1719463211183,4.9,50
1719463211626,4.85,25
1719463212377,4.8,25
1719463212709,4.8,25
1719463213434,4.85,500
1719463213619,4.85,100
1719463214702,4.85,50
1719463214739,4.85,50
1719463215050,4.9,50
1719463215651,4.9,50
1719463216119,4.85,25
1719463216680,4.85,25
1719463217268,4.85,25
1719463217701,4.85,25
1719463218226,4.9,50
1719463218614,4.95,100
1719463219449,4.9,350
1719463219905,4.9,25
1719463220421,4.9,25
1719463220703,4.9,25
1719463221420,4.9,50
1719463221837,4.95,50
1719463222544,4.85,25
1719463222894,4.9,25
1719463223615,4.85,25
1719463224275,4.8,50
1719463224705,4.9,550
1719463225510,4.9,25
1719463225606,4.9,150
1719463226180,4.9,350
1719463226894,4.9,100
1719463227326,4.9,25
1719463227704,4.85,50
1719463228728,4.85,25
1719463228914,4.85,50
1719463229868,4.9,125
1719463230100,4.9,200
1719463230651,4.8,200
1719463231208,4.95,450
1719463231637,4.85,275
1719463232524,4.75,25
1719463232879,4.8,25
1719463233523,4.8,150
1719463233701,4.8,25
1719463234641,4.85,500
1719463234943,4.8,450
1719463235643,4.85,500
1719463236219,4.9,25
1719463236659,4.9,100
1719463237328,4.9,25
1719463237707,4.9,125
1719463238506,4.9,50
1719463238676,4.9,25
1719463239454,4.9,200
1719463239576,4.95,100
1719463240619,4.95,25
1719463240863,4.95,50
1719463241704,4.95,175
1719463242152,4.95,25
1719463242678,4.95,25
1719463243354,4.9,325
1719463243689,4.95,50
1719463244320,4.9,25
1719463244620,4.9,25
1719463245524,4.9,900
1719463245524,4.9,900
1719463246367,4.9,200
1719463246652,4.9,25
1719463247627,4.9,25
1719463248674,4.9,1000
1719463249712,5.0,25
1719463249910,5.0,375
1719463250914,4.95,1225
1719463251375,4.95,25
1719463251719,5.0,150
1719463252522,4.95,300
1719463252725,4.95,375
1719463253528,4.95,800
1719463253528,4.95,800
1719463254564,4.95,25
1719463254703,4.95,150
1719463255397,4.9,50
1719463255659,4.95,975
1719463256661,5.0,25
1719463257626,4.95,25
1719463258119,4.95,200
1719463258710,4.95,50
1719463259085,5.0,25
1719463259718,4.95,50
1719463260179,5.0,50
1719463260580,5.0,450
1719463261085,5.0,25
1719463261690,4.95,400
1719463262536,4.8,25
1719463262709,4.9,50
1719463263774,4.95,50
1719463264641,4.95,100
1719463264985,4.95,100
1719463265711,4.95,675
1719463266239,4.95,25
1719463266728,4.9,100
1719463267350,4.9,75
1719463267729,4.95,300
1719463268155,4.95,25
1719463268719,4.9,50
1719463269451,4.95,25
1719463269725,4.95,50
1719463270461,5.0,50
1719463270461,5.0,50
1719463271529,4.9,50
1719463271671,4.9,100
1719463272188,4.9,200
1719463272564,4.95,150
1719463273122,4.95,50
1719463273703,4.95,50
1719463274394,4.95,25
1719463274637,4.95,125
1719463275576,4.9,25
1719463275744,4.9,50
1719463276598,4.6,775
1719463276714,4.55,800
1719463277709,4.65,50
1719463278780,4.55,225
1719463278990,4.55,75
1719463279739,4.55,50
1719463280382,4.65,75
1719463280734,4.65,150
1719463281513,4.75,200
1719463281729,4.7,250
1719463282518,4.75,25
1719463282717,4.75,100
1719463283364,4.75,25
1719463283675,4.75,150
1719463284400,4.8,25
1719463284736,4.8,50
1719463285565,4.75,150
1719463285651,4.75,100
1719463286711,4.75,100
1719463286836,4.75,100
1719463286973,4.8,100
1719463287683,4.85,25
1719463288204,4.8,125
1719463288733,4.8,50
1719463289043,4.8,575
1719463289729,4.8,500
1719463290063,4.85,275
1719463290149,4.8,200
1719463290612,4.85,50
1719463291240,4.8,725
1719463291572,4.85,25
1719463292617,4.8,300
1719463292617,4.8,300
1719463293410,4.75,75
1719463293716,4.75,25
1719463294574,4.75,400
1719463294912,4.75,100
1719463295135,4.7,125
1719463295706,4.7,25
1719463296218,4.7,25
1719463296415,4.7,25
1719463297425,4.7,25
1719463297433,4.7,50
1719463298605,4.7,50
1719463298741,4.7,175
1719463299496,4.75,25
1719463299496,4.75,25
1719463300441,4.65,25
1719463300652,4.7,25
1719463301480,4.7,750
1719463301480,4.7,750
1719463302525,4.65,25
1719463302525,4.65,25
1719463303440,4.75,75
1719463304057,4.75,175
1719463304908,4.75,1350
1719463305207,4.75,1150
1719463305755,4.8,75
1719463306197,4.7,250
1719463306714,4.7,1000
1719463308280,4.7,1625
1719463308533,4.7,400
1719463309229,4.7,25
1719463309229,4.7,25
1719463310509,4.75,200
1719463310760,4.7,25
1719463311462,4.7,25
1719463311670,4.7,50
1719463312679,4.65,25
1719463312942,4.65,1150
1719463313704,4.65,25
1719463314462,4.7,25
1719463314755,4.75,25
1719463315430,4.65,300
1719463315536,4.7,25
1719463316373,4.65,25
1719463317661,4.65,50
1719463317715,4.65,50
1719463318668,4.7,50
1719463318926,4.7,1575
1719463319756,4.65,25
1719463320088,4.65,50
1719463329759,4.65,25
1719463330041,4.7,25
1719463330693,4.7,100
1719463331494,4.65,25
1719463331729,4.65,25
1719463333917,4.6,575
1719463334731,4.65,150
1719463335770,4.65,350
1719463335878,4.6,375
1719463336275,4.6,50
1719463336759,4.6,100
1719463337236,4.6,50
1719463337764,4.6,25
1719463338218,4.55,625
1719463338748,4.6,25
1719463339438,4.6,25
1719463339768,4.6,25
1719463340453,4.55,325
1719463340762,4.55,125
1719463341658,4.5,75
1719463341724,4.55,550
1719463342692,4.55,75
1719463342768,4.55,300
1719463343614,4.5,25
1719463343893,4.55,25
1719463344100,4.55,75
1719463358774,4.25,100
1719463358913,4.3,25
1719463359749,4.3,25
1719463359910,4.3,350
1719463360730,4.3,350
1719463360730,4.3,350
1719463361753,4.2,200
1719463361924,4.25,100
1719463362310,4.25,100
1719463362910,4.3,75
1719463363300,4.3,50
1719463363743,4.3,25
1719463364748,4.25,25
1719463365782,4.25,50
1719463366615,4.3,50
1719463366785,4.3,375
1719463367526,4.3,900
1719463367793,4.3,75
1719463368535,4.3,625
1719463368777,4.25,25
1719463369677,4.25,25
1719463369783,4.2,25
1719463370710,4.25,275
1719463370789,4.2,25
1719463371788,4.15,25
1719463372718,4.15,25
1719463372793,4.15,25
1719463373543,4.2,50
1719463373804,4.15,25
1719463374798,4.15,25
1719463379333,4.2,25
1719463380001,4.3,75
1719463380117,4.3,425
1719463380549,4.3,25
1719463380708,4.3,50
1719463381766,4.4,525
1719463382726,4.4,25
1719463383772,4.4,1475
1719463384693,4.4,75
1719463385751,4.4,125
1719463385751,4.4,125
1719463386681,4.45,600
1719463386681,4.45,600
1719463387175,4.35,100
1719463387741,4.35,25
1719463388541,4.4,100
1719463388583,4.35,25
1719463389459,4.4,25
1719463389741,4.4,25
1719463390794,4.4,125
1719463391717,4.4,100
1719463391971,4.4,25
1719463392802,4.4,200
1719463392970,4.4,25
1719463393256,4.45,75
1719463393843,4.45,75
1719463394301,4.45,325
1719463394662,4.4,25
1719463395718,4.45,25
1719463396728,4.4,125
1719463397753,4.45,50
1719463397805,4.45,25
1719463398748,4.45,50
1719463399725,4.35,25
1719463400159,4.4,500
1719463400762,4.4,675
1719463401395,4.4,25
1719463401467,4.45,450
1719463402518,4.4,25
1719463402767,4.4,25
1719463403788,4.4,25
1719463403953,4.4,25
1719463404797,4.4,25
1719463405790,4.4,25
1719463405943,4.4,150
1719463406199,4.4,25
1719463406811,4.45,25
1719463407203,4.45,150
1719463407811,4.45,25
1719463408593,4.45,100
1719463408780,4.5,500
1719463409616,4.5,225
1719463409822,4.5,25
1719463410101,4.55,100
1719463410706,4.5,75
1719463411781,4.45,25
1719463411961,4.5,675
1719463412761,4.5,1800
1719463412960,4.5,25
1719463413385,4.45,750
1719463413758,4.5,50
1719463414809,4.5,75
1719463415496,4.5,375
1719463415496,4.5,375
1719463416611,4.6,1750
1719463416821,4.6,25
1719463417773,4.6,25
1719463418787,4.55,25
1719463418881,4.6,25
1719463419827,4.55,75
1719463419997,4.55,75
1719463420706,4.55,75
1719463420974,4.55,50
1719463421172,4.55,25
1719463421804,4.55,950
1719463422258,4.6,50
1719463422761,4.55,75
1719463423621,4.6,25
1719463423733,4.55,25
1719463424833,4.5,250
1719463425804,4.6,50
1719463426769,4.55,100
1719463426769,4.55,100
1719463427661,4.6,50
1719463427913,4.6,375
1719463429038,4.75,75
1719463429421,4.8,25
1719463429829,4.75,250
1719463430713,4.65,1250
1719463430995,4.7,100
1719463431822,4.7,175
1719463431822,4.7,175
1719463432833,4.95,275
1719463433024,4.95,1200
1719463433808,4.85,25
1719463434133,4.85,300
1719463435041,4.9,75
1719463435442,4.85,50
1719463435833,4.85,25
1719463436650,4.85,125
1719463436751,4.85,250
1719463437852,4.85,50
1719463439033,4.85,25
1719463439033,4.85,25
1719463439717,4.85,25
1719463440194,4.9,100
1719463440831,4.85,150
1719463441443,4.85,225
1719463441707,4.85,75
1719463442670,4.8,25
1719463443061,4.8,150
1719463443575,4.8,25
1719463443796,4.75,25
1719463444772,4.75,25
1719463445828,4.8,25
1719463457687,4.75,50
1719463458031,4.7,25
1719463458812,4.7,50
1719463458812,4.7,50
1719463459874,4.75,200
1719463460888,4.8,150
1719463461535,4.8,450
1719463462065,4.8,100
1719463462444,4.7,1200
1719463462838,4.75,25
1719463463447,4.7,100
1719463463860,4.75,175
1719463465637,4.75,1475
1719463465910,4.85,75
1719463466799,4.75,250
1719463467781,4.75,25
1719463468090,4.75,25
1719463468265,4.75,25
1719463468845,4.75,25
1719463469480,4.75,1400
1719463469711,4.75,75
1719463470107,4.7,125
1719463470665,4.6,100
1719463470772,4.6,25
1719463471776,4.55,250
1719463471853,4.55,25
1719463472606,4.55,25
1719463472847,4.5,500
1719463473587,4.5,50
1719463474842,4.5,25
1719463474842,4.5,25
1719463475910,4.5,75
1719463476786,4.5,350
1719463476899,4.45,1175
1719463477854,4.45,50
1719463477854,4.45,50
1719463478426,4.5,150
1719463478785,4.55,200
1719463479821,4.6,50
1719463479821,4.6,50
1719463480795,4.65,25
1719463480913,4.7,200
1719463481902,4.75,450
1719463482837,4.7,250
1719463483096,4.7,175
1719463483509,4.75,25
1719463483816,4.7,25
1719463484517,4.7,25
1719463485014,4.75,250
1719463485496,4.75,200
1719463485854,4.7,25
1719463486589,4.7,750
1719463486589,4.7,750
1719463487822,4.7,25
1719463488892,4.7,25
1719463489862,4.7,25
1719463490773,4.7,25
1719463491020,4.75,325
1719463491496,4.7,25
1719463491777,4.75,100
1719463492735,4.75,500
1719463492735,4.75,500
1719463493894,4.7,25
1719463495747,4.7,25
1719463496108,4.75,25
1719463496310,4.75,200
1719463496560,4.7,25
1719463497292,4.7,175
1719463497813,4.7,25
1719463498290,4.7,25
1719463498825,4.75,25
1719463499734,4.75,25
1719463499864,4.7,50
1719463500114,4.7,25
1719463500728,4.65,25
1719463500875,4.65,25
1719463501879,4.6,25
1719463502038,4.6,100
1719463502941,4.6,25
1719463503953,4.6,25
1719463504779,4.55,100
1719463504779,4.55,100
1719463505845,4.6,25
1719463505943,4.6,75
1719463506953,4.55,50
1719463507851,4.6,1000
1719463507912,4.55,50
1719463508814,4.55,300
1719463508923,4.6,75
1719463509565,4.5,225
1719463509776,4.55,325
1719463510624,4.55,400
1719463510624,4.55,400
1719463511686,4.65,275
1719463511686,4.65,275
1719463512949,4.6,100
1719463513860,4.65,75
1719463513948,4.7,400
1719463514840,4.6,600
1719463515169,4.65,250
1719463515352,4.7,50
1719463516030,4.65,25
1719463516549,4.6,225
1719463516830,4.65,200
1719463517524,4.65,300
1719463517853,4.65,75
1719463518420,4.65,25
1719463518862,4.65,200
1719463519749,4.65,450
1719463519749,4.65,450
1719463520726,4.7,25
1719463520860,4.7,25
1719463521798,4.65,25
1719463522882,4.6,475
1719463522901,4.6,500
1719463523874,4.6,25
1719463523945,4.6,25
1719463524675,4.5,250
1719463525165,4.55,50
1719463525579,4.55,50
1719463525642,4.55,25
1719463526714,4.55,25
1719463526714,4.55,25
1719463527936,4.55,25
1719463528685,4.55,50
1719463528685,4.55,50
1719463529872,4.55,25
1719463529872,4.55,25
1719463530060,4.5,25
1719463530861,4.5,25
1719463531101,4.45,100
1719463532129,4.4,150
1719463532572,4.4,600
1719463532857,4.45,50
1719463533716,4.45,50
1719463533811,4.45,125
1719463534851,4.4,25
1719463535400,4.45,100
1719463535400,4.45,100
1719463536629,4.45,25
1719463536859,4.4,75
1719463538003,4.4,75
1719463538903,4.4,175
1719463539001,4.35,50
1719463539997,4.4,75
1719463540880,4.35,500
1719463540922,4.35,200
1719463541860,4.35,175
1719463542212,4.45,75
1719463542404,4.35,25
1719463543094,4.35,250
1719463543583,4.35,25
1719463543874,4.35,25
1719463544550,4.45,100
1719463544733,4.45,75
1719463545818,4.4,75
1719463545857,4.4,675
1719463546690,4.4,25
1719463549759,4.25,50
1719463550572,4.25,25
1719463550902,4.25,100
1719463551764,4.3,650
1719463551904,4.3,50
1719463552802,4.3,25
1719463553065,4.35,75
1719463553868,4.3,25
1719463554816,4.4,25
1719463554816,4.4,25
1719463555765,4.45,75
1719463556000,4.45,50
1719463556810,4.45,175
1719463557007,4.5,100
1719463557862,4.5,75
1719463558023,4.5,75
1719463558884,4.45,25
1719463558984,4.5,75
1719463559301,4.45,625
1719463560182,4.45,25
1719463560431,4.45,200
1719463560856,4.4,50
1719463561642,4.45,100
1719463561898,4.5,75
1719463562841,4.45,250
1719463563829,4.5,75
1719463564048,4.5,100
1719463564866,4.55,150
1719463565233,4.5,200
1719463565885,4.45,25
1719463566208,4.5,25
1719463566708,4.55,25
1719463567240,4.5,25
1719463567638,4.5,50
1719463567798,4.55,50
1719463568311,4.55,850
1719463568816,4.5,100
1719463569822,4.55,150
1719463569822,4.55,150
1719463570848,4.6,500
1719463570848,4.6,500
1719463571851,4.6,75
1719463572823,4.6,50
1719463572823,4.6,50
1719463573717,4.65,400
1719463574000,4.7,50
1719463574647,4.65,50
1719463575748,4.65,50
1719463576838,4.7,25
1719463577000,4.7,50
1719463577891,4.7,25
1719463578031,4.75,25
1719463578896,4.75,25
1719463579890,4.75,25
1719463580000,4.75,50
1719463580869,4.75,25
1719463581891,4.75,25
1719463582729,4.8,25
1719463583910,4.8,275
1719463584037,4.85,25
1719463584925,4.85,50
1719463585255,4.85,25
1719463585567,4.85,25
1719463586103,4.85,75
1719463586596,4.85,75
1719463586844,4.85,25
1719463587690,4.8,25
1719463587919,4.8,25
1719463588884,4.85,75
1719463588884,4.85,75
1719463589902,4.8,25
1719463590098,4.8,25
1719463590924,4.8,25
1719463591882,4.8,50
1719463591900,4.8,225
1719463592902,4.75,50
1719463593000,4.8,50
1719463593713,4.75,25
1719463594214,4.8,950
1719463594448,4.85,25
1719463594907,4.8,25
1719463595696,4.8,200
1719463595774,4.75,25
1719463596889,4.8,25
1719463597928,4.85,100
1719463598933,4.85,25
1719463599844,4.8,25
1719463600115,4.8,25
1719463600837,4.8,1750
1719463600837,4.8,1750
1719463601752,4.8,150
1719463609817,4.7,25
1719463609817,4.7,25
1719463610861,4.75,25
1719463611303,4.65,625
1719463611801,4.75,50
1719463612075,4.75,25
1719463612825,4.75,25
1719463613050,4.75,250
1719463613831,4.8,675
1719463614153,4.7,25
1719463614500,4.75,25
1719463614882,4.7,150
1719463615447,4.7,100
1719463616074,4.75,25
1719463616642,4.7,25
1719463616791,4.65,25
1719463617640,4.7,200
1719463617927,4.7,1625
1719463618812,4.75,50
1719463619041,4.7,100
1719463619872,4.75,25
1719463620112,4.7,525
1719463620888,4.75,850
1719463620888,4.75,850
1719463621941,4.75,25
1719463622328,4.85,100
1719463622806,4.8,1000
1719463623349,4.8,25
1719463623349,4.8,25
1719463623806,4.8,575
1719463624906,4.8,25
1719463625922,4.8,50
1719463626130,4.85,25
1719463626863,4.85,650
1719463627727,4.8,225
1719463627931,4.85,1350
1719463628763,4.75,400
1719463629679,4.75,250
1719463630746,4.75,275
1719463631009,4.75,100
1719463631787,4.75,25
1719463632274,4.75,50
1719463632898,4.75,25
1719463633304,4.75,25
1719463633749,4.6,50
1719463633823,4.7,25
1719463634720,4.65,350
1719463634936,4.7,25
1719463635575,4.7,25
1719463635575,4.7,25
1719463636955,4.65,1275
1719463637775,4.6,100
1719463638008,4.6,575
1719463638733,4.6,100
1719463639130,4.65,25
1719463639983,4.65,25
1719463641152,4.6,150
1719463641837,4.55,50
1719463642322,4.55,25
1719463642957,4.55,750
1719463643564,4.5,25
1719463643890,4.55,75
1719463644500,4.55,50
1719463644868,4.55,250
1719463645683,4.55,25
1719463645939,4.6,200
1719463646757,4.6,850
1719463646896,4.6,100
1719463647742,4.7,50
1719463647953,4.65,175
1719463668965,4.8,25
1719463669000,4.8,50
1719463670000,4.8,50
1719463670728,4.75,125
1719463670946,4.75,250
1719463671733,4.8,25
1719463671849,4.7,250
1719463673009,4.75,25
1719463673932,4.65,50
1719463674000,4.65,25
1719463674869,4.65,25
1719463675184,4.65,25
1719463675902,4.75,75
1719463676145,4.75,25
1719463676971,4.7,25
1719463688649,4.65,800
1719463689196,4.7,275
1719463754393,4.5,25
1719463754393,4.5,25
1719463755992,4.45,150
1719463755992,4.45,150
1719463760744,4.25,175
1719463760948,4.3,25
1719463761935,4.25,50
1719463762220,4.25,25
1719463762998,4.2,250
1719463763998,4.25,125
1719463764878,4.25,75
1719463765952,4.25,175
1719463766317,4.3,150
1719463766981,4.3,25
1719463767310,4.35,300
1719463768020,4.35,100
1719463768528,4.35,25
1719463768651,4.35,25
1719463768924,4.35,600
1719463769944,4.35,25
1719463769944,4.35,25
1719463769944,4.35,25
1719463770944,4.4,25
1719463770970,4.45,50
1719463776331,4.35,50
1719463777209,4.25,275
1719463777529,4.3,750
1719463777907,4.3,500
1719463778971,4.35,50
1719463779058,4.3,175
1719463779795,4.3,250
1719463779795,4.3,250
1719463780830,4.35,200
1719463781305,4.35,250
1719463782030,4.3,50
1719463782229,4.3,25
1719463782704,4.35,175
1719463783014,4.35,750
1719463783664,4.3,25
1719463783796,4.3,150
1719463784746,4.3,25
1719463785003,4.35,100
1719463785751,4.3,250
1719463786032,4.35,25
1719463786238,4.35,375
1719463788013,4.3,50
1719463788972,4.25,225
1719463789169,4.25,1125
1719463790051,4.25,100
1719463790244,4.25,25
1719463790943,4.25,75
1719463791174,4.2,1700
1719463792046,4.2,50
1719463792328,4.2,25
1719463793054,4.2,175
1719463793100,4.2,475
1719463794036,4.15,1725
1719463794346,4.1,25
1719463795001,4.1,175
1719463795339,4.1,400
1719463795972,4.1,250
1719463796515,4.15,50
1719463796753,4.15,25
1719463797042,4.2,550
1719463797915,4.2,25
1719463798026,4.2,25
1719463799041,4.2,25
1719463800048,4.15,350
1719463800075,4.2,50
1719463800956,4.15,500
1719463801199,4.15,25
1719463801792,4.1,25
1719463802983,4.1,250
1719463803171,4.15,25
1719463803987,4.15,50
1719463804587,4.15,50
1719463804760,4.15,25
1719463804877,4.15,50
1719463805799,4.2,75
1719463805799,4.2,75
1719463806242,4.2,450
1719463806242,4.2,450
1719463807872,4.15,50
1719463808207,4.15,25
1719463809146,4.15,25
1719463809254,4.15,25
1719463809892,4.15,50
1719463809892,4.15,50
1719463810951,4.05,325
1719463811394,4.1,250
1719463812020,4.1,25
1719463812372,4.1,250
1719463816008,3.95,800
1719463816336,4.0,25
1719463816995,4.0,50
1719463817216,4.05,50
1719463818048,4.05,575
1719463818201,4.0,25
1719463818809,4.1,25
1719463819363,4.05,25
1719463820015,4.05,375
1719463820430,4.05,100
1719463820920,4.05,25
1719463821614,4.05,175
1719463821940,4.0,25
1719463822346,4.0,75
1719463823043,4.05,25
1719463823418,4.0,350
1719463824028,4.05,25
1719463824262,4.05,350
1719463824954,4.0,25
1719463825523,4.0,50
1719463826125,4.05,175
1719463827067,4.1,25
1719463828041,4.05,425
1719463828225,4.05,100
1719463828977,4.05,100
1719463829416,4.1,25
1719463830109,4.2,1375
1719463830141,4.2,500
1719463830429,4.2,250
1719463830985,4.15,250
1719463831527,4.15,50
1719463831916,4.1,175
1719463832937,4.1,25
1719463833183,4.1,1725
1719463833899,4.1,25
1719463833899,4.1,25
1719463835000,4.15,25
1719463836000,4.15,25
1719463836775,4.15,300
1719463837929,4.15,600
1719463838898,4.1,25
1719463839952,4.15,75
1719463841000,4.2,50
1719463841124,4.15,50
1719463842000,4.2,25
1719463842310,4.2,25
1719463843070,4.2,25
1719463843108,4.2,300
1719463844054,4.2,100
1719463844054,4.2,100
1719463844901,4.2,400
1719463845740,4.25,500
1719463846000,4.2,50
1719463847008,4.2,1325
1719463847008,4.2,1325
1719463848067,4.2,25
1719463848845,4.25,25
1719463849737,4.2,25
1719463850853,4.25,25
1719463851834,4.2,650
1719463851834,4.2,650
1719463853089,4.25,125
1719463853110,4.25,125
1719463854065,4.25,125
1719463854465,4.25,125
1719463855065,4.25,125
1719463855685,4.3,25
1719463855827,4.3,25
1719463856864,4.25,25
1719463857047,4.25,125
1719463857805,4.2,75
1719463858119,4.2,25
1719463859082,4.1,175
1719463859859,4.1,50
1719463859859,4.1,50
1719463860444,4.1,25
1719463861251,4.05,725
1719463861412,4.0,25
1719463861924,3.95,1450
1719463862407,4.0,175
1719463863014,3.95,200
1719463863336,4.0,525
1719463863336,4.0,525
1719463863336,4.0,525
1719463864886,3.95,25
1719463865024,4.0,50
1719463866091,4.05,1150
1719463866091,4.05,1150
1719463867069,4.05,1075
1719463867266,4.0,200
1719463868073,4.05,350
1719463868230,4.05,100
1719463869050,4.05,50
1719463869050,4.05,50
1719463870093,4.0,25
1719463870288,4.0,125
1719463871044,4.05,125
1719463871333,4.05,150
1719463871929,4.05,75
1719463872506,4.05,25
1719463873061,4.05,350
1719463873385,4.0,100
1719463873757,4.05,325
1719463873757,4.05,325
1719463875047,4.1,25
1719463875047,4.1,25
1719463876022,4.05,525
1719463877087,4.1,75
1719463877963,4.05,150
1719463878324,4.05,25
1719463878919,4.05,50
1719463879281,4.05,500
1719463879704,4.05,25
1719463880513,4.05,1125
1719463881018,4.05,1550
1719463881557,4.0,25
1719463881557,4.0,25
1719463925001,4.0,25
1719463925001,4.0,25
1719463926131,4.0,300
1719463927082,4.0,125
1719463927159,4.0,75
1719463927809,3.95,25
1719463928131,3.95,25
1719463929008,3.95,75
1719463930059,4.05,25
1719463930200,4.0,25
1719463931073,4.0,200
1719463931073,4.0,200
1719463931883,3.95,50
1719463931883,3.95,50
1719463933119,4.0,125
1719463933549,3.95,500
1719463933797,3.9,400
1719463934501,3.95,1625
1719463935007,3.85,200
1719463935297,3.9,975
1719463935983,3.8,125
1719463936143,3.8,75
1719463936984,3.9,125
1719463937402,3.95,200
1719463938026,3.95,575
1719463938379,3.95,300
1719463939245,3.95,625
1719463945111,3.95,25
1719463945111,3.95,25
1719463946005,3.95,25
1719463946218,3.9,100
1719463946807,4.0,50
1719463947461,3.95,525
1719463948091,4.0,50
1719463948535,4.0,25
1719463948829,4.0,25
1719463952786,3.95,25
1719463953443,4.0,450
1719463953985,4.0,175
1719463954610,3.95,25
1719463955111,4.0,25
1719463955641,4.05,75
1719463956124,4.0,125
1719463956568,4.05,75
1719463957089,4.0,25
1719463957198,4.0,25
1719463957198,4.0,25
1719463957198,4.0,25
1719463959142,4.0,25
1719463959153,4.0,25
1719463960103,4.05,25
1719463960222,4.05,25
1719463961148,4.05,75
1719463961148,4.05,75
1719463962236,4.05,75
1719463962916,4.1,25
1719463962916,4.1,25
1719463964112,4.0,150
1719463964400,4.05,25
1719463965145,4.05,25
1719463965145,4.05,25
1719463965936,4.0,100
1719463966430,4.05,100
1719463967116,4.0,75
1719463967116,4.0,75
1719463968108,4.0,75
1719463968196,4.05,75
1719463969055,4.0,1175
1719463969055,4.0,1175
1719463969978,4.0,1450
1719463969978,4.0,1450
1719463971087,4.0,1400
1719463972000,4.05,25
1719463972624,4.05,600
1719463973083,4.05,50
1719463973416,4.05,1300
1719463973721,4.05,200
1719463974265,4.0,75
1719463975073,4.0,125
1719463975665,4.0,50
1719463976011,4.0,50
1719463976011,4.0,50
1719463977083,4.05,25
1719463977083,4.05,25
1719463978059,4.05,25
1719463978220,4.0,250
1719463979048,4.0,200
1719463979213,4.0,25
1719463980122,3.95,200
1719463980122,3.95,200
1719463980788,3.95,450
1719463981467,3.95,50
1719463982264,3.95,25
1719463982914,3.95,200
1719463983588,3.95,25
1719463984132,3.95,500
1719463984601,3.95,50
1719463985100,4.0,25
1719463985671,4.0,175
1719463986144,4.0,50
1719463986144,4.0,50
1719463987153,3.95,25
1719463987172,4.0,50
1719463988111,4.0,125
1719463988455,4.05,75
1719463988455,4.05,75
1719463989417,4.0,1075
1719463989735,4.0,25
1719463990406,4.0,25
1719463991012,4.0,25
1719463991206,4.0,25
1719463992028,4.0,25
1719463992190,4.0,25
1719463993059,4.0,25
1719463993467,4.0,150
1719463994157,4.05,750
1719463994605,4.0,500
1719463995157,4.05,100
1719463995500,4.05,25
1719463995901,4.0,75
1719463996875,4.05,650
1719463997029,4.0,25
1719463998084,4.0,75
1719463998207,4.0,25
1719463999133,4.05,75
1719463999133,4.05,75
1719463999938,4.05,100
1719463999938,4.05,100
1719464001040,4.1,275
1719464001502,4.1,500
1719464002087,4.1,100
1719464002449,4.0,75
1719464003138,4.05,25
1719464004153,4.05,150
1719464004585,4.05,300
1719464004981,4.05,400
1719464005511,4.05,25
1719464006003,4.1,50
1719464006515,4.1,125
1719464007147,4.1,50
1719464007767,4.1,50
1719464008124,4.1,25
1719464008250,4.05,25
1719464009166,4.05,250
1719464009301,4.05,1675
1719464010151,4.1,50
1719464010222,4.1,275
1719464010905,4.1,450
1719464012019,4.15,50
1719464012395,4.15,25
1719464012880,4.15,25
1719464013441,4.15,25
1719464014153,4.1,50
1719464015447,4.15,400
1719464016143,4.15,25
1719464016876,4.1,600
1719464016876,4.1,600
1719464017499,4.1,1075
1719464018250,4.05,25
1719464018600,4.1,25
1719464019576,4.1,25
1719464019838,4.05,50
1719464020748,4.1,50
1719464020993,4.1,400
1719464021924,4.0,1325
1719464021924,4.0,1325
1719464022515,4.0,825
1719464024135,4.0,50
1719464025002,4.05,300
1719464025002,4.05,300
1719464025709,4.05,50
1719464026537,4.05,25
1719464026997,4.05,100
1719464026997,4.05,100
1719464028144,4.05,100
1719464028543,4.05,975
1719464029156,4.05,150
1719464029361,4.05,25
1719464029888,4.05,75
1719464029888,4.05,75
1719464031078,4.0,50
1719464031354,4.05,1475
1719464032035,4.05,25
1719464032717,4.05,1200
1719464033267,4.05,1200
1719464034007,4.05,25
1719464034446,4.05,25
1719464035138,4.1,800
1719464035329,4.1,25
1719464036190,4.1,125
1719464036498,4.05,25
1719464037126,4.15,75
1719464037319,4.05,50
1719464038150,4.1,125
1719464038150,4.1,125
1719464039064,4.1,625
1719464039748,4.1,1125
1719464039865,4.1,25
1719464040469,4.1,25
1719464041081,4.1,25
1719464041625,4.1,100
1719464042126,4.1,100
1719464042676,4.15,100
1719464042676,4.15,100
1719464043827,4.15,25
1719464044165,4.15,125
1719464044983,4.15,25
1719464045000,4.2,50
1719464045335,4.15,1200
1719464046000,4.15,50
1719464046453,4.1,25
1719464047200,4.2,25
1719464047570,4.1,25
1719464048000,4.15,50
1719464048271,4.15,425
1719464049036,4.15,25
1719464049342,4.15,75
1719464050148,4.15,700
1719464050148,4.15,700
1719464051000,4.2,50
1719464051224,4.15,100
1719464052000,4.2,50
1719464052736,4.15,175
1719464053142,4.15,25
1719464053788,4.2,900
1719464054153,4.15,100
1719464054923,4.15,75
1719464055094,4.15,175
1719464056096,4.1,25
1719464057184,4.05,325
1719464058208,4.05,25
1719464058917,4.1,300
1719464059381,4.05,125
1719464060189,4.1,25
1719464060337,4.1,25
1719464061000,4.15,50
1719464061000,4.15,50
1719464062120,4.15,25
1719464062511,4.15,25
1719464063074,4.2,400
1719464063473,4.2,75
1719464063974,4.2,500
1719464064465,4.25,25
1719464074801,4.3,25
1719464075205,4.2,75
1719464075677,4.3,100
1719464076205,4.3,25
1719464076807,4.3,25
1719464077102,4.25,175
1719464077771,4.25,25
1719464078193,4.2,300
1719464078809,4.25,25
1719464078809,4.25,25
1719464080191,4.3,25
1719464081178,4.2,25
1719464081308,4.2,50
1719464082047,4.25,25
1719464082246,4.2,75
1719464082945,4.25,25
1719464083593,4.25,25
1719464084019,4.25,25
1719464084510,4.25,125
1719464088805,4.25,800
1719464088805,4.25,800
1719464090195,4.25,75
1719464090493,4.2,225
1719464091068,4.25,50
1719464091578,4.25,25
1719464092122,4.25,500
1719464092823,4.15,25
1719464093207,4.15,225
1719464093827,4.15,700
1719464094218,4.15,25
1719464095030,4.05,75
1719464095065,4.05,200
1719464095384,4.05,250
1719464096255,4.1,25
1719464097000,4.05,25
1719464097000,4.05,25
1719464098132,4.1,250
1719464098655,4.15,25
1719464099035,4.15,250
1719464099526,4.15,25
1719464100186,4.15,25
1719464100802,4.1,1200
1719464101144,4.1,1400
1719464101144,4.1,1400
1719464101914,4.1,300
1719464101914,4.1,300
1719464103226,4.1,25
1719464120518,4.0,25
1719464121187,4.0,25
1719464121457,4.0,75
1719464122061,4.0,50
1719464122061,4.0,50
1719464122906,4.05,125
1719464123516,4.1,750
1719464124062,4.15,25
1719464124415,4.1,750
1719464125185,4.1,250
1719464125667,4.05,100
1719464126189,4.1,25
1719464126748,4.05,300
1719464127177,4.1,75
1719464127267,4.1,250
1719464127682,4.1,25
1719464128640,4.1,350
1719464128640,4.1,350
1719464129366,4.1,25
1719464129366,4.1,25
1719464130480,4.1,25
1719464131210,4.1,25
1719464167295,4.2,25
1719464168314,4.15,1425
1719464169030,4.15,175
1719464169938,4.1,50
1719464169938,4.1,50
1719464170958,4.15,550
1719464170958,4.15,550
1719464171840,4.15,50
1719464172426,4.15,125
1719464173206,4.1,200
1719464173845,4.15,50
1719464174451,4.15,50
1719464175117,4.15,425
1719464175117,4.15,425
1719464176141,4.15,25
1719464176261,4.15,25
1719464176747,4.15,100
1719464177679,4.15,50
1719464177679,4.15,50
1719464178636,4.1,25
1719464178971,4.15,200
1719464179689,4.1,25
1719464180209,4.15,1000
1719464180701,4.15,125
1719464181456,4.05,50
1719464181557,4.1,100
1719464182267,4.1,50
1719464182469,4.1,50
1719464183219,4.1,50
1719464183634,4.1,50
1719464205229,4.2,50
1719464206142,4.15,175
1719464206955,4.2,25
1719464207221,4.2,175
1719464208045,4.15,25
1719464208045,4.15,25
1719464208833,4.15,25
1719464208833,4.15,25
1719464209973,4.15,25
1719464210275,4.1,25
1719464210275,4.1,25
1719464211122,4.1,175
1719464211528,4.1,300
1719464212153,4.1,500
1719464212461,4.1,525
1719464213200,4.15,525
1719464213711,4.1,25
1719464214231,4.15,50
1719464214423,4.1,50
1719464215272,4.1,25
1719464215868,4.1,25
1719464215868,4.1,25
1719464217002,4.05,75
1719464217232,4.05,25
1719464217777,4.1,50
1719464218275,4.05,175
1719464218724,4.0,25
1719464219479,4.0,50
1719464220000,3.9,25
1719464220027,3.95,250
1719464220228,3.95,75
1719464221019,3.95,25
1719464221152,4.0,50
1719464221850,3.95,300
1719464222195,3.95,1425
1719464223010,4.0,25
1719464223313,4.0,400
1719464223313,4.0,400
1719464224096,3.95,50
1719464224543,3.95,50
1719464224661,3.9,100
1719464225500,3.95,25
1719464226274,3.9,100
1719464226825,3.8,125
1719464228153,3.8,250
1719464228944,3.8,50
1719464229301,3.8,150
1719464230171,3.8,25
1719464231115,3.75,350
1719464233238,3.75,100
1719464233403,3.8,50
1719464234243,3.8,800
1719464234769,3.8,700
1719464235265,3.8,50
1719464235755,3.75,975
1719464236260,3.75,25
1719464236644,3.75,200
1719464237077,3.75,1050
1719464238019,3.75,1625
1719464238288,3.8,750
1719464238872,3.75,25
1719464239416,3.8,900
1719464239979,3.75,75
1719464240050,3.75,200
1719464240406,3.75,25
1719464241028,3.75,25
1719464241028,3.75,25
1719464242265,3.8,25
1719464242321,3.8,225
1719464243239,3.75,925
1719464243239,3.75,925
1719464244154,3.75,125
1719464244642,3.7,25
1719464245233,3.7,150
1719464245786,3.75,25
1719464245906,3.75,350
1719464247239,3.6,125
1719464247239,3.6,125
1719464247430,3.6,250
1719464248304,3.5,500
1719464248440,3.5,350
1719464249322,3.5,125
1719464250045,3.5,225
1719464250082,3.55,25
1719464250287,3.55,75
1719464251187,3.5,225
1719464251500,3.55,25
1719464252320,3.6,550
1719464253174,3.55,500
1719464253450,3.55,125
1719464254186,3.55,375
1719464254803,3.6,175
1719464255140,3.6,1325
1719464256002,3.65,25
1719464256201,3.6,50
1719464256955,3.6,25
1719464257264,3.65,150
1719464258004,3.55,25
1719464258190,3.6,175
1719464260152,3.5,175
1719464260318,3.55,50
1719464260845,3.5,150
1719464261300,3.5,25
1719464262293,3.55,25
1719464262436,3.5,200
1719464263327,3.5,225
1719464263327,3.5,225
1719464264281,3.55,700
1719464264664,3.5,75
1719464265323,3.5,25
1719464265830,3.5,25
1719464266295,3.45,50
1719464267048,3.5,200
1719464267268,3.5,25
1719464268085,3.5,25
1719464268263,3.5,100
1719464269277,3.5,75
1719464269277,3.5,75
1719464269396,3.5,25
1719464270309,3.45,500
1719464270649,3.45,25
1719464271305,3.45,200
1719464271590,3.5,300
1719464272302,3.6,100
1719464272817,3.5,950
1719464273194,3.45,50
1719464273840,3.5,25
1719464274312,3.55,25
1719464275086,3.6,200
1719464275318,3.6,400
1719464291393,3.5,25
1719464291610,3.5,125
1719464292342,3.4,125
1719464292871,3.45,25
1719464293328,3.4,50
1719464293914,3.4,50
1719464294319,3.45,50
1719464294914,3.4,25
1719464295272,3.4,500
1719464296125,3.4,25
1719464296229,3.45,100
1719464297086,3.4,25
1719464297313,3.4,150
1719464298328,3.35,375
1719464298537,3.4,100
1719464299152,3.35,25
1719464299490,3.3,25
1719464300225,3.35,500
1719464300534,3.35,200
1719464301225,3.35,200
1719464301736,3.35,200
1719464302337,3.4,200
1719464302691,3.4,125
1719464303285,3.35,25
1719464303729,3.35,200
1719464304312,3.35,200
1719464304944,3.35,175
1719464305317,3.3,200
1719464306090,3.4,25
1719464306310,3.35,300
1719464307289,3.4,75
1719464307538,3.35,75
1719464308150,3.35,25
1719464308377,3.3,25
1719464309317,3.35,100
1719464309740,3.3,25
1719464310093,3.3,475
1719464310362,3.25,150
1719464311139,3.35,1000
1719464311339,3.3,25
1719464311933,3.25,200
1719464312322,3.25,200
1719464312919,3.25,150
1719464313332,3.3,200
1719464314063,3.25,100
1719464314561,3.25,75
1719464315140,3.25,25
1719464315192,3.25,25
1719464316153,3.25,25
1719464316265,3.25,500
1719464317274,3.25,300
1719464317544,3.25,675
1719464318348,3.2,25
1719464318756,3.2,200
1719464319287,3.25,75
1719464319731,3.2,500
1719464320348,3.2,125
1719464320887,3.2,25
1719464321304,3.2,25
1719464321945,3.2,25
1719464322327,3.25,25
1719464322976,3.15,25
1719464323344,3.15,125
1719464323940,3.2,100
1719464324337,3.2,250
1719464324925,3.2,25
1719464325339,3.15,25
1719464325646,3.2,150
1719464326294,3.2,50
1719464326957,3.15,25
1719464327229,3.2,250
1719464327854,3.25,150
1719464328284,3.25,500
1719464328791,3.25,25
1719464329572,3.35,50
1719464330125,3.35,25
1719464330205,3.35,1800
1719464330956,3.3,200
1719464367368,3.4,425
1719464367800,3.4,25
1719464368275,3.4,25
1719464368569,3.35,25
1719464369236,3.35,25
1719464370000,3.4,50
1719464370089,3.35,25
1719464370326,3.4,400
1719464371000,3.4,50
1719464371000,3.4,50
1719464372001,3.4,25
1719464372346,3.35,350
1719464372523,3.45,350
1719464373361,3.4,25
1719464373601,3.35,675
1719464378000,3.45,50
1719464378153,3.4,75
1719464378657,3.4,225
1719464379361,3.4,75
1719464379836,3.4,25
1719464380305,3.45,50
1719464381000,3.45,25
1719464381350,3.4,25
1719464382037,3.45,250
1719464382364,3.45,125
1719464383000,3.45,50
1719464383367,3.4,50
1719464384192,3.4,50
1719464384384,3.4,50
1719464385350,3.4,50
1719464385412,3.4,50
1719464385634,3.4,50
1719464386380,3.4,50
1719464387004,3.4,50
1719464387363,3.45,925
1719464388260,3.4,50
1719464388379,3.4,50
1719464389254,3.4,25
1719464389366,3.4,25
1719464390260,3.4,50
1719464390376,3.45,25
1719464390835,3.4,50
1719464391363,3.4,50
1719464391850,3.4,50
1719464392350,3.4,50
1719464393021,3.4,50
1719464393332,3.4,50
1719464394381,3.35,50
1719464395352,3.4,50
1719464395414,3.35,50
1719464395639,3.4,50
1719464396365,3.35,50
1719464396586,3.35,50
1719464397836,3.35,50
1719464398385,3.35,50
1719464399002,3.35,25
1719464399396,3.35,50
1719464400131,3.35,50
1719464400396,3.35,25
1719464401379,3.35,50
1719464401417,3.35,50
1719464401641,3.4,850
1719464402582,3.4,25
1719464402823,3.4,25
1719464403379,3.35,600
1719464403718,3.4,50
1719464404404,3.4,300
1719464404839,3.35,225
1719464405380,3.4,100
1719464405880,3.35,25
1719464406464,3.35,25
1719464406855,3.35,525
1719464407312,3.3,1000
1719464407809,3.35,25
1719464408316,3.35,25
1719464408604,3.3,25
1719464409321,3.3,250
1719464410354,3.35,25
1719464410437,3.35,25
1719464410693,3.35,25
1719464411300,3.35,25
1719464411863,3.35,50
1719464412310,3.35,75
1719464412845,3.4,50
1719464412845,3.4,50
1719464414198,3.4,250
1719464414792,3.35,50
1719464415394,3.4,25
1719464415784,3.35,350
1719464416400,3.4,25
1719464417072,3.35,75
1719464417400,3.4,25
1719464417998,3.4,475
1719464418324,3.35,375
1719464418897,3.35,175
1719464419317,3.4,375
1719464419870,3.35,25
1719464420368,3.35,50
1719464421038,3.35,400
1719464421340,3.4,25
1719464422064,3.4,50
1719464422233,3.4,100
1719464423300,3.4,25
1719464423713,3.45,25
1719464424328,3.4,25
1719464424900,3.4,25
1719464425252,3.35,250
1719464425882,3.35,50
1719464426380,3.35,25
1719464426787,3.35,50
1719464427335,3.35,25
1719464428090,3.35,25
1719464428320,3.35,25
1719464429049,3.3,25
1719464429180,3.35,250
1719464429858,3.4,50
1719464430374,3.35,525
1719464430900,3.35,25
1719464431421,3.3,525
1719464431562,3.3,100
1719464432406,3.3,200
1719464433072,3.3,50
1719464433400,3.35,25
1719464434366,3.3,1800
1719464434500,3.35,25
1719464434500,3.35,25
1719464435265,3.35,25
1719464436109,3.3,25
1719464436280,3.3,25
1719464437122,3.3,150
1719464437272,3.25,25
1719464438108,3.25,25
1719464438300,3.3,100
1719464439041,3.3,250
1719464439426,3.25,425
1719464440031,3.25,1200
1719464440420,3.25,350
1719464441069,3.25,175
1719464441176,3.3,25
1719464441867,3.25,25
1719464442325,3.25,25
1719464443299,3.25,100
1719464443299,3.25,100
1719464443703,3.25,25
1719464444403,3.3,25
1719464444839,3.35,50
1719464445600,3.35,25
1719464445881,3.3,75
1719464446340,3.3,50
1719464446888,3.3,125
1719464447418,3.3,125
1719464448126,3.3,25
1719464448407,3.35,450
1719464449400,3.35,25
1719464450306,3.35,25
1719464450306,3.35,25
1719464451501,3.35,50
1719464453418,3.35,50
1719464458180,3.35,25
1719464459100,3.4,25
1719464459100,3.4,25
1719464459863,3.4,25
1719464460264,3.4,100
1719464461406,3.4,525
1719464462335,3.35,375
1719464462520,3.4,100
1719464462700,3.4,25
1719464463421,3.45,75
1719464463964,3.4,25
1719464464420,3.45,25
1719464465056,3.45,25
1719464465427,3.45,50
1719464466216,3.45,450
1719464466613,3.45,50
1719464466939,3.4,25
1719464468259,3.45,675
1719464468628,3.45,75
1719464469054,3.4,50
1719464470057,3.4,250
1719464470313,3.4,250
1719464470851,3.45,25
1719464471307,3.4,250
1719464471968,3.45,25
1719464472400,3.45,25
1719464472868,3.4,25
1719464473416,3.4,75
1719464474108,3.35,25
1719464474700,3.4,25
1719464475423,3.35,800
1719464475764,3.35,200
1719464476300,3.4,600
1719464476859,3.4,50
1719464477256,3.35,25
1719464477824,3.4,1200
1719464478368,3.4,25
1719464478822,3.4,75
1719464478822,3.4,75
1719464480012,3.4,75
1719464480338,3.4,800
1719464480812,3.4,425
1719464481410,3.4,25
1719464482260,3.4,350
1719464483451,3.4,50
1719464484112,3.4,100
1719464484112,3.4,100
1719464485435,3.4,225
1719464485500,3.4,50
1719464485667,3.4,25
1719464486180,3.4,300
1719464486730,3.4,25
1719464487001,3.45,25
1719464487887,3.45,100
1719464488366,3.45,100
1719464489057,3.45,125
1719464489400,3.45,25
1719464489900,3.45,25
1719464489900,3.45,25
1719464490204,3.4,25
1719464490687,3.45,25
1719464491300,3.4,200
1719464492071,3.4,1000
1719464492332,3.45,250
1719464492900,3.45,25
1719464492900,3.45,25
1719464508373,3.45,25
1719464508692,3.5,450
1719464510010,3.5,25
1719464510010,3.5,25
1719464510787,3.5,25
1719464511427,3.5,25
1719464512178,3.45,100
1719464512352,3.45,100
1719464520162,3.5,50
1719464520245,3.5,25
1719464521200,3.5,25
1719464521268,3.45,50
1719464522213,3.5,25
1719464522416,3.5,25
1719464523137,3.5,475
1719464523563,3.5,25
1719464524420,3.5,350
1719464524625,3.5,500
1719464525200,3.45,175
1719464525593,3.5,25
1719464535950,3.5,25
1719464535950,3.5,25
1719464537465,3.5,150
1719464537972,3.5,50
1719464538446,3.5,150
1719464539173,3.45,25
1719464539290,3.45,500
1719464539868,3.45,25
1719464539868,3.45,25
1719464541346,3.5,50
1719464541731,3.5,800
1719464542600,3.5,25
1719464543409,3.45,25
1719464543409,3.45,25
1719464544075,3.5,375
1719464544425,3.5,1625
1719464544841,3.45,25
1719464545099,3.5,375
1719464545973,3.45,50
1719464546393,3.45,25
1719464547116,3.5,350
1719464547339,3.5,25
1719464548213,3.45,25
1719464548471,3.5,50
1719464549119,3.5,400
1719464549471,3.45,475
1719464563300,3.5,25
1719464563388,3.5,25
1719464564311,3.45,300
1719464564311,3.45,300
1719464565359,3.55,1150
1719464565359,3.55,1150
1719464566450,3.55,50
1719464566666,3.5,75
1719464567465,3.55,25
1719464567691,3.5,25
1719464568400,3.6,25
1719464568400,3.6,25
1719464569390,3.55,50
1719464569711,3.5,125
1719464569880,3.55,25
1719464570569,3.55,25
1719464570894,3.5,1300
1719464571307,3.55,125
1719464572119,3.55,400
1719464572402,3.5,75
1719464573303,3.55,150
1719464573303,3.55,150
1719464574107,3.55,175
1719464574107,3.55,175
1719464575282,3.55,175
1719464575371,3.55,100
1719464576429,3.55,25
1719464576521,3.55,25
1719464577296,3.55,25
1719464577491,3.55,25
1719464585743,3.55,50
1719464586344,3.6,125
1719464587148,3.55,50
1719464587913,3.5,25
1719464588472,3.6,125
1719464588873,3.6,500
1719464589602,3.6,50
1719464589920,3.6,50
1719464590394,3.65,25
1719464591079,3.75,25
1719464591464,3.7,75
1719464592503,3.85,25
1719464592549,3.75,25
1719464593558,3.85,700
1719464593738,3.85,50
1719464594310,3.85,500
1719464594700,3.8,25
1719464595719,3.8,25
1719464595919,3.8,25
1719464596511,3.8,350
1719464597089,3.8,100
1719464597698,3.8,25
1719464598340,3.85,1525
1719464598518,3.85,25
1719464599425,3.9,625
1719464600308,3.95,25
1719464600424,3.95,1025
1719464601326,4.15,175
1719464601732,4.15,25
1719464602700,4.2,825
1719464602963,4.2,800
1719464603310,4.2,25
1719464604418,4.1,50
1719464604707,4.1,25
1719464605510,4.1,100
1719464605605,4.1,25
1719464606731,4.3,50
1719464606971,4.35,475
1719464607520,4.5,500
1719464608302,4.4,25
1719464608512,4.4,25
1719464609537,4.4,75
1719464609961,4.6,1000
1719464610117,4.65,25
1719464610720,4.55,25
1719464611587,4.8,1050
1719464611880,4.85,325
1719464612251,5.3,150
1719464612558,5.3,25
1719464612801,5.75,25
1719464626597,5.05,250
1719464626721,5.1,750
1719464627409,5.1,75
1719464627530,5.15,100
1719464628533,4.8,175
1719464628605,4.7,75
1719464629733,4.6,25
1719464629809,4.6,75
1719464630543,4.65,50
1719464630786,4.7,25
1719464631010,4.75,25
1719464631509,4.7,25
1719464632205,4.7,25
1719464632525,4.8,25
1719464633412,4.85,25
1719464633530,4.85,25
1719464634355,5.0,100
1719464634740,5.15,125
1719464635528,5.4,500
1719464635802,5.5,1125
1719464636505,5.7,225
1719464636794,5.85,50
1719464637730,5.85,25
1719464638408,5.55,475
1719464638527,5.5,175
1719464639716,5.5,50
1719464639822,5.45,25
1719464640102,5.5,25
1719464640545,5.5,75
1719464640807,5.55,75
1719464641017,5.55,25
1719464641509,5.6,75
1719464642412,5.6,350
1719464642722,5.4,25
1719464643542,5.35,25
1719464643595,5.35,25
1719464644540,5.35,500
1719464644612,5.35,300
1719464645722,5.35,50
1719464645805,5.35,75
1719464646038,5.35,150
1719464646527,5.25,100
1719464647414,4.9,25
1719464647519,4.9,175
1719464648727,5.05,450
1719464648823,5.0,25
1719464649534,5.2,125
1719464649609,5.2,100
1719464650509,5.15,75
1719464650635,5.15,25
1719464651782,5.4,50
1719464651834,5.4,50
1719464652516,5.45,25
1719464652805,5.35,25
1719464653014,5.45,500
1719464653524,5.45,225
1719464654236,5.45,50
1719464654746,5.35,25
1719464655514,5.25,25
1719464656215,5.25,250
1719464656524,5.25,975
1719464657436,5.15,25
1719464657705,5.1,75
1719464658532,5.1,150
1719464658606,5.1,75
1719464659549,4.8,100
1719464659639,4.8,75
1719464660741,4.7,575
1719464660849,4.7,25
1719464661238,4.75,75
1719464661531,4.75,25
1719464662220,4.9,450
1719464662557,4.8,25
1719464663421,4.95,25
1719464663543,4.95,25
1719464664631,5.15,425
1719464664715,5.2,75
1719464665559,5.0,50
1719464665862,5.0,25
