time,price,volume
1719461491534,323.05,25
1719461491534,323.05,25
1719461491534,323.05,25
1719461491534,323.05,25
1719461491534,323.05,25
1719461510522,324.2,25
1719461510522,324.2,25
1719461510522,324.2,25
1719461513870,324.5,50
1719461513870,324.5,50
1719461513870,324.5,50
1719461513870,324.5,50
1719461513870,324.5,50
1719461513870,324.5,50
1719461513870,324.5,50
1719461513870,324.5,50
1719461523615,322.45,100
1719461524233,319.95,25
1719461524413,320.25,75
1719461525880,321.5,100
1719461525880,321.5,100
1719461526152,320.95,50
1719461526152,320.95,50
1719461526152,320.95,50
1719461526152,320.95,50
1719461526152,320.95,50
1719461526152,320.95,50
1719461526152,320.95,50
1719461537474,319.5,100
1719461537474,319.5,100
1719461537474,319.5,100
1719461537474,319.5,100
1719461537474,319.5,100
1719461543320,317.6,25
1719461544333,317.2,25
1719461544333,317.2,25
1719461544333,317.2,25
1719461546721,315.45,25
1719461546721,315.45,25
1719461548728,318.0,50
1719461548728,318.0,50
1719461548728,318.0,50
1719461548728,318.0,50
1719461548728,318.0,50
1719461548728,318.0,50
1719461548728,318.0,50
1719461548728,318.0,50
1719461548728,318.0,50
1719461548728,318.0,50
1719461548728,318.0,50
1719461548728,318.0,50
1719461565399,315.0,25
1719461565653,316.0,50
1719461565653,316.0,50
1719461565653,316.0,50
1719461565653,316.0,50
1719461570052,315.7,50
1719461570401,315.8,125
1719461570401,315.8,125
1719461570401,315.8,125
1719461574204,316.9,25
1719461574204,316.9,25
1719461574204,316.9,25
1719461574204,316.9,25
1719461574204,316.9,25
1719461574204,316.9,25
1719461580397,319.15,25
1719461580397,319.15,25
1719461580397,319.15,25
1719461580397,319.15,25
1719461580397,319.15,25
1719461580397,319.15,25
1719461588446,317.2,50
1719461588446,317.2,50
1719461588446,317.2,50
1719461588446,317.2,50
1719461588446,317.2,50
1719461588446,317.2,50
1719461596901,318.55,25
1719461596901,318.55,25
1719461596901,318.55,25
1719461596901,318.55,25
1719461596901,318.55,25
1719461596901,318.55,25
1719461605449,318.5,25
1719461605449,318.5,25
1719461605449,318.5,25
1719461605449,318.5,25
1719461605449,318.5,25
1719461605449,318.5,25
1719461605449,318.5,25
1719461605449,318.5,25
1719461605449,318.5,25
1719461605449,318.5,25
1719461619427,318.0,25
1719461619427,318.0,25
1719461619427,318.0,25
1719461624494,321.1,25
1719461624494,321.1,25
1719461625516,322.55,25
1719461625516,322.55,25
1719461625516,322.55,25
1719461625516,322.55,25
1719461625516,322.55,25
1719461632354,321.2,25
1719461632354,321.2,25
1719461632354,321.2,25
1719461632354,321.2,25
1719461632354,321.2,25
1719461632354,321.2,25
1719461632354,321.2,25
1719461632354,321.2,25
1719461632354,321.2,25
1719461632354,321.2,25
1719461632354,321.2,25
1719461632354,321.2,25
1719461632354,321.2,25
1719461632354,321.2,25
1719461632354,321.2,25
1719461632354,321.2,25
1719461655205,323.5,50
1719461655205,323.5,50
1719461655205,323.5,50
1719461655205,323.5,50
1719461655205,323.5,50
1719461655205,323.5,50
1719461664133,318.9,75
1719461664133,318.9,75
1719461664133,318.9,75
1719461664133,318.9,75
1719461664133,318.9,75
1719461669683,322.35,50
1719461669683,322.35,50
1719461669683,322.35,50
1719461671177,322.2,25
1719461671177,322.2,25
1719461671177,322.2,25
1719461671177,322.2,25
1719461671177,322.2,25
1719461671177,322.2,25
1719461671177,322.2,25
1719461682247,321.4,25
1719461682247,321.4,25
1719461682247,321.4,25
1719461682247,321.4,25
1719461682247,321.4,25
1719461682247,321.4,25
1719461682247,321.4,25
1719461682247,321.4,25
1719461682247,321.4,25
1719461682247,321.4,25
1719461682247,321.4,25
1719461682247,321.4,25
1719461682247,321.4,25
1719461682247,321.4,25
1719461702402,323.95,75
1719461702402,323.95,75
1719461702402,323.95,75
1719461702402,323.95,75
1719461702402,323.95,75
1719461702402,323.95,75
1719461702402,323.95,75
1719461702402,323.95,75
1719461713532,321.6,25
1719461713532,321.6,25
1719461713532,321.6,25
1719461713532,321.6,25
1719461713532,321.6,25
1719461719656,321.85,50
1719461719656,321.85,50
1719461719656,321.85,50
1719461723740,322.15,150
1719461738236,327.55,100
1719461738236,327.55,100
1719461751559,330.5,25
1719461751559,330.5,25
1719461751559,330.5,25
1719461751559,330.5,25
1719461751559,330.5,25
1719461751559,330.5,25
1719461751559,330.5,25
1719461751559,330.5,25
1719461762238,331.15,25
1719461762238,331.15,25
1719461762238,331.15,25
1719461765840,330.25,50
1719461765840,330.25,50
1719461765840,330.25,50
1719461765840,330.25,50
1719461765840,330.25,50
1719461771520,330.25,75
1719461771520,330.25,75
1719461771520,330.25,75
1719461771520,330.25,75
1719461776622,328.25,50
1719461776622,328.25,50
1719461776622,328.25,50
1719461776622,328.25,50
1719461782078,329.75,25
1719461782078,329.75,25
1719461782078,329.75,25
1719461782078,329.75,25
1719461782078,329.75,25
1719461782078,329.75,25
1719461782078,329.75,25
1719461791060,334.35,25
1719461791060,334.35,25
1719461791060,334.35,25
1719461794372,332.7,25
1719461794661,332.3,25
1719461795387,333.25,25
1719461795387,333.25,25
1719461795387,333.25,25
1719461795387,333.25,25
1719461795387,333.25,25
1719461795387,333.25,25
1719461795387,333.25,25
1719461805591,333.55,50
1719461805591,333.55,50
1719461805591,333.55,50
1719461806543,333.25,25
1719461806543,333.25,25
1719461806543,333.25,25
1719461809898,333.25,25
1719461809898,333.25,25
1719461809898,333.25,25
1719461809898,333.25,25
1719461809898,333.25,25
1719461809898,333.25,25
1719461809898,333.25,25
1719461809898,333.25,25
1719461809898,333.25,25
1719461809898,333.25,25
1719461809898,333.25,25
1719461809898,333.25,25
1719461826742,329.4,50
1719461827496,329.6,50
1719461827496,329.6,50
1719461829748,329.0,50
1719461829748,329.0,50
1719461832113,328.7,25
1719461832113,328.7,25
1719461833178,329.6,150
1719461833178,329.6,150
1719461835550,333.2,50
1719461835550,333.2,50
1719461835550,333.2,50
1719461835550,333.2,50
1719461835550,333.2,50
1719461835550,333.2,50
1719461843803,329.85,125
1719461843803,329.85,125
1719461843803,329.85,125
1719461843803,329.85,125
1719461848970,331.2,25
1719461848970,331.2,25
1719461848970,331.2,25
1719461848970,331.2,25
1719461848970,331.2,25
1719461848970,331.2,25
1719461848970,331.2,25
1719461848970,331.2,25
1719461848970,331.2,25
1719461848970,331.2,25
1719461848970,331.2,25
1719461848970,331.2,25
1719461848970,331.2,25
1719461848970,331.2,25
1719461848970,331.2,25
1719461848970,331.2,25
1719461871897,328.9,50
1719461871897,328.9,50
1719461874594,328.0,25
1719461874594,328.0,25
1719461877516,326.85,25
1719461877516,326.85,25
1719461877516,326.85,25
1719461880121,327.55,25
1719461880121,327.55,25
1719461880121,327.55,25
1719461880121,327.55,25
1719461883569,326.65,25
1719461883569,326.65,25
1719461885413,327.75,25
1719461885413,327.75,25
1719461887580,327.65,25
1719461887580,327.65,25
1719461888339,327.35,25
1719461888933,327.15,25
1719461889308,327.5,25
1719461889308,327.5,25
1719461889308,327.5,25
1719461889308,327.5,25
1719461889308,327.5,25
1719461889308,327.5,25
1719461889308,327.5,25
1719461901470,326.4,25
1719461901470,326.4,25
1719461901470,326.4,25
1719461901470,326.4,25
1719461901470,326.4,25
1719461901470,326.4,25
1719461901470,326.4,25
1719461901470,326.4,25
1719461901470,326.4,25
1719461912965,325.0,25
1719461912965,325.0,25
1719461912965,325.0,25
1719461912965,325.0,25
1719461917038,323.85,75
1719461917038,323.85,75
1719461917038,323.85,75
1719461921015,325.0,75
1719461921015,325.0,75
1719461921015,325.0,75
1719461921015,325.0,75
1719461921015,325.0,75
1719461926919,327.25,25
1719461926919,327.25,25
1719461926919,327.25,25
1719461926919,327.25,25
1719461926919,327.25,25
1719461926919,327.25,25
1719461926919,327.25,25
1719461926919,327.25,25
1719461939752,327.0,50
1719461939752,327.0,50
1719461939752,327.0,50
1719461939752,327.0,50
1719461939752,327.0,50
1719461939752,327.0,50
1719461939752,327.0,50
1719461939752,327.0,50
1719461939752,327.0,50
1719461939752,327.0,50
1719461939752,327.0,50
1719461939752,327.0,50
1719461954931,328.35,50
1719461954931,328.35,50
1719461954931,328.35,50
1719461958539,330.0,25
1719461958539,330.0,25
1719461958539,330.0,25
1719461958539,330.0,25
1719461963342,334.5,75
1719461963342,334.5,75
1719461963342,334.5,75
1719461963342,334.5,75
1719461969629,333.6,25
1719461969629,333.6,25
1719461969629,333.6,25
1719461969629,333.6,25
1719461969629,333.6,25
1719461969629,333.6,25
1719461969629,333.6,25
1719461969629,333.6,25
1719461981161,333.65,25
1719461981161,333.65,25
1719461982852,333.6,25
1719461982852,333.6,25
1719461984401,335.15,100
1719461984401,335.15,100
1719461984401,335.15,100
1719461984401,335.15,100
1719461984401,335.15,100
1719461984401,335.15,100
1719461984401,335.15,100
1719461984401,335.15,100
1719461984401,335.15,100
1719461996790,334.0,25
1719461996790,334.0,25
1719461996790,334.0,25
1719461996790,334.0,25
1719461996790,334.0,25
1719461996790,334.0,25
1719461996790,334.0,25
1719462006001,335.75,25
1719462006001,335.75,25
1719462007066,337.0,25
1719462007066,337.0,25
1719462008902,337.7,25
1719462008902,337.7,25
1719462008902,337.7,25
1719462008902,337.7,25
1719462008902,337.7,25
1719462008902,337.7,25
1719462008902,337.7,25
1719462019585,338.25,25
1719462019585,338.25,25
1719462019585,338.25,25
1719462021898,337.0,150
1719462021898,337.0,150
1719462024009,335.15,25
1719462024009,335.15,25
1719462024009,335.15,25
1719462027082,335.0,25
1719462027082,335.0,25
1719462027082,335.0,25
1719462027082,335.0,25
1719462027082,335.0,25
1719462027082,335.0,25
1719462027082,335.0,25
1719462035802,335.45,25
1719462035802,335.45,25
1719462036675,336.3,75
1719462036675,336.3,75
1719462036675,336.3,75
1719462036675,336.3,75
1719462036675,336.3,75
1719462036675,336.3,75
1719462036675,336.3,75
1719462036675,336.3,75
1719462036675,336.3,75
1719462036675,336.3,75
1719462036675,336.3,75
1719462054368,337.55,25
1719462054368,337.55,25
1719462054368,337.55,25
1719462054368,337.55,25
1719462054368,337.55,25
1719462054368,337.55,25
1719462054368,337.55,25
1719462061775,337.1,25
1719462062379,336.95,25
1719462062379,336.95,25
1719462065138,334.85,25
1719462065138,334.85,25
1719462065138,334.85,25
1719462065138,334.85,25
1719462065138,334.85,25
1719462065138,334.85,25
1719462065138,334.85,25
1719462076011,335.15,25
1719462076011,335.15,25
1719462076011,335.15,25
1719462076011,335.15,25
1719462076011,335.15,25
1719462082756,332.5,25
1719462082756,332.5,25
1719462082756,332.5,25
1719462082756,332.5,25
1719462082756,332.5,25
1719462082756,332.5,25
1719462082756,332.5,25
1719462082756,332.5,25
1719462082756,332.5,25
1719462082756,332.5,25
1719462082756,332.5,25
1719462082756,332.5,25
1719462082756,332.5,25
1719462082756,332.5,25
1719462102441,331.9,25
1719462102441,331.9,25
1719462102441,331.9,25
1719462106033,331.2,25
1719462106033,331.2,25
1719462106711,331.3,25
1719462106711,331.3,25
1719462108521,332.15,50
1719462108521,332.15,50
1719462108521,332.15,50
1719462112842,333.35,50
1719462112842,333.35,50
1719462114583,332.5,25
1719462114583,332.5,25
1719462116315,332.7,50
1719462116315,332.7,50
1719462116315,332.7,50
1719462116315,332.7,50
1719462116315,332.7,50
1719462121594,331.0,250
1719462121594,331.0,250
1719462122062,330.0,50
1719462122062,330.0,50
1719462122062,330.0,50
1719462122062,330.0,50
1719462122062,330.0,50
1719462122062,330.0,50
1719462130939,328.05,25
1719462130939,328.05,25
1719462130939,328.05,25
1719462135876,329.7,25
1719462135876,329.7,25
1719462135876,329.7,25
1719462135876,329.7,25
1719462135876,329.7,25
1719462142045,328.15,25
1719462142516,328.0,50
1719462142516,328.0,50
1719462142516,328.0,50
1719462142516,328.0,50
1719462142516,328.0,50
1719462142516,328.0,50
1719462142516,328.0,50
1719462142516,328.0,50
1719462142516,328.0,50
1719462142516,328.0,50
1719462156539,330.1,25
1719462156539,330.1,25
1719462156539,330.1,25
1719462156539,330.1,25
1719462156539,330.1,25
1719462156539,330.1,25
1719462156539,330.1,25
1719462156539,330.1,25
1719462169571,326.6,50
1719462169901,325.75,75
1719462169901,325.75,75
1719462169901,325.75,75
1719462169901,325.75,75
1719462176703,328.2,25
1719462176703,328.2,25
1719462176703,328.2,25
1719462176703,328.2,25
1719462176703,328.2,25
1719462176703,328.2,25
1719462176703,328.2,25
1719462184903,326.1,25
1719462184903,326.1,25
1719462187109,325.6,25
1719462187109,325.6,25
1719462187109,325.6,25
1719462187109,325.6,25
1719462187109,325.6,25
1719462187109,325.6,25
1719462187109,325.6,25
1719462187109,325.6,25
1719462187109,325.6,25
1719462187109,325.6,25
1719462187109,325.6,25
1719462204075,326.95,75
1719462204075,326.95,75
1719462204075,326.95,75
1719462207751,328.25,25
1719462207751,328.25,25
1719462207751,328.25,25
1719462207751,328.25,25
1719462211199,326.6,25
1719462211199,326.6,25
1719462211199,326.6,25
1719462211199,326.6,25
1719462211199,326.6,25
1719462211199,326.6,25
1719462211199,326.6,25
1719462211199,326.6,25
1719462211199,326.6,25
1719462211199,326.6,25
1719462211199,326.6,25
1719462211199,326.6,25
1719462211199,326.6,25
1719462211199,326.6,25
1719462211199,326.6,25
1719462211199,326.6,25
1719462236003,326.7,50
1719462236003,326.7,50
1719462236003,326.7,50
1719462236003,326.7,50
1719462236003,326.7,50
1719462236003,326.7,50
1719462236003,326.7,50
1719462246112,328.1,25
1719462246112,328.1,25
1719462246717,328.55,50
1719462246717,328.55,50
1719462246717,328.55,50
1719462246717,328.55,50
1719462252024,328.1,100
1719462252024,328.1,100
1719462252024,328.1,100
1719462252024,328.1,100
1719462252024,328.1,100
1719462252024,328.1,100
1719462252024,328.1,100
1719462252024,328.1,100
1719462264004,328.75,25
1719462264004,328.75,25
1719462264004,328.75,25
1719462264004,328.75,25
1719462264004,328.75,25
1719462264004,328.75,25
1719462264004,328.75,25
1719462272598,330.0,125
1719462272598,330.0,125
1719462272598,330.0,125
1719462272598,330.0,125
1719462277475,330.0,75
1719462277475,330.0,75
1719462277475,330.0,75
1719462277475,330.0,75
1719462277475,330.0,75
1719462277475,330.0,75
1719462277475,330.0,75
1719462277475,330.0,75
1719462289773,331.05,75
1719462289773,331.05,75
1719462292113,334.1,25
1719462292113,334.1,25
1719462292113,334.1,25
1719462292113,334.1,25
1719462292113,334.1,25
1719462299943,332.2,75
1719462299943,332.2,75
1719462299943,332.2,75
1719462299943,332.2,75
1719462299943,332.2,75
1719462303969,333.25,25
1719462303969,333.25,25
1719462303969,333.25,25
1719462307554,332.9,25
1719462307875,333.7,25
1719462307875,333.7,25
1719462307875,333.7,25
1719462307875,333.7,25
1719462312039,334.1,25
1719462312039,334.1,25
1719462312039,334.1,25
1719462315944,335.05,25
1719462316398,334.1,25
1719462316398,334.1,25
1719462316398,334.1,25
1719462316398,334.1,25
1719462316398,334.1,25
1719462316398,334.1,25
1719462316398,334.1,25
1719462325717,334.4,25
1719462325717,334.4,25
1719462325717,334.4,25
1719462325717,334.4,25
1719462325717,334.4,25
1719462325717,334.4,25
1719462325717,334.4,25
1719462325717,334.4,25
1719462325717,334.4,25
1719462338144,334.1,125
1719462338144,334.1,125
1719462339090,335.1,25
1719462339090,335.1,25
1719462339090,335.1,25
1719462339090,335.1,25
1719462339090,335.1,25
1719462339090,335.1,25
1719462339090,335.1,25
1719462349047,334.95,100
1719462349047,334.95,100
1719462351477,334.55,25
1719462351477,334.55,25
1719462351477,334.55,25
1719462354069,333.3,50
1719462354916,333.9,25
1719462354916,333.9,25
1719462354916,333.9,25
1719462354916,333.9,25
1719462354916,333.9,25
1719462354916,333.9,25
1719462354916,333.9,25
1719462354916,333.9,25
1719462364850,331.55,50
1719462364850,331.55,50
1719462364850,331.55,50
1719462364850,331.55,50
1719462364850,331.55,50
1719462364850,331.55,50
1719462364850,331.55,50
1719462364850,331.55,50
1719462364850,331.55,50
1719462364850,331.55,50
1719462364850,331.55,50
1719462364850,331.55,50
1719462382616,331.45,25
1719462382616,331.45,25
1719462382616,331.45,25
1719462382616,331.45,25
1719462382616,331.45,25
1719462382616,331.45,25
1719462382616,331.45,25
1719462382616,331.45,25
1719462382616,331.45,25
1719462382616,331.45,25
1719462382616,331.45,25
1719462382616,331.45,25
1719462399860,336.05,75
1719462400063,337.0,200
1719462400063,337.0,200
1719462400844,339.7,50
1719462400844,339.7,50
1719462402321,341.0,150
1719462402321,341.0,150
1719462403797,341.0,25
1719462404968,340.1,25
1719462404968,340.1,25
1719462404968,340.1,25
1719462404968,340.1,25
1719462404968,340.1,25
1719462404968,340.1,25
1719462404968,340.1,25
1719462414695,345.0,25
1719462414695,345.0,25
1719462415744,347.0,25
1719462416753,346.7,25
1719462416990,348.05,125
1719462416990,348.05,125
1719462417765,348.9,125
1719462417765,348.9,125
1719462420364,350.0,25
1719462420364,350.0,25
1719462420877,350.25,25
1719462421899,354.6,175
1719462421899,354.6,175
1719462422682,353.65,400
1719462422682,353.65,400
1719462423705,354.35,75
1719462425261,353.9,275
1719462425261,353.9,275
1719462425261,353.9,275
1719462427579,351.25,75
1719462427579,351.25,75
1719462429026,353.35,25
1719462429026,353.35,25
1719462429026,353.35,25
1719462432852,352.75,150
1719462432852,352.75,150
1719462435283,353.0,250
1719462435283,353.0,250
1719462436381,353.5,400
1719462436381,353.5,400
1719462436381,353.5,400
1719462439468,353.7,50
1719462439585,352.65,25
1719462439585,352.65,25
1719462440863,351.85,50
1719462441480,352.15,25
1719462441480,352.15,25
1719462441480,352.15,25
1719462441480,352.15,25
1719462445457,354.3,25
1719462445457,354.3,25
1719462448478,352.25,25
1719462448478,352.25,25
1719462448478,352.25,25
1719462448478,352.25,25
1719462452927,350.75,25
1719462452927,350.75,25
1719462455132,351.7,25
1719462456976,351.9,225
1719462457937,352.75,50
1719462457937,352.75,50
1719462459704,352.35,50
1719462459704,352.35,50
1719462460794,352.15,25
1719462462104,353.0,125
1719462462104,353.0,125
1719462465121,354.0,75
1719462465121,354.0,75
1719462466316,356.0,25
1719462467073,356.9,50
1719462467073,356.9,50
1719462467861,357.45,25
1719462467861,357.45,25
1719462467861,357.45,25
1719462467861,357.45,25
1719462473450,361.45,50
1719462473761,362.0,50
1719462474167,360.95,50
1719462474167,360.95,50
1719462475796,361.65,25
1719462475796,361.65,25
1719462478150,362.55,25
1719462478150,362.55,25
1719462480391,362.65,50
1719462480391,362.65,50
1719462481215,365.0,25
1719462481215,365.0,25
1719462482698,367.0,25
1719462483236,367.3,25
1719462483236,367.3,25
1719462484150,366.1,175
1719462484889,366.45,75
1719462486328,367.55,50
1719462486328,367.55,50
1719462486328,367.55,50
1719462488879,364.5,125
1719462488879,364.5,125
1719462488879,364.5,125
1719462488879,364.5,125
1719462494947,364.7,50
1719462494947,364.7,50
1719462494947,364.7,50
1719462494947,364.7,50
1719462499728,361.4,50
1719462499814,360.7,25
1719462499814,360.7,25
1719462501458,362.7,25
1719462501458,362.7,25
1719462501458,362.7,25
1719462505626,365.0,50
1719462505626,365.0,50
1719462505626,365.0,50
1719462505626,365.0,50
1719462505626,365.0,50
1719462505626,365.0,50
1719462512231,365.45,75
1719462512231,365.45,75
1719462513733,365.9,25
1719462515450,367.0,25
1719462515450,367.0,25
1719462515450,367.0,25
1719462517532,366.3,25
1719462517532,366.3,25
1719462517532,366.3,25
1719462522090,364.3,25
1719462522090,364.3,25
1719462522090,364.3,25
1719462523884,363.8,25
1719462523884,363.8,25
1719462523884,363.8,25
1719462523884,363.8,25
1719462529193,362.6,50
1719462529193,362.6,50
1719462529193,362.6,50
1719462529193,362.6,50
1719462529193,362.6,50
1719462529193,362.6,50
1719462529193,362.6,50
1719462540081,365.0,50
1719462540081,365.0,50
1719462540081,365.0,50
1719462540081,365.0,50
1719462542991,364.95,50
1719462542991,364.95,50
1719462542991,364.95,50
1719462542991,364.95,50
1719462542991,364.95,50
1719462542991,364.95,50
1719462550639,364.0,25
1719462550639,364.0,25
1719462550639,364.0,25
1719462554808,365.0,25
1719462554808,365.0,25
1719462556189,366.8,50
1719462556189,366.8,50
1719462558619,367.05,25
1719462558619,367.05,25
1719462558619,367.05,25
1719462558619,367.05,25
1719462562850,366.1,25
1719462562850,366.1,25
1719462562850,366.1,25
1719462562850,366.1,25
1719462562850,366.1,25
1719462570185,367.3,50
1719462570185,367.3,50
1719462570185,367.3,50
1719462570185,367.3,50
1719462570185,367.3,50
1719462576847,365.0,50
1719462576847,365.0,50
1719462576847,365.0,50
1719462577780,364.25,50
1719462577780,364.25,50
1719462579953,363.1,50
1719462580110,363.65,50
1719462580110,363.65,50
1719462580110,363.65,50
1719462580110,363.65,50
1719462580110,363.65,50
1719462580110,363.65,50
1719462590084,366.95,50
1719462590084,366.95,50
1719462590084,366.95,50
1719462592448,365.6,25
1719462592448,365.6,25
1719462592448,365.6,25
1719462592448,365.6,25
1719462592448,365.6,25
1719462592448,365.6,25
1719462592448,365.6,25
1719462601241,369.6,125
1719462601241,369.6,125
1719462601241,369.6,125
1719462604103,368.0,25
1719462605155,368.05,25
1719462605155,368.05,25
1719462605155,368.05,25
1719462605155,368.05,25
1719462605155,368.05,25
1719462605155,368.05,25
1719462605155,368.05,25
1719462605155,368.05,25
1719462616638,367.65,25
1719462616638,367.65,25
1719462617627,367.4,50
1719462617627,367.4,50
1719462620300,365.0,50
1719462620300,365.0,50
1719462620300,365.0,50
1719462622499,364.7,175
1719462622499,364.7,175
1719462622499,364.7,175
1719462626908,363.35,50
1719462626908,363.35,50
1719462628018,365.0,50
1719462628018,365.0,50
1719462629307,365.25,25
1719462629307,365.25,25
1719462629307,365.25,25
1719462631367,366.9,50
1719462631367,366.9,50
1719462633083,367.65,200
1719462633083,367.65,200
1719462633083,367.65,200
1719462633083,367.65,200
1719462633083,367.65,200
1719462633083,367.65,200
1719462633083,367.65,200
1719462644019,366.15,25
1719462644019,366.15,25
1719462644019,366.15,25
1719462644019,366.15,25
1719462647355,369.35,25
1719462647355,369.35,25
1719462650654,368.35,75
1719462651920,368.75,25
1719462651920,368.75,25
1719462652592,368.55,25
1719462653278,369.2,25
1719462653278,369.2,25
1719462653278,369.2,25
1719462653278,369.2,25
1719462653278,369.2,25
1719462660436,373.1,25
1719462660436,373.1,25
1719462661279,374.05,50
1719462662006,374.2,25
1719462662451,374.5,25
1719462704933,380.05,50
1719462704933,380.05,50
1719462707206,380.15,50
1719462707206,380.15,50
1719462707206,380.15,50
1719462710457,378.35,25
1719462710457,378.35,25
1719462711355,379.2,125
1719462711592,380.35,50
1719462711592,380.35,50
1719462714012,382.15,50
1719462714012,382.15,50
1719462714012,382.15,50
1719462714012,382.15,50
1719462714012,382.15,50
1719462714012,382.15,50
1719462721068,385.35,25
1719462721361,386.0,50
1719462721361,386.0,50
1719462723015,388.9,25
1719462723015,388.9,25
1719462723015,388.9,25
1719462727256,387.75,25
1719462728839,389.4,50
1719462728839,389.4,50
1719462729269,387.85,50
1719462730146,387.45,50
1719462730146,387.45,50
1719462730146,387.45,50
1719462730146,387.45,50
1719462730146,387.45,50
1719462730146,387.45,50
1719462738995,387.95,50
1719462738995,387.95,50
1719462739259,387.65,25
1719462739750,385.55,25
1719462739750,385.55,25
1719462741288,385.85,50
1719462741288,385.85,50
1719462744218,385.6,25
1719462744218,385.6,25
1719462744218,385.6,25
1719462746382,385.85,25
1719462746382,385.85,25
1719462748358,386.1,200
1719462748358,386.1,200
1719462749854,386.2,25
1719462749854,386.2,25
1719462749854,386.2,25
1719462749854,386.2,25
1719462752915,387.05,50
1719462753451,387.5,50
1719462753746,388.2,25
1719462754459,386.55,50
1719462754574,386.3,25
1719462754574,386.3,25
1719462756739,386.7,25
1719462756883,387.0,25
1719462757632,387.1,125
1719462757632,387.1,125
1719462757632,387.1,125
1719462757632,387.1,125
1719462757632,387.1,125
1719462757632,387.1,125
1719462764355,384.15,25
1719462765615,384.05,75
1719462765615,384.05,75
1719462765615,384.05,75
1719462765615,384.05,75
1719462770206,385.9,50
1719462770936,386.0,25
1719462771531,387.0,25
1719462772320,390.55,25
1719462772320,390.55,25
1719462773768,391.2,25
1719462773838,391.25,50
1719462773838,391.25,50
1719462775882,389.8,50
1719462775882,389.8,50
1719462776086,389.65,50
1719462776617,389.15,50
1719462776617,389.15,50
1719462776617,389.15,50
1719462780230,388.9,25
1719462780422,388.4,25
1719462780422,388.4,25
1719462781725,393.3,50
1719462781725,393.3,50
1719462784178,392.65,50
1719462784178,392.65,50
1719462784178,392.65,50
1719462786859,392.4,25
1719462786859,392.4,25
1719462787944,393.35,50
1719462788477,392.05,50
1719462788477,392.05,50
1719462790059,394.05,25
1719462790059,394.05,25
1719462790059,394.05,25
1719462793776,392.65,50
1719462793776,392.65,50
1719462793776,392.65,50
1719462793776,392.65,50
1719462793776,392.65,50
1719462798179,390.45,25
1719462798179,390.45,25
1719462798179,390.45,25
1719462798179,390.45,25
1719462798179,390.45,25
1719462798179,390.45,25
1719462806957,391.25,50
1719462806957,391.25,50
1719462806957,391.25,50
1719462809756,388.55,25
1719462809756,388.55,25
1719462809756,388.55,25
1719462811688,388.0,25
1719462812255,387.0,25
1719462812255,387.0,25
1719462813294,387.35,50
1719462813294,387.35,50
1719462813294,387.35,50
1719462813294,387.35,50
1719462813294,387.35,50
1719462813294,387.35,50
1719462813294,387.35,50
1719462813294,387.35,50
1719462825377,384.6,25
1719462825377,384.6,25
1719462825377,384.6,25
1719462825377,384.6,25
1719462825377,384.6,25
1719462825377,384.6,25
1719462833546,385.65,25
1719462833546,385.65,25
1719462834613,385.75,25
1719462834613,385.75,25
1719462834613,385.75,25
1719462834613,385.75,25
1719462839655,386.8,50
1719462839655,386.8,50
1719462839655,386.8,50
1719462842699,387.2,25
1719462842699,387.2,25
1719462845776,388.65,25
1719462845776,388.65,25
1719462845776,388.65,25
1719462845776,388.65,25
1719462845776,388.65,25
1719462845776,388.65,25
1719462854004,386.35,50
1719462854004,386.35,50
1719462854004,386.35,50
1719462854004,386.35,50
1719462854004,386.35,50
1719462854004,386.35,50
1719462862646,388.5,50
1719462862646,388.5,50
1719462862646,388.5,50
1719462862646,388.5,50
1719462862646,388.5,50
1719463132146,392.35,150
1719463132146,392.35,150
1719463138710,392.35,100
1719463138710,392.35,100
1719463313122,398.95,25
1719463322426,399.55,100
1719463322485,399.55,50
1719463322485,399.55,50
1719463322485,399.55,50
1719463322485,399.55,50
1719463322485,399.55,50
1719463322485,399.55,50
1719463322485,399.55,50
1719463332874,398.8,25
1719463332874,398.8,25
1719463332874,398.8,25
1719463332874,398.8,25
1719463332874,398.8,25
1719463332874,398.8,25
1719463340953,398.2,25
1719463340953,398.2,25
1719463340953,398.2,25
1719463344869,397.4,50
1719463344869,397.4,50
1719463346842,397.9,50
1719463348069,397.5,50
1719463348069,397.5,50
1719463348853,396.8,50
1719463348853,396.8,50
1719463348853,396.8,50
1719463348853,396.8,50
1719463348853,396.8,50
1719463348853,396.8,50
1719463348853,396.8,50
1719463357410,401.6,25
1719463357410,401.6,25
1719463357410,401.6,25
1719463357410,401.6,25
1719463357410,401.6,25
1719463357410,401.6,25
1719463357410,401.6,25
1719463357410,401.6,25
1719463357410,401.6,25
1719463357410,401.6,25
1719463372286,403.75,25
1719463372286,403.75,25
1719463372286,403.75,25
1719463372286,403.75,25
1719463372286,403.75,25
1719463372286,403.75,25
1719463372286,403.75,25
1719463372286,403.75,25
1719463372286,403.75,25
1719463372286,403.75,25
1719463372286,403.75,25
1719463387699,399.65,50
1719463387699,399.65,50
1719463387699,399.65,50
1719463390977,398.35,25
1719463390977,398.35,25
1719463390977,398.35,25
1719463394866,397.65,25
1719463394866,397.65,25
1719463395974,397.35,50
1719463395974,397.35,50
1719463395974,397.35,50
1719463399121,397.1,25
1719463399121,397.1,25
1719463399121,397.1,25
1719463399121,397.1,25
1719463403941,397.0,25
1719463403941,397.0,25
1719463403941,397.0,25
1719463403941,397.0,25
1719463403941,397.0,25
1719463403941,397.0,25
1719463403941,397.0,25
1719463403941,397.0,25
1719463414561,393.1,25
1719463414561,393.1,25
1719463414561,393.1,25
1719463414561,393.1,25
1719463414561,393.1,25
1719463414561,393.1,25
1719463422842,391.8,25
1719463422842,391.8,25
1719463422842,391.8,25
1719463422842,391.8,25
1719463422842,391.8,25
1719463429155,384.5,25
1719463429155,384.5,25
1719463430231,385.0,25
1719463430231,385.0,25
1719463430231,385.0,25
1719463433786,382.45,25
1719463433786,382.45,25
1719463433786,382.45,25
1719463433786,382.45,25
1719463439228,382.8,25
1719463439228,382.8,25
1719463439228,382.8,25
1719463439228,382.8,25
1719463439228,382.8,25
1719463439228,382.8,25
1719463446570,385.95,25
1719463446570,385.95,25
1719463447845,386.65,25
1719463448271,386.7,25
1719463448271,386.7,25
1719463448271,386.7,25
1719463450789,386.05,50
1719463450789,386.05,50
1719463450789,386.05,50
1719463453949,386.25,50
1719463453949,386.25,50
1719463453949,386.25,50
1719463453949,386.25,50
1719463453949,386.25,50
1719463460334,386.55,25
1719463460864,386.0,50
1719463460864,386.0,50
1719463462385,386.3,25
1719463463105,385.95,25
1719463463105,385.95,25
1719463463105,385.95,25
1719463463105,385.95,25
1719463467454,386.7,100
1719463467454,386.7,100
1719463467454,386.7,100
1719463467454,386.7,100
1719463467454,386.7,100
1719463467454,386.7,100
1719463467454,386.7,100
1719463467454,386.7,100
1719463467454,386.7,100
1719463467454,386.7,100
1719463467454,386.7,100
1719463482138,387.0,25
1719463483274,386.5,50
1719463483274,386.5,50
1719463483274,386.5,50
1719463483274,386.5,50
1719463483274,386.5,50
1719463483274,386.5,50
1719463483274,386.5,50
1719463483274,386.5,50
1719463483274,386.5,50
1719463499523,386.4,25
1719463499523,386.4,25
1719463499523,386.4,25
1719463499523,386.4,25
1719463499523,386.4,25
1719463499523,386.4,25
1719463499523,386.4,25
1719463499523,386.4,25
1719463499523,386.4,25
1719463499523,386.4,25
1719463499523,386.4,25
1719463499523,386.4,25
1719463499523,386.4,25
1719463499523,386.4,25
1719463499523,386.4,25
1719463499523,386.4,25
1719463499523,386.4,25
1719463524831,388.05,25
1719463524831,388.05,25
1719463526479,388.1,25
1719463526479,388.1,25
1719463526479,388.1,25
1719463526479,388.1,25
1719463526479,388.1,25
1719463526479,388.1,25
1719463526479,388.1,25
1719463526479,388.1,25
1719463535767,391.1,50
1719463535767,391.1,50
1719463535767,391.1,50
1719463535767,391.1,50
1719463535767,391.1,50
1719463535767,391.1,50
1719463543883,393.25,50
1719463543883,393.25,50
1719463543883,393.25,50
1719463543883,393.25,50
1719463543883,393.25,50
1719463543883,393.25,50
1719463543883,393.25,50
1719463553703,393.85,50
1719463553703,393.85,50
1719463553703,393.85,50
1719463553703,393.85,50
1719463553703,393.85,50
1719463553703,393.85,50
1719463553703,393.85,50
1719463553703,393.85,50
1719463553703,393.85,50
1719463553703,393.85,50
1719463553703,393.85,50
1719463553703,393.85,50
1719463553703,393.85,50
1719463553703,393.85,50
1719463553703,393.85,50
1719463553703,393.85,50
1719463553703,393.85,50
1719463553703,393.85,50
1719463553703,393.85,50
1719463553703,393.85,50
1719463553703,393.85,50
1719463585453,386.3,50
1719463585453,386.3,50
1719463587238,388.25,25
1719463587238,388.25,25
1719463587238,388.25,25
1719463587238,388.25,25
1719463587238,388.25,25
1719463587238,388.25,25
1719463593709,387.8,25
1719463593709,387.8,25
1719463593709,387.8,25
1719463593709,387.8,25
1719463593709,387.8,25
1719463593709,387.8,25
1719463593709,387.8,25
1719463593709,387.8,25
1719463593709,387.8,25
1719463593709,387.8,25
1719463593709,387.8,25
1719463593709,387.8,25
1719463593709,387.8,25
1719463593709,387.8,25
1719463593709,387.8,25
1719463593709,387.8,25
1719463593709,387.8,25
1719463593709,387.8,25
1719463593709,387.8,25
1719463593709,387.8,25
1719463593709,387.8,25
1719463593709,387.8,25
1719463593709,387.8,25
1719463593709,387.8,25
1719463593709,387.8,25
1719463593709,387.8,25
1719463633805,389.75,25
1719463633805,389.75,25
1719463633805,389.75,25
1719463633805,389.75,25
1719463633805,389.75,25
1719463640987,391.0,25
1719463640987,391.0,25
1719463640987,391.0,25
1719463640987,391.0,25
1719463640987,391.0,25
1719463640987,391.0,25
1719463640987,391.0,25
1719463640987,391.0,25
1719463640987,391.0,25
1719463640987,391.0,25
1719463640987,391.0,25
1719463640987,391.0,25
1719463640987,391.0,25
1719463640987,391.0,25
1719463640987,391.0,25
1719463640987,391.0,25
1719463640987,391.0,25
1719463640987,391.0,25
1719463640987,391.0,25
1719463640987,391.0,25
1719463640987,391.0,25
1719463640987,391.0,25
1719463640987,391.0,25
1719463640987,391.0,25
1719463640987,391.0,25
1719463640987,391.0,25
1719463640987,391.0,25
1719463640987,391.0,25
1719463640987,391.0,25
1719463686088,387.25,50
1719463686088,387.25,50
1719463686088,387.25,50
1719463686088,387.25,50
1719463686088,387.25,50
1719463686088,387.25,50
1719463686088,387.25,50
1719463696961,385.15,25
1719463696961,385.15,25
1719463696961,385.15,25
1719463696961,385.15,25
1719463696961,385.15,25
1719463703312,388.45,25
1719463703312,388.45,25
1719463703312,388.45,25
1719463705305,388.25,50
1719463705305,388.25,50
1719463705305,388.25,50
1719463709677,389.0,75
1719463709677,389.0,75
1719463709677,389.0,75
1719463709677,389.0,75
1719463709677,389.0,75
1719463709677,389.0,75
1719463715426,389.25,125
1719463716089,390.15,125
1719463716089,390.15,125
1719463716089,390.15,125
1719463716089,390.15,125
1719463722025,391.05,25
1719463722025,391.05,25
1719463722025,391.05,25
1719463722025,391.05,25
1719463722025,391.05,25
1719463722025,391.05,25
1719463722025,391.05,25
1719463722025,391.05,25
1719463722025,391.05,25
1719463722025,391.05,25
1719463722025,391.05,25
1719463722025,391.05,25
1719463722025,391.05,25
1719463722025,391.05,25
1719463722025,391.05,25
1719463722025,391.05,25
1719463743908,390.15,25
1719463743908,390.15,25
1719463743908,390.15,25
1719463743908,390.15,25
1719463743908,390.15,25
1719463743908,390.15,25
1719463743908,390.15,25
1719463753874,390.85,25
1719463753874,390.85,25
1719463753874,390.85,25
1719463753874,390.85,25
1719463759841,393.0,25
1719463760161,393.85,50
1719463760161,393.85,50
1719463760161,393.85,50
1719463760161,393.85,50
1719463760161,393.85,50
1719463765608,393.2,25
1719463766309,392.15,50
1719463766309,392.15,50
1719463766309,392.15,50
1719463766309,392.15,50
1719463766309,392.15,50
1719463766309,392.15,50
1719463773531,391.15,25
1719463774767,393.4,25
1719463774767,393.4,25
1719463774767,393.4,25
1719463774767,393.4,25
1719463780047,393.7,50
1719463780047,393.7,50
1719463780047,393.7,50
1719463780047,393.7,50
1719463780047,393.7,50
1719463780047,393.7,50
1719463780047,393.7,50
1719463790932,393.9,25
1719463790932,393.9,25
1719463793615,393.8,25
1719463793615,393.8,25
1719463793615,393.8,25
1719463793615,393.8,25
1719463793615,393.8,25
1719463793615,393.8,25
1719463793615,393.8,25
1719463793615,393.8,25
1719463805118,393.3,50
1719463805118,393.3,50
1719463805118,393.3,50
1719463805118,393.3,50
1719463805118,393.3,50
1719463805118,393.3,50
1719463805118,393.3,50
1719463805118,393.3,50
1719463805118,393.3,50
1719463805118,393.3,50
1719463805118,393.3,50
1719463805118,393.3,50
1719463805118,393.3,50
1719463805118,393.3,50
1719463826840,394.8,25
1719463826840,394.8,25
1719463826840,394.8,25
1719463826840,394.8,25
1719463826840,394.8,25
1719463833285,393.15,25
1719463833285,393.15,25
1719463833285,393.15,25
1719463833285,393.15,25
1719463833285,393.15,25
1719463833285,393.15,25
1719463833285,393.15,25
1719463842776,390.7,25
1719463842776,390.7,25
1719463842776,390.7,25
1719463842776,390.7,25
1719463847766,391.7,50
1719463847766,391.7,50
1719463847766,391.7,50
1719463847766,391.7,50
1719463847766,391.7,50
1719463847766,391.7,50
1719463847766,391.7,50
1719463847766,391.7,50
1719463847766,391.7,50
1719463861554,393.2,50
1719463861977,393.75,50
1719463861977,393.75,50
1719463861977,393.75,50
1719463861977,393.75,50
1719463861977,393.75,50
1719463861977,393.75,50
1719463861977,393.75,50
1719463861977,393.75,50
1719463861977,393.75,50
1719463861977,393.75,50
1719463861977,393.75,50
1719463861977,393.75,50
1719463861977,393.75,50
1719463861977,393.75,50
1719463882422,394.55,50
1719463882422,394.55,50
1719463884294,394.85,25
1719463884294,394.85,25
1719463884294,394.85,25
1719463884294,394.85,25
1719463884294,394.85,25
1719463884294,394.85,25
1719463884294,394.85,25
1719463884294,394.85,25
1719463884294,394.85,25
1719463884294,394.85,25
1719463884294,394.85,25
1719463884294,394.85,25
1719463884294,394.85,25
1719463884294,394.85,25
1719463884294,394.85,25
1719463884294,394.85,25
1719463884294,394.85,25
1719463884294,394.85,25
1719463884294,394.85,25
1719463884294,394.85,25
1719463884294,394.85,25
1719463884294,394.85,25
1719463884294,394.85,25
1719463884294,394.85,25
1719463884294,394.85,25
1719463884294,394.85,25
1719463884294,394.85,25
1719463884294,394.85,25
1719463884294,394.85,25
1719463884294,394.85,25
1719463884294,394.85,25
1719463884294,394.85,25
1719463884294,394.85,25
1719463884294,394.85,25
1719463884294,394.85,25
1719463884294,394.85,25
1719463884294,394.85,25
1719463884294,394.85,25
1719463884294,394.85,25
1719463884294,394.85,25
1719463884294,394.85,25
1719463884294,394.85,25
1719463884294,394.85,25
1719463884294,394.85,25
1719463884294,394.85,25
1719463884294,394.85,25
1719463884294,394.85,25
1719463884294,394.85,25
1719463884294,394.85,25
1719463884294,394.85,25
1719463884294,394.85,25
1719463884294,394.85,25
1719463884294,394.85,25
1719463969733,391.4,50
1719463969733,391.4,50
1719463969733,391.4,50
1719463969733,391.4,50
1719463969733,391.4,50
1719463969733,391.4,50
1719463978330,392.65,50
1719463978330,392.65,50
1719463978330,392.65,50
1719463978330,392.65,50
1719463978330,392.65,50
1719463978330,392.65,50
1719463978330,392.65,50
1719463978330,392.65,50
1719463978330,392.65,50
1719463978330,392.65,50
1719463978330,392.65,50
1719463978330,392.65,50
1719463978330,392.65,50
1719463978330,392.65,50
1719463978330,392.65,50
1719463978330,392.65,50
1719464000699,389.55,25
1719464002402,390.35,25
1719464003697,391.7,25
1719464003697,391.7,25
1719464003697,391.7,25
1719464003697,391.7,25
1719464003697,391.7,25
1719464003697,391.7,25
1719464003697,391.7,25
1719464003697,391.7,25
1719464003697,391.7,25
1719464003697,391.7,25
1719464003697,391.7,25
1719464003697,391.7,25
1719464003697,391.7,25
1719464021386,391.0,50
1719464021386,391.0,50
1719464021386,391.0,50
1719464021386,391.0,50
1719464027064,389.75,50
1719464027064,389.75,50
1719464027064,389.75,50
1719464029779,389.6,100
1719464029779,389.6,100
1719464029779,389.6,100
1719464029779,389.6,100
1719464029779,389.6,100
1719464029779,389.6,100
1719464029779,389.6,100
1719464039388,387.0,100
1719464039388,387.0,100
1719464039388,387.0,100
1719464039388,387.0,100
1719464039388,387.0,100
1719464039388,387.0,100
1719464039388,387.0,100
1719464039388,387.0,100
1719464039388,387.0,100
1719464039388,387.0,100
1719464039388,387.0,100
1719464055371,388.0,25
1719464055371,388.0,25
1719464055371,388.0,25
1719464055371,388.0,25
1719464059901,388.45,25
1719464059901,388.45,25
1719464059901,388.45,25
1719464059901,388.45,25
1719464059901,388.45,25
1719464059901,388.45,25
1719464059901,388.45,25
1719464059901,388.45,25
1719464059901,388.45,25
1719464059901,388.45,25
1719464059901,388.45,25
1719464059901,388.45,25
1719464059901,388.45,25
1719464059901,388.45,25
1719464059901,388.45,25
1719464081949,384.6,25
1719464081949,384.6,25
1719464081949,384.6,25
1719464081949,384.6,25
1719464081949,384.6,25
1719464081949,384.6,25
1719464091825,384.05,25
1719464091825,384.05,25
1719464091825,384.05,25
1719464091825,384.05,25
1719464091825,384.05,25
1719464091825,384.05,25
1719464091825,384.05,25
1719464091825,384.05,25
1719464091825,384.05,25
1719464091825,384.05,25
1719464091825,384.05,25
1719464091825,384.05,25
1719464091825,384.05,25
1719464109456,385.75,25
1719464109456,385.75,25
1719464109456,385.75,25
1719464109456,385.75,25
1719464115259,386.55,25
1719464115259,386.55,25
1719464115259,386.55,25
1719464115259,386.55,25
1719464115259,386.55,25
1719464115259,386.55,25
1719464115259,386.55,25
1719464115259,386.55,25
1719464115259,386.55,25
1719464128148,387.6,50
1719464128148,387.6,50
1719464128148,387.6,50
1719464128148,387.6,50
1719464128148,387.6,50
1719464128148,387.6,50
1719464128148,387.6,50
1719464128148,387.6,50
1719464128148,387.6,50
1719464128148,387.6,50
1719464128148,387.6,50
1719464143299,386.1,25
1719464143299,386.1,25
1719464143299,386.1,25
1719464143299,386.1,25
1719464143299,386.1,25
1719464143299,386.1,25
1719464143299,386.1,25
1719464143299,386.1,25
1719464154542,388.4,50
1719464154542,388.4,50
1719464155851,386.1,75
1719464155851,386.1,75
1719464158127,386.15,50
1719464158127,386.15,50
1719464158127,386.15,50
1719464158127,386.15,50
1719464158127,386.15,50
1719464158127,386.15,50
1719464158127,386.15,50
1719464158127,386.15,50
1719464158127,386.15,50
1719464158127,386.15,50
1719464158127,386.15,50
1719464173429,389.4,25
1719464173429,389.4,25
1719464173429,389.4,25
1719464173429,389.4,25
1719464178595,387.6,25
1719464178595,387.6,25
1719464178595,387.6,25
1719464178595,387.6,25
1719464178595,387.6,25
1719464178595,387.6,25
1719464186412,388.8,50
1719464186412,388.8,50
1719464186412,388.8,50
1719464186412,388.8,50
1719464186412,388.8,50
1719464186412,388.8,50
1719464186412,388.8,50
1719464186412,388.8,50
1719464186412,388.8,50
1719464186412,388.8,50
1719464186412,388.8,50
1719464186412,388.8,50
1719464186412,388.8,50
1719464186412,388.8,50
1719464205837,388.0,50
1719464207383,388.15,50
1719464207383,388.15,50
1719464210201,389.4,50
1719464210201,389.4,50
1719464210201,389.4,50
1719464210201,389.4,50
1719464210201,389.4,50
1719464216190,387.75,25
1719464216190,387.75,25
1719464218964,390.85,50
1719464218964,390.85,50
1719464218964,390.85,50
1719464218964,390.85,50
1719464218964,390.85,50
1719464218964,390.85,50
1719464218964,390.85,50
1719464218964,390.85,50
1719464228137,394.0,25
1719464228137,394.0,25
1719464230675,395.7,25
1719464230675,395.7,25
1719464230675,395.7,25
1719464230675,395.7,25
1719464230675,395.7,25
1719464230675,395.7,25
1719464230675,395.7,25
1719464230675,395.7,25
1719464243622,395.5,75
1719464243622,395.5,75
1719464243622,395.5,75
1719464246758,397.5,50
1719464246758,397.5,50
1719464248388,400.0,50
1719464248388,400.0,50
1719464250262,398.8,25
1719464250262,398.8,25
1719464250262,398.8,25
1719464250262,398.8,25
1719464250262,398.8,25
1719464250262,398.8,25
1719464250262,398.8,25
1719464257648,402.15,100
1719464257648,402.15,100
1719464257648,402.15,100
1719464261900,400.5,25
1719464261900,400.5,25
1719464261900,400.5,25
1719464261900,400.5,25
1719464261900,400.5,25
1719464261900,400.5,25
1719464270727,401.85,25
1719464270727,401.85,25
1719464270727,401.85,25
1719464270727,401.85,25
1719464270727,401.85,25
1719464270727,401.85,25
1719464280239,400.65,25
1719464280239,400.65,25
1719464280239,400.65,25
1719464280239,400.65,25
1719464285389,401.65,25
1719464285389,401.65,25
1719464285389,401.65,25
1719464288911,402.0,25
1719464288911,402.0,25
1719464288911,402.0,25
1719464291360,402.75,25
1719464292414,405.25,25
1719464292414,405.25,25
1719464292414,405.25,25
1719464292414,405.25,25
1719464292414,405.25,25
1719464292414,405.25,25
1719464292414,405.25,25
1719464292414,405.25,25
1719464292414,405.25,25
1719464292414,405.25,25
1719464292414,405.25,25
1719464292414,405.25,25
1719464292414,405.25,25
1719464292414,405.25,25
1719464292414,405.25,25
1719464314312,409.0,25
1719464314312,409.0,25
1719464314312,409.0,25
1719464314312,409.0,25
1719464317911,408.75,75
1719464317911,408.75,75
1719464319877,410.0,25
1719464319877,410.0,25
1719464319877,410.0,25
1719464319877,410.0,25
1719464319877,410.0,25
1719464319877,410.0,25
1719464319877,410.0,25
1719464319877,410.0,25
1719464319877,410.0,25
1719464334320,408.3,25
1719464334320,408.3,25
1719464334320,408.3,25
1719464334320,408.3,25
1719464334320,408.3,25
1719464334320,408.3,25
1719464334320,408.3,25
1719464334320,408.3,25
1719464334320,408.3,25
1719464345320,408.45,25
1719464345573,407.85,25
1719464345573,407.85,25
1719464345573,407.85,25
1719464345573,407.85,25
1719464345573,407.85,25
1719464345573,407.85,25
1719464345573,407.85,25
1719464345573,407.85,25
1719464345573,407.85,25
1719464345573,407.85,25
1719464360573,408.05,25
1719464360573,408.05,25
1719464360573,408.05,25
1719464360573,408.05,25
1719464360573,408.05,25
1719464360573,408.05,25
1719464360573,408.05,25
1719464360573,408.05,25
1719464360573,408.05,25
1719464360573,408.05,25
1719464360573,408.05,25
1719464360573,408.05,25
1719464360573,408.05,25
1719464360573,408.05,25
1719464360573,408.05,25
1719464360573,408.05,25
1719464360573,408.05,25
1719464360573,408.05,25
1719464360573,408.05,25
1719464360573,408.05,25
1719464360573,408.05,25
1719464360573,408.05,25
1719464360573,408.05,25
1719464360573,408.05,25
1719464397727,407.6,25
1719464397727,407.6,25
1719464397727,407.6,25
1719464397727,407.6,25
1719464397727,407.6,25
1719464397727,407.6,25
1719464397727,407.6,25
1719464397727,407.6,25
1719464397727,407.6,25
1719464397727,407.6,25
1719464412169,406.4,25
1719464412169,406.4,25
1719464413035,407.0,25
1719464413035,407.0,25
1719464413035,407.0,25
1719464413035,407.0,25
1719464413035,407.0,25
1719464413035,407.0,25
1719464413035,407.0,25
1719464424131,406.8,25
1719464424131,406.8,25
1719464424905,407.3,25
1719464424905,407.3,25
1719464424905,407.3,25
1719464424905,407.3,25
1719464424905,407.3,25
1719464424905,407.3,25
1719464424905,407.3,25
1719464424905,407.3,25
1719464424905,407.3,25
1719464424905,407.3,25
1719464424905,407.3,25
1719464441190,409.35,25
1719464441527,410.1,100
1719464441527,410.1,100
1719464444671,408.5,25
1719464444671,408.5,25
1719464444671,408.5,25
1719464444671,408.5,25
1719464444671,408.5,25
1719464444671,408.5,25
1719464453573,407.3,25
1719464453573,407.3,25
1719464453573,407.3,25
1719464453573,407.3,25
1719464453573,407.3,25
1719464453573,407.3,25
1719464453573,407.3,25
1719464462928,404.2,25
1719464462928,404.2,25
1719464462928,404.2,25
1719464462928,404.2,25
1719464462928,404.2,25
1719464462928,404.2,25
1719464462928,404.2,25
1719464462928,404.2,25
1719464462928,404.2,25
1719464462928,404.2,25
1719464462928,404.2,25
1719464462928,404.2,25
1719464480167,404.0,50
1719464480167,404.0,50
1719464480167,404.0,50
1719464480167,404.0,50
1719464480167,404.0,50
1719464480167,404.0,50
1719464480167,404.0,50
1719464480167,404.0,50
1719464480167,404.0,50
1719464480167,404.0,50
1719464480167,404.0,50
1719464480167,404.0,50
1719464480167,404.0,50
1719464480167,404.0,50
1719464499701,404.85,25
1719464499701,404.85,25
1719464499701,404.85,25
1719464499701,404.85,25
1719464499701,404.85,25
1719464499701,404.85,25
1719464499701,404.85,25
1719464499701,404.85,25
1719464499701,404.85,25
1719464499701,404.85,25
1719464499701,404.85,25
1719464499701,404.85,25
1719464499701,404.85,25
1719464499701,404.85,25
1719464499701,404.85,25
1719464522564,400.0,100
1719464522564,400.0,100
1719464522564,400.0,100
1719464522564,400.0,100
1719464522564,400.0,100
1719464522564,400.0,100
1719464522564,400.0,100
1719464522564,400.0,100
1719464522564,400.0,100
1719464522564,400.0,100
1719464522564,400.0,100
1719464522564,400.0,100
1719464522564,400.0,100
1719464542848,398.25,25
1719464542848,398.25,25
1719464542848,398.25,25
1719464542848,398.25,25
1719464542848,398.25,25
1719464542848,398.25,25
1719464542848,398.25,25
1719464542848,398.25,25
1719464542848,398.25,25
1719464542848,398.25,25
1719464542848,398.25,25
1719464542848,398.25,25
1719464559095,396.55,25
1719464559095,396.55,25
1719464559095,396.55,25
1719464559095,396.55,25
1719464559095,396.55,25
1719464564881,395.85,25
1719464564881,395.85,25
1719464564881,395.85,25
1719464564881,395.85,25
1719464564881,395.85,25
1719464564881,395.85,25
1719464564881,395.85,25
1719464564881,395.85,25
1719464564881,395.85,25
1719464564881,395.85,25
1719464564881,395.85,25
1719464564881,395.85,25
1719464564881,395.85,25
1719464564881,395.85,25
1719464564881,395.85,25
1719464564881,395.85,25
1719464588895,393.1,25
1719464588895,393.1,25
1719464588895,393.1,25
1719464592566,387.9,25
1719464592566,387.9,25
1719464592986,388.0,25
1719464592986,388.0,25
1719464592986,388.0,25
1719464592986,388.0,25
1719464599666,385.55,50
1719464599666,385.55,50
1719464601408,381.95,50
1719464602323,379.35,25
1719464602323,379.35,25
1719464604570,379.8,75
1719464604570,379.8,75
1719464606820,375.0,25
1719464606820,375.0,25
1719464608301,374.0,50
1719464609787,370.35,25
1719464609905,368.85,100
1719464609905,368.85,100
1719464611170,368.75,50
1719464611170,368.75,50
1719464611170,368.75,50
1719464612437,358.3,25
1719464612437,358.3,25
1719464612887,352.25,25
1719464614288,347.55,50
1719464614288,347.55,50
1719464614505,346.1,50
1719464615653,350.0,100
1719464615653,350.0,100
1719464617401,357.05,50
1719464618672,357.6,25
1719464619275,359.65,50
1719464619678,360.85,50
1719464619967,360.85,25
1719464620953,359.1,25
1719464620953,359.1,25
1719464623001,363.7,25
1719464623378,363.8,25
1719464624374,364.1,50
1719464624374,364.1,50
1719464625671,367.4,25
1719464625671,367.4,25
1719464626740,364.5,50
1719464627368,365.0,50
1719464627368,365.0,50
1719464628401,367.25,50
1719464628401,367.25,50
1719464631246,368.9,25
1719464631246,368.9,25
1719464632579,367.35,25
1719464633025,368.6,25
1719464633025,368.6,25
1719464633025,368.6,25
1719464634889,362.9,50
1719464635526,362.95,50
1719464636109,360.05,50
1719464636583,358.8,50
1719464637426,358.0,50
1719464637426,358.0,50
1719464639216,360.0,75
1719464639216,360.0,75
1719464639216,360.0,75
1719464639216,360.0,75
1719464639216,360.0,75
1719464639216,360.0,75
1719464646279,361.1,25
1719464646279,361.1,25
1719464646935,366.75,50
1719464647797,367.8,25
1719464648157,368.95,25
1719464648157,368.95,25
1719464650989,365.2,50
1719464650989,365.2,50
1719464650989,365.2,50
1719464650989,365.2,50
1719464650989,365.2,50
1719464656888,362.25,50
1719464656888,362.25,50
1719464656888,362.25,50
1719464656888,362.25,50
1719464656888,362.25,50
1719464664678,361.2,50
1719464664678,361.2,50
1719464664678,361.2,50
1719464664678,361.2,50
1719464664678,361.2,50
1719464664678,361.2,50
1719464664678,361.2,50
1719464672906,367.25,25
1719464672906,367.25,25
1719464672906,367.25,25
1719464672906,367.25,25
1719464672906,367.25,25
1719464672906,367.25,25
1719464672906,367.25,25
1719464672906,367.25,25
1719464684451,365.85,25
1719464684451,365.85,25
1719464684451,365.85,25
1719464687746,364.75,50
1719464687746,364.75,50
1719464687746,364.75,50
1719464687746,364.75,50
1719464687746,364.75,50
1719464694151,362.0,100
1719464694151,362.0,100
1719464694151,362.0,100
1719464697240,360.0,25
1719464697240,360.0,25
1719464697240,360.0,25
1719464697240,360.0,25
1719464701630,355.0,25
1719464701630,355.0,25
1719464701971,353.9,50
1719464701971,353.9,50
1719464704553,352.3,50
1719464704553,352.3,50
1719464704553,352.3,50
1719464704553,352.3,50
1719464709001,357.0,25
1719464709001,357.0,25
1719464709001,357.0,25
1719464712849,358.2,25
1719464712849,358.2,25
1719464712849,358.2,25
1719464712849,358.2,25
1719464712849,358.2,25
1719464712849,358.2,25
1719464721019,360.0,50
1719464721435,359.7,50
1719464721435,359.7,50
1719464721435,359.7,50
1719464724568,358.2,50
1719464725673,357.0,50
1719464726337,355.1,50
1719464726765,357.15,25
1719464726765,357.15,25
1719464728367,356.55,25
1719464728367,356.55,25
1719464728367,356.55,25
1719464728367,356.55,25
1719464728367,356.55,25
1719464728367,356.55,25
1719464733623,359.4,50
1719464733623,359.4,50
1719464733623,359.4,50
1719464733623,359.4,50
1719464739604,359.15,25
1719464739604,359.15,25
1719464740271,358.65,25
1719464740271,358.65,25
1719464740271,358.65,25
1719464740271,358.65,25
1719464740271,358.65,25
1719464740271,358.65,25
1719464749512,362.4,125
1719464749512,362.4,125
1719464749512,362.4,125
1719464749512,362.4,125
1719464749512,362.4,125
1719464749512,362.4,125
1719464757154,365.2,50
1719464757154,365.2,50
1719464757154,365.2,50
1719464757154,365.2,50
1719464757154,365.2,50
1719464763066,362.25,50
1719464763066,362.25,50
1719464763066,362.25,50
1719464763066,362.25,50
1719464763066,362.25,50
1719464768819,361.35,25
1719464768819,361.35,25
1719464768819,361.35,25
1719464768819,361.35,25
1719464768819,361.35,25
1719464768819,361.35,25
1719464768819,361.35,25
1719464768819,361.35,25
1719464768819,361.35,25
1719464768819,361.35,25
1719464768819,361.35,25
1719464768819,361.35,25
1719464786779,367.0,50
1719464786779,367.0,50
1719464786779,367.0,50
1719464786779,367.0,50
1719464786779,367.0,50
1719464786779,367.0,50
1719464786779,367.0,50
1719464786779,367.0,50
1719464786779,367.0,50
1719464786779,367.0,50
1719464786779,367.0,50
1719464786779,367.0,50
1719464786779,367.0,50
1719464805170,365.55,25
1719464805170,365.55,25
1719464805170,365.55,25
1719464805170,365.55,25
1719464811592,364.95,25
1719464813436,363.6,25
1719464814019,363.8,50
1719464814019,363.8,50
1719464814019,363.8,50
1719464814019,363.8,50
1719464814019,363.8,50
1719464814019,363.8,50
1719464814019,363.8,50
1719464822838,366.1,50
1719464823107,365.85,25
1719464823107,365.85,25
1719464823107,365.85,25
1719464823107,365.85,25
1719464823107,365.85,25
1719464823107,365.85,25
1719464831226,370.4,50
1719464831722,370.4,50
1719464831722,370.4,50
1719464831722,370.4,50
1719464831722,370.4,50
1719464831722,370.4,50
1719464831722,370.4,50
1719464831722,370.4,50
1719464831722,370.4,50
1719464843017,369.2,25
1719464843017,369.2,25
1719464843017,369.2,25
1719464843017,369.2,25
1719464843017,369.2,25
1719464849272,371.4,25
1719464849272,371.4,25
1719464850261,370.55,25
1719464850261,370.55,25
1719464850261,370.55,25
1719464852487,371.2,50
1719464852487,371.2,50
1719464854069,371.85,50
1719464854069,371.85,50
1719464855779,372.7,50
1719464855779,372.7,50
1719464857910,374.25,50
1719464857910,374.25,50
1719464857910,374.25,50
1719464857910,374.25,50
1719464857910,374.25,50
1719464857910,374.25,50
1719464857910,374.25,50
1719464857910,374.25,50
1719464857910,374.25,50
1719464857910,374.25,50
1719464857910,374.25,50
1719464857910,374.25,50
1719464876512,375.2,25
1719464876512,375.2,25
1719464876512,375.2,25
1719464876512,375.2,25
1719464876512,375.2,25
1719464876512,375.2,25
1719464876512,375.2,25
1719464884105,371.9,25
1719464884105,371.9,25
1719464885514,369.7,25
1719464885514,369.7,25
1719464886938,370.5,25
1719464886938,370.5,25
1719464886938,370.5,25
1719464886938,370.5,25
1719464892497,368.1,50
1719464892497,368.1,50
1719464895057,368.15,25
1719464895057,368.15,25
1719464895057,368.15,25
1719464895057,368.15,25
1719464895057,368.15,25
1719464895057,368.15,25
1719464904285,368.25,50
1719464904285,368.25,50
1719464906579,372.75,50
1719464906579,372.75,50
1719464906579,372.75,50
1719464906579,372.75,50
1719464906579,372.75,50
1719464910810,377.3,50
1719464910810,377.3,50
1719464910810,377.3,50
1719464910810,377.3,50
1719464910810,377.3,50
1719464910810,377.3,50
1719464910810,377.3,50
1719464910810,377.3,50
1719464910810,377.3,50
1719464910810,377.3,50
1719464926552,372.1,25
1719464926552,372.1,25
1719464926552,372.1,25
1719464926552,372.1,25
1719464926552,372.1,25
1719464926552,372.1,25
1719464926552,372.1,25
1719464926552,372.1,25
1719464937195,369.35,25
1719464937195,369.35,25
1719464939182,372.1,50
1719464939182,372.1,50
1719464939182,372.1,50
1719464939182,372.1,50
1719464939182,372.1,50
1719464939182,372.1,50
1719464939182,372.1,50
1719464939182,372.1,50
1719464939182,372.1,50
1719464939182,372.1,50
1719464939182,372.1,50
1719464939182,372.1,50
1719464939182,372.1,50
1719464939182,372.1,50
1719464939182,372.1,50
1719464939182,372.1,50
1719464939182,372.1,50
1719464939182,372.1,50
1719464939182,372.1,50
1719464939182,372.1,50
1719464939182,372.1,50
1719464939182,372.1,50
1719464973137,369.4,25
1719464973137,369.4,25
1719464973137,369.4,25
1719464973137,369.4,25
1719464978397,369.45,75
1719464978397,369.45,75
1719464978397,369.45,75
1719464978397,369.45,75
1719464978397,369.45,75
1719464978397,369.45,75
1719464978397,369.45,75
1719464978397,369.45,75
1719464978397,369.45,75
1719464978397,369.45,75
1719464994733,368.05,50
1719464994935,367.95,50
1719464994935,367.95,50
1719464994935,367.95,50
1719464994935,367.95,50
1719464994935,367.95,50
1719464994935,367.95,50
1719464994935,367.95,50
1719464994935,367.95,50
1719464994935,367.95,50
1719464994935,367.95,50
1719464994935,367.95,50
1719464994935,367.95,50
1719464994935,367.95,50
1719465012091,368.2,25
1719465012091,368.2,25
1719465012091,368.2,25
1719465012091,368.2,25
1719465012091,368.2,25
1719465023237,365.2,25
1719465023237,365.2,25
1719465023237,365.2,25
1719465023237,365.2,25
1719465023237,365.2,25
1719465023237,365.2,25
1719465023237,365.2,25
1719465023237,365.2,25
1719465023237,365.2,25
1719465035643,369.15,25
1719465035643,369.15,25
1719465035643,369.15,25
1719465035643,369.15,25
1719465035643,369.15,25
1719465035643,369.15,25
1719465035643,369.15,25
1719465035643,369.15,25
1719465035643,369.15,25
1719465035643,369.15,25
1719465035643,369.15,25
1719465035643,369.15,25
1719465035643,369.15,25
1719465035643,369.15,25
1719465035643,369.15,25
1719465035643,369.15,25
1719465035643,369.15,25
1719465035643,369.15,25
1719465035643,369.15,25
1719465066445,363.8,25
1719465066445,363.8,25
1719465066445,363.8,25
1719465066445,363.8,25
1719465066445,363.8,25
1719465072591,364.2,125
1719465072591,364.2,125
1719465072591,364.2,125
1719465077022,363.7,25
1719465077022,363.7,25
1719465078778,367.35,25
1719465078778,367.35,25
1719465078778,367.35,25
1719465078778,367.35,25
1719465084786,366.0,25
1719465084786,366.0,25
1719465086972,364.8,50
1719465086972,364.8,50
1719465086972,364.8,50
1719465086972,364.8,50
1719465086972,364.8,50
1719465090718,363.8,50
1719465090718,363.8,50
1719465090718,363.8,50
1719465094487,363.05,25
1719465094487,363.05,25
1719465094487,363.05,25
1719465098685,361.95,50
1719465098685,361.95,50
1719465098886,362.25,50
1719465098886,362.25,50
1719465101528,360.0,50
1719465101528,360.0,50
1719465103174,358.55,25
1719465103174,358.55,25
1719465105021,361.1,25
1719465105046,361.05,50
1719465105046,361.05,50
1719465105046,361.05,50
1719465108477,358.0,525
1719465108477,358.0,525
1719465108477,358.0,525
1719465110892,360.85,50
1719465111465,361.4,50
1719465111465,361.4,50
1719465111465,361.4,50
1719465111465,361.4,50
1719465111465,361.4,50
1719465118103,358.0,25
1719465118103,358.0,25
1719465118900,356.25,25
1719465118900,356.25,25
1719465118900,356.25,25
1719465120538,359.25,75
1719465122149,359.7,25
1719465122149,359.7,25
1719465122149,359.7,25
1719465122149,359.7,25
1719465122149,359.7,25
1719465122149,359.7,25
1719465130167,359.2,100
1719465130167,359.2,100
1719465131658,359.85,50
1719465132053,358.65,25
1719465132694,358.65,100
1719465132694,358.65,100
1719465134150,358.2,25
1719465134150,358.2,25
1719465134150,358.2,25
1719465134150,358.2,25
1719465134150,358.2,25
1719465134150,358.2,25
1719465134150,358.2,25
1719465134150,358.2,25
1719465134150,358.2,25
1719465134150,358.2,25
1719465150111,361.15,50
1719465150111,361.15,50
1719465150111,361.15,50
1719465150111,361.15,50
1719465150111,361.15,50
1719465155963,361.35,25
1719465157246,362.1,50
1719465157246,362.1,50
1719465157246,362.1,50
1719465159778,361.05,50
1719465159778,361.05,50
1719465159778,361.05,50
1719465159778,361.05,50
1719465159778,361.05,50
1719465159778,361.05,50
1719465159778,361.05,50
1719465159778,361.05,50
1719465159778,361.05,50
1719465159778,361.05,50
1719465159778,361.05,50
1719465176948,359.55,25
1719465176948,359.55,25
1719465176948,359.55,25
1719465176948,359.55,25
1719465176948,359.55,25
1719465176948,359.55,25
1719465176948,359.55,25
1719465176948,359.55,25
1719465188147,358.7,25
1719465188147,358.7,25
1719465189306,357.85,25
1719465189306,357.85,25
1719465189306,357.85,25
1719465189306,357.85,25
1719465189306,357.85,25
1719465189306,357.85,25
1719465189306,357.85,25
1719465189306,357.85,25
1719465201685,354.95,50
1719465201685,354.95,50
1719465202693,353.0,50
1719465203691,350.5,25
1719465203691,350.5,25
1719465203691,350.5,25
1719465207924,350.0,50
1719465208406,350.65,25
1719465208406,350.65,25
1719465208406,350.65,25
1719465208406,350.65,25
1719465213009,348.45,50
1719465213627,347.5,50
1719465213627,347.5,50
1719465213999,347.6,50
1719465215045,347.15,50
1719465215045,347.15,50
1719465216145,341.35,50
1719465217056,343.2,125
1719465217275,343.05,50
1719465217754,342.35,25
1719465219448,340.45,50
1719465220401,337.2,50
1719465220401,337.2,50
1719465221639,334.75,25
1719465222103,336.8,25
1719465222103,336.8,25
1719465223203,338.25,50
1719465223203,338.25,50
1719465225258,335.7,25
1719465225258,335.7,25
1719465226776,335.65,25
1719465228260,329.8,50
1719465228902,324.8,25
1719465228902,324.8,25
1719465230219,330.4,50
1719465230714,330.0,300
1719465230714,330.0,300
1719465234091,332.05,100
1719465234091,332.05,100
1719465234091,332.05,100
1719465236534,326.7,50
1719465236846,325.2,75
1719465236846,325.2,75
1719465238357,326.65,50
1719465238357,326.65,50
1719465239490,328.0,25
1719465239490,328.0,25
1719465239490,328.0,25
1719465241015,322.75,25
1719465241833,320.05,100
1719465241833,320.05,100
1719465244856,325.0,50
1719465245419,324.5,25
1719465245419,324.5,25
1719465247171,322.45,25
1719465247171,322.45,25
1719465247171,322.45,25
1719465250646,322.85,25
1719465251606,325.0,100
1719465251754,322.55,25
1719465251754,322.55,25
1719465253832,320.45,100
1719465253832,320.45,100
1719465253832,320.45,100
1719465258035,322.5,25
1719465258035,322.5,25
1719465258035,322.5,25
1719465258035,322.5,25
1719465258035,322.5,25
1719465265005,322.6,25
1719465265005,322.6,25
1719465265005,322.6,25
1719465268808,323.6,100
1719465268808,323.6,100
1719465268808,323.6,100
1719465268808,323.6,100
1719465271214,316.9,100
1719465271568,318.15,25
1719465271568,318.15,25
1719465272474,315.75,50
1719465272474,315.75,50
1719465275048,315.4,25
1719465275048,315.4,25
1719465275949,315.8,75
1719465276699,315.4,50
1719465276699,315.4,50
1719465277593,318.15,25
1719465277593,318.15,25
1719465279196,318.15,50
1719465279196,318.15,50
1719465281528,319.1,25
1719465281528,319.1,25
1719465282603,319.75,25
1719465282603,319.75,25
1719465282603,319.75,25
1719465282603,319.75,25
1719465282603,319.75,25
1719465289926,321.85,75
1719465290441,320.2,25
1719465290441,320.2,25
1719465290441,320.2,25
1719465290441,320.2,25
1719465290441,320.2,25
1719465290441,320.2,25
1719465290441,320.2,25
1719465300145,320.2,25
1719465300334,320.05,25
1719465300334,320.05,25
1719465300334,320.05,25
1719465300334,320.05,25
1719465303759,317.1,25
1719465303759,317.1,25
1719465304939,314.05,50
1719465304939,314.05,50
1719465306320,310.7,25
1719465306994,310.9,25
1719465306994,310.9,25
1719465308086,311.9,100
1719465308647,313.35,100
1719465308647,313.35,100
1719465308647,313.35,100
1719465312170,312.3,25
1719465313423,314.25,25
1719465313423,314.25,25
1719465313423,314.25,25
1719465317094,312.3,25
1719465317094,312.3,25
1719465317707,312.95,25
1719465318696,312.15,50
1719465320530,313.25,100
1719465320530,313.25,100
1719465321820,313.8,50
1719465321820,313.8,50
1719465321820,313.8,50
1719465324111,312.25,25
1719465324749,313.1,25
1719465324749,313.1,25
1719465324749,313.1,25
1719465324749,313.1,25
1719465324749,313.1,25
1719465324749,313.1,25
1719465332197,316.8,50
1719465332623,313.9,25
1719465332623,313.9,25
1719465334487,316.5,75
1719465334704,316.3,25
1719465334704,316.3,25
1719465336416,317.6,25
1719465336416,317.6,25
1719465337592,313.0,25
1719465337592,313.0,25
1719465337592,313.0,25
1719465337592,313.0,25
1719465343893,314.8,25
1719465344971,316.35,25
1719465345565,316.4,25
1719465345565,316.4,25
1719465345565,316.4,25
1719465345565,316.4,25
1719465345565,316.4,25
1719465345565,316.4,25
1719465345565,316.4,25
1719465345565,316.4,25
1719465345565,316.4,25
1719465345565,316.4,25
1719465345565,316.4,25
1719465345565,316.4,25
1719465345565,316.4,25
1719465345565,316.4,25
1719465363984,315.0,250
1719465364634,316.4,25
1719465365034,315.85,50
1719465365824,318.15,75
1719465366728,318.0,25
1719465366728,318.0,25
1719465366728,318.0,25
1719465366728,318.0,25
1719465366728,318.0,25
1719465366728,318.0,25
1719465366728,318.0,25
1719465366728,318.0,25
1719465366728,318.0,25
1719465366728,318.0,25
1719465366728,318.0,25
1719465383038,319.75,25
1719465383200,319.65,50
1719465383200,319.65,50
1719465383200,319.65,50
1719465383200,319.65,50
1719465389470,318.85,25
1719465389470,318.85,25
1719465390453,316.8,25
1719465390453,316.8,25
1719465391018,315.35,25
1719465391018,315.35,25
1719465393111,313.0,25
1719465394051,311.6,25
1719465395178,313.7,25
1719465395509,314.9,100
1719465396472,314.65,25
1719465396472,314.65,25
1719465398538,317.85,100
1719465398538,317.85,100
1719465399872,321.25,100
1719465400392,320.0,25
1719465400392,320.0,25
1719465400392,320.0,25
1719465404024,318.55,50
1719465404024,318.55,50
1719465405288,317.35,25
1719465405288,317.35,25
1719465405288,317.35,25
1719465405288,317.35,25
1719465405288,317.35,25
1719465411927,320.65,150
1719465411927,320.65,150
1719465411927,320.65,150
1719465411927,320.65,150
1719465411927,320.65,150
1719465419047,317.85,50
1719465419047,317.85,50
1719465419047,317.85,50
1719465419047,317.85,50
1719465422398,317.7,25
1719465422398,317.7,25
1719465422398,317.7,25
1719465424707,316.8,100
1719465425272,316.85,25
1719465425272,316.85,25
1719465425272,316.85,25
1719465428113,317.8,25
1719465428113,317.8,25
1719465428113,317.8,25
1719465432163,318.25,25
1719465432813,319.4,25
1719465433766,320.15,100
1719465433766,320.15,100
1719465435886,317.55,100
1719465435886,317.55,100
1719465435886,317.55,100
1719465435886,317.55,100
1719465435886,317.55,100
1719465435886,317.55,100
1719465444243,315.0,75
1719465445129,315.55,25
1719465445129,315.55,25
1719465445129,315.55,25
1719465445129,315.55,25
1719465445129,315.55,25
1719465445129,315.55,25
1719465445129,315.55,25
1719465445129,315.55,25
1719465455456,317.4,25
1719465455456,317.4,25
1719465457215,316.9,25
1719465457215,316.9,25
1719465457215,316.9,25
1719465460028,313.5,100
1719465460028,313.5,100
1719465461753,312.4,75
1719465461753,312.4,75
1719465462544,313.55,50
1719465462544,313.55,50
1719465462544,313.55,50
1719465462544,313.55,50
1719465462544,313.55,50
1719465470393,315.65,25
1719465470393,315.65,25
1719465470393,315.65,25
1719465470393,315.65,25
1719465470393,315.65,25
1719465470393,315.65,25
1719465470393,315.65,25
1719465479463,315.75,25
1719465480058,315.85,25
1719465480058,315.85,25
1719465480058,315.85,25
1719465481008,317.05,50
1719465481008,317.05,50
1719465481008,317.05,50
1719465481008,317.05,50
1719465481008,317.05,50
1719465481008,317.05,50
1719465489606,312.65,75
1719465490616,313.9,50
1719465490616,313.9,50
1719465490616,313.9,50
1719465490616,313.9,50
1719465490616,313.9,50
1719465496585,314.65,25
1719465496585,314.65,25
1719465498137,313.35,50
1719465498137,313.35,50
1719465498137,313.35,50
1719465498137,313.35,50
1719465502577,314.4,25
1719465502577,314.4,25
1719465502577,314.4,25
1719465505907,317.65,25
1719465505907,317.65,25
1719465507989,316.25,25
1719465507989,316.25,25
1719465507989,316.25,25
1719465507989,316.25,25
1719465507989,316.25,25
1719465507989,316.25,25
1719465514647,315.05,75
1719465514647,315.05,75
1719465514647,315.05,75
1719465517397,314.95,25
1719465518925,315.45,75
1719465518925,315.45,75
1719465518925,315.45,75
1719465518925,315.45,75
1719465518925,315.45,75
1719465518925,315.45,75
1719465518925,315.45,75
1719465518925,315.45,75
1719465518925,315.45,75
1719465518925,315.45,75
1719465534517,314.85,50
1719465534517,314.85,50
1719465534517,314.85,50
1719465534517,314.85,50
1719465534517,314.85,50
1719465534517,314.85,50
1719465534517,314.85,50
1719465534517,314.85,50
1719465534517,314.85,50
1719465546392,315.95,50
1719465546392,315.95,50
1719465546392,315.95,50
1719465546392,315.95,50
1719465546392,315.95,50
1719465553837,313.95,50
1719465553837,313.95,50
1719465554791,315.15,100
1719465555717,315.65,25
1719465556336,314.95,25
1719465556336,314.95,25
1719465556336,314.95,25
1719465556336,314.95,25
1719465556336,314.95,25
1719465563738,316.5,25
1719465563738,316.5,25
1719465563738,316.5,25
1719465563738,316.5,25
1719465568686,317.2,25
1719465568686,317.2,25
1719465568686,317.2,25
1719465568686,317.2,25
1719465571040,316.5,25
1719465571040,316.5,25
1719465571040,316.5,25
1719465571040,316.5,25
1719465576412,317.2,25
1719465576412,317.2,25
1719465576412,317.2,25
1719465576412,317.2,25
1719465576412,317.2,25
1719465576412,317.2,25
1719465576412,317.2,25
1719465576412,317.2,25
1719465576412,317.2,25
1719465576412,317.2,25
1719465591000,321.75,25
1719465591000,321.75,25
1719465591000,321.75,25
1719465591000,321.75,25
1719465597220,323.05,50
1719465597220,323.05,50
1719465598010,325.0,100
1719465598501,327.85,50
1719465598501,327.85,50
1719465599950,329.4,25
1719465600167,327.95,50
1719465600167,327.95,50
1719465600167,327.95,50
1719465601565,325.75,50
1719465601565,325.75,50
1719465601565,325.75,50
1719465601565,325.75,50
1719465601565,325.75,50
1719465601565,325.75,50
1719465601565,325.75,50
1719465611599,327.2,50
1719465611599,327.2,50
1719465611599,327.2,50
1719465615116,328.2,25
1719465615647,328.25,100
1719465615647,328.25,100
1719465615647,328.25,100
1719465619732,327.4,50
1719465619732,327.4,50
1719465622030,324.75,25
1719465622030,324.75,25
1719465624290,327.85,100
1719465624290,327.85,100
1719465624290,327.85,100
1719465627311,335.0,125
1719465627311,335.0,125
1719465627311,335.0,125
1719465627311,335.0,125
1719465630795,334.9,75
1719465630795,334.9,75
1719465631076,333.65,25
1719465632218,333.2,25
1719465632879,333.45,25
1719465632879,333.45,25
1719465635107,334.2,25
1719465635107,334.2,25
1719465636806,336.0,25
1719465636806,336.0,25
1719465636806,336.0,25
1719465639864,339.6,50
1719465639864,339.6,50
1719465642035,337.9,25
1719465642035,337.9,25
1719465643874,337.85,25
1719465643874,337.85,25
1719465645114,336.7,25
1719465645114,336.7,25
1719465645114,336.7,25
1719465645114,336.7,25
1719465649661,336.7,50
1719465649967,337.05,50
1719465650351,337.35,25
1719465650351,337.35,25
1719465650351,337.35,25
1719465650351,337.35,25
1719465655886,336.1,50
1719465655886,336.1,50
1719465655886,336.1,50
1719465655886,336.1,50
1719465655886,336.1,50
1719465655886,336.1,50
1719465661218,339.35,25
1719465661218,339.35,25
1719465661218,339.35,25
1719465661218,339.35,25
1719465661218,339.35,25
1719465667626,336.45,25
1719465667626,336.45,25
1719465667626,336.45,25
1719465667626,336.45,25
1719465667626,336.45,25
1719465667626,336.45,25
1719465667626,336.45,25
1719465667626,336.45,25
1719465667626,336.45,25
1719465667626,336.45,25
1719465667626,336.45,25
1719465667626,336.45,25
1719465686608,343.75,125
1719465687059,345.45,50
1719465687223,345.5,50
1719465687743,343.95,125
1719465688416,342.7,50
1719465688416,342.7,50
1719465689764,340.15,50
1719465689764,340.15,50
1719465689764,340.15,50
1719465692120,341.1,100
1719465692120,341.1,100
1719465692120,341.1,100
1719465692120,341.1,100
1719465692120,341.1,100
1719465698648,340.0,25
1719465698648,340.0,25
1719465698648,340.0,25
1719465698648,340.0,25
1719465698648,340.0,25
1719465704526,341.7,25
1719465704774,341.85,100
1719465705306,342.35,50
1719465705306,342.35,50
1719465705306,342.35,50
1719465705306,342.35,50
1719465709853,341.1,50
1719465709853,341.1,50
1719465709853,341.1,50
1719465709853,341.1,50
1719465715833,340.95,25
1719465715937,340.95,1425
1719465715937,340.95,1425
1719465715937,340.95,1425
1719465715937,340.95,1425
1719465715937,340.95,1425
1719465720926,340.1,25
1719465722387,338.25,25
1719465722387,338.25,25
1719465722387,338.25,25
1719465726419,337.75,25
1719465726419,337.75,25
1719465728838,337.75,25
1719465728838,337.75,25
1719465728838,337.75,25
1719465728838,337.75,25
1719465728838,337.75,25
1719465728838,337.75,25
1719465728838,337.75,25
1719465728838,337.75,25
1719465728838,337.75,25
1719465741396,338.9,25
1719465741396,338.9,25
1719465741396,338.9,25
1719465745246,336.9,50
1719465745246,336.9,50
1719465745246,336.9,50
1719465745246,336.9,50
1719465745246,336.9,50
1719465745246,336.9,50
1719465745246,336.9,50
1719465745246,336.9,50
1719465745246,336.9,50
1719465745246,336.9,50
1719465745246,336.9,50
1719465745246,336.9,50
1719465745246,336.9,50
1719465745246,336.9,50
1719465765407,335.0,50
1719465765578,332.3,50
1719465765578,332.3,50
1719465765578,332.3,50
1719465765578,332.3,50
1719465765578,332.3,50
1719465773620,336.65,50
1719465773620,336.65,50
1719465773620,336.65,50
1719465773620,336.65,50
1719465773620,336.65,50
1719465773620,336.65,50
1719465773620,336.65,50
1719465782319,333.8,25
1719465782319,333.8,25
1719465782319,333.8,25
1719465784424,336.5,25
1719465784424,336.5,25
1719465784424,336.5,25
1719465784424,336.5,25
1719465784424,336.5,25
1719465784424,336.5,25
1719465794074,334.9,25
1719465794074,334.9,25
1719465794074,334.9,25
1719465794074,334.9,25
1719465794074,334.9,25
1719465794074,334.9,25
1719465794074,334.9,25
1719465794074,334.9,25
1719465794074,334.9,25
1719465806441,332.2,25
1719465806441,332.2,25
1719465806441,332.2,25
1719465806441,332.2,25
1719465806441,332.2,25
1719465811312,333.75,25
1719465811312,333.75,25
1719465813348,332.85,50
1719465813348,332.85,50
1719465813348,332.85,50
1719465813348,332.85,50
1719465818263,332.0,25
1719465818263,332.0,25
1719465820154,331.6,25
1719465820154,331.6,25
1719465820154,331.6,25
1719465820154,331.6,25
1719465825183,331.9,50
1719465825183,331.9,50
1719465825183,331.9,50
1719465829338,331.9,150
1719465829338,331.9,150
1719465829338,331.9,150
1719465829338,331.9,150
1719465829338,331.9,150
1719465829338,331.9,150
1719465829338,331.9,150
1719465829338,331.9,150
1719465829338,331.9,150
1719465829338,331.9,150
1719465829338,331.9,150
1719465844571,330.65,50
1719465846247,330.0,150
1719465846512,329.45,50
1719465846512,329.45,50
1719465846512,329.45,50
1719465850320,333.1,25
1719465850320,333.1,25
1719465850320,333.1,25
1719465854276,330.2,50
1719465855051,331.0,50
1719465855051,331.0,50
1719465856745,328.45,50
1719465857357,327.05,50
1719465857357,327.05,50
1719465858451,326.2,25
1719465858605,325.0,50
1719465858605,325.0,50
1719465858605,325.0,50
1719465861631,326.3,50
1719465861631,326.3,50
1719465861631,326.3,50
1719465861631,326.3,50
1719465861631,326.3,50
1719465868203,323.0,125
1719465868203,323.0,125
1719465868203,323.0,125
1719465868203,323.0,125
1719465868203,323.0,125
1719465868203,323.0,125
1719465868203,323.0,125
1719465877282,324.25,25
1719465877282,324.25,25
1719465877282,324.25,25
1719465877282,324.25,25
1719465882143,320.0,100
1719465882143,320.0,100
1719465883669,320.0,300
1719465884141,318.95,125
1719465884141,318.95,125
1719465884141,318.95,125
1719465884141,318.95,125
1719465887962,319.75,75
1719465888816,319.85,25
1719465888816,319.85,25
1719465888816,319.85,25
1719465892796,321.6,25
1719465892796,321.6,25
1719465892796,321.6,25
1719465892796,321.6,25
1719465892796,321.6,25
1719465892796,321.6,25
1719465892796,321.6,25
1719465892796,321.6,25
1719465902696,322.65,25
1719465902696,322.65,25
1719465902696,322.65,25
1719465902696,322.65,25
1719465902696,322.65,25
1719465909388,323.0,75
1719465909388,323.0,75
1719465909388,323.0,75
1719465912208,325.0,300
1719465912208,325.0,300
1719465912208,325.0,300
1719465912208,325.0,300
1719465916519,325.0,25
1719465916519,325.0,25
1719465916519,325.0,25
1719465916519,325.0,25
1719465916519,325.0,25
1719465924483,327.3,25
1719465924483,327.3,25
1719465924483,327.3,25
1719465924483,327.3,25
1719465924483,327.3,25
1719465924483,327.3,25
1719465924483,327.3,25
1719465933334,327.3,25
1719465933334,327.3,25
1719465935125,327.7,25
1719465935125,327.7,25
1719465935125,327.7,25
1719465935125,327.7,25
1719465935125,327.7,25
1719465941854,329.3,25
1719465941854,329.3,25
1719465941854,329.3,25
1719465941854,329.3,25
1719465946298,329.1,25
1719465946298,329.1,25
1719465948457,329.85,100
1719465948457,329.85,100
1719465948457,329.85,100
1719465951783,330.15,75
1719465951783,330.15,75
1719465953323,330.2,25
1719465953323,330.2,25
1719465953323,330.2,25
1719465956875,329.0,50
1719465956875,329.0,50
1719465959262,330.95,100
1719465959262,330.95,100
1719465959262,330.95,100
1719465960826,332.0,25
1719465960826,332.0,25
1719465960826,332.0,25
1719465963246,331.8,25
1719465964120,332.2,50
1719465964120,332.2,50
1719465964120,332.2,50
1719465964120,332.2,50
1719465964120,332.2,50
1719465964120,332.2,50
1719465971672,334.5,50
1719465971672,334.5,50
1719465974079,334.75,175
1719465974079,334.75,175
1719465974698,335.0,25
1719465975089,335.0,25
1719465976097,335.0,25
1719465977468,335.6,25
1719465977468,335.6,25
1719465977468,335.6,25
1719465979681,336.6,25
1719465979965,335.05,100
1719465980518,335.25,50
1719465982385,334.95,50
1719465982385,334.95,50
1719465982385,334.95,50
1719465982385,334.95,50
1719465982385,334.95,50
1719465982385,334.95,50
1719465982385,334.95,50
1719465982385,334.95,50
1719465982385,334.95,50
1719465982385,334.95,50
1719465982385,334.95,50
1719465982385,334.95,50
1719465982385,334.95,50
1719465982385,334.95,50
1719465982385,334.95,50
1719465982385,334.95,50
1719465982385,334.95,50
1719465982385,334.95,50
1719466008176,335.65,25
1719466008176,335.65,25
1719466008176,335.65,25
1719466008176,335.65,25
1719466008176,335.65,25
1719466008176,335.65,25
1719466008176,335.65,25
1719466008176,335.65,25
1719466008176,335.65,25
1719466008176,335.65,25
1719466008176,335.65,25
1719466008176,335.65,25
1719466008176,335.65,25
1719466008176,335.65,25
1719466008176,335.65,25
1719466008176,335.65,25
1719466008176,335.65,25
1719466008176,335.65,25
1719466035195,338.8,150
1719466035195,338.8,150
1719466035195,338.8,150
1719466035195,338.8,150
1719466035195,338.8,150
1719466035195,338.8,150
1719466035195,338.8,150
1719466035195,338.8,150
1719466035195,338.8,150
1719466047965,338.9,75
1719466047965,338.9,75
1719466047965,338.9,75
1719466047965,338.9,75
1719466047965,338.9,75
1719466053372,337.25,25
1719466053372,337.25,25
1719466056448,340.0,25
1719466056448,340.0,25
1719466056448,340.0,25
1719466229168,352.45,25
1719466230764,352.5,25
1719466230764,352.5,25
1719466230764,352.5,25
1719466230764,352.5,25
1719466230764,352.5,25
1719466230764,352.5,25
1719466230764,352.5,25
1719466230764,352.5,25
1719466230764,352.5,25
1719466230764,352.5,25
1719466230764,352.5,25
1719466246919,350.0,50
1719466246919,350.0,50
1719466246919,350.0,50
1719466246919,350.0,50
1719466246919,350.0,50
1719466246919,350.0,50
1719466246919,350.0,50
1719466246919,350.0,50
1719466246919,350.0,50
1719466246919,350.0,50
1719466246919,350.0,50
1719466246919,350.0,50
1719466246919,350.0,50
1719466246919,350.0,50
1719466267164,350.35,25
1719466267164,350.35,25
1719466267164,350.35,25
1719466271442,353.35,25
1719466271529,353.75,50
1719466271529,353.75,50
1719466271529,353.75,50
1719466271529,353.75,50
1719466275299,354.2,50
1719466275299,354.2,50
1719466275299,354.2,50
1719466275299,354.2,50
1719466275299,354.2,50
1719466275299,354.2,50
1719466275299,354.2,50
1719466285391,354.95,25
1719466285391,354.95,25
1719466285391,354.95,25
1719466285391,354.95,25
1719466285391,354.95,25
1719466285391,354.95,25
1719466291577,354.2,50
1719466291577,354.2,50
1719466291577,354.2,50
1719466291577,354.2,50
1719466291577,354.2,50
1719466291577,354.2,50
1719466291577,354.2,50
1719466291577,354.2,50
1719466291577,354.2,50
1719466291577,354.2,50
1719466291577,354.2,50
1719466291577,354.2,50
1719466291577,354.2,50
1719466291577,354.2,50
1719466291577,354.2,50
1719466291577,354.2,50
1719466291577,354.2,50
1719466291577,354.2,50
1719466291577,354.2,50
1719466291577,354.2,50
1719466291577,354.2,50
1719466323208,347.3,25
1719466323208,347.3,25
1719466323208,347.3,25
1719466323208,347.3,25
1719466323208,347.3,25
1719466323208,347.3,25
1719466323208,347.3,25
1719466323208,347.3,25
1719466323208,347.3,25
1719466323208,347.3,25
1719466323208,347.3,25
1719466323208,347.3,25
1719466323208,347.3,25
1719466323208,347.3,25
1719466323208,347.3,25
1719466323208,347.3,25
1719466349307,352.7,50
1719466349307,352.7,50
1719466349307,352.7,50
1719466349307,352.7,50
1719466349307,352.7,50
1719466349307,352.7,50
1719466349307,352.7,50
1719466349307,352.7,50
1719466349307,352.7,50
1719466349307,352.7,50
1719466349307,352.7,50
1719466349307,352.7,50
1719466349307,352.7,50
1719466367876,350.0,25
1719466367876,350.0,25
1719466367876,350.0,25
1719466367876,350.0,25
1719466367876,350.0,25
1719466367876,350.0,25
1719466367876,350.0,25
1719466367876,350.0,25
1719466379547,347.0,75
1719466379547,347.0,75
1719466379547,347.0,75
1719466379547,347.0,75
1719466383133,344.5,50
1719466383631,343.75,50
1719466383631,343.75,50
1719466386334,345.0,100
1719466386334,345.0,100
1719466386334,345.0,100
1719466386334,345.0,100
1719466386334,345.0,100
1719466386334,345.0,100
1719466386334,345.0,100
1719466386334,345.0,100
1719466386334,345.0,100
1719466398955,345.0,25
1719466398955,345.0,25
1719466398955,345.0,25
1719466398955,345.0,25
1719466398955,345.0,25
1719466406746,350.6,25
1719466406746,350.6,25
1719466406746,350.6,25
1719466406746,350.6,25
1719466406746,350.6,25
1719466406746,350.6,25
1719466406746,350.6,25
1719466406746,350.6,25
1719466418287,345.95,25
1719466418287,345.95,25
1719466418287,345.95,25
1719466418287,345.95,25
1719466418287,345.95,25
1719466418287,345.95,25
1719466418287,345.95,25
1719466418287,345.95,25
1719466418287,345.95,25
1719466418287,345.95,25
1719466418287,345.95,25
1719466418287,345.95,25
1719466418287,345.95,25
1719466418287,345.95,25
1719466418287,345.95,25
1719466418287,345.95,25
1719466440556,341.55,50
1719466440556,341.55,50
1719466440556,341.55,50
1719466440556,341.55,50
1719466440556,341.55,50
1719466447054,340.25,25
1719466447054,340.25,25
1719466447054,340.25,25
1719466450564,343.15,50
1719466451611,342.35,50
1719466451611,342.35,50
1719466454547,344.6,25
1719466454547,344.6,25
1719466454547,344.6,25
1719466454547,344.6,25
1719466454547,344.6,25
1719466454547,344.6,25
1719466454547,344.6,25
1719466454547,344.6,25
1719466454547,344.6,25
1719466454547,344.6,25
1719466454547,344.6,25
1719466470300,343.3,50
1719466470300,343.3,50
1719466470300,343.3,50
1719466470300,343.3,50
1719466470300,343.3,50
1719466470300,343.3,50
1719466470300,343.3,50
1719466470300,343.3,50
1719466470300,343.3,50
1719466470300,343.3,50
1719466470300,343.3,50
1719466470300,343.3,50
1719466470300,343.3,50
1719466470300,343.3,50
1719466470300,343.3,50
1719466470300,343.3,50
1719466470300,343.3,50
1719466470300,343.3,50
1719466470300,343.3,50
1719466470300,343.3,50
1719466470300,343.3,50
1719466470300,343.3,50
1719466505473,344.1,25
1719466505473,344.1,25
1719466505473,344.1,25
1719466509159,345.65,25
1719466509159,345.65,25
1719466509159,345.65,25
1719466509159,345.65,25
1719466509159,345.65,25
1719466509159,345.65,25
1719466509159,345.65,25
1719466509159,345.65,25
1719466509159,345.65,25
1719466509159,345.65,25
1719466509159,345.65,25
1719466509159,345.65,25
1719466509159,345.65,25
1719466509159,345.65,25
1719466509159,345.65,25
1719466509159,345.65,25
1719466509159,345.65,25
1719466509159,345.65,25
1719466509159,345.65,25
1719466509159,345.65,25
1719466509159,345.65,25
1719466509159,345.65,25
1719466509159,345.65,25
1719466509159,345.65,25
1719466509159,345.65,25
1719466509159,345.65,25
1719466509159,345.65,25
1719466509159,345.65,25
1719466509159,345.65,25
1719466509159,345.65,25
1719466509159,345.65,25
1719466509159,345.65,25
1719466509159,345.65,25
1719466509159,345.65,25
1719466509159,345.65,25
1719466509159,345.65,25
1719466566161,345.6,25
1719466566161,345.6,25
1719466566161,345.6,25
1719466566161,345.6,25
1719466566161,345.6,25
1719466572981,347.0,50
1719466572981,347.0,50
1719466575036,350.0,25
1719466576011,350.6,75
1719466576011,350.6,75
1719466576011,350.6,75
1719466576011,350.6,75
1719466576011,350.6,75
1719466576011,350.6,75
1719466576011,350.6,75
1719466576011,350.6,75
1719466587103,348.25,25
1719466587908,347.35,25
1719466587908,347.35,25
1719466587908,347.35,25
1719466587908,347.35,25
1719466587908,347.35,25
1719466592287,348.7,25
1719466592287,348.7,25
1719466592287,348.7,25
1719466592287,348.7,25
1719466592287,348.7,25
1719466592287,348.7,25
1719466592287,348.7,25
1719466592287,348.7,25
1719466592287,348.7,25
1719466592287,348.7,25
1719466592287,348.7,25
1719466592287,348.7,25
1719466592287,348.7,25
1719466592287,348.7,25
1719466592287,348.7,25
1719466616208,347.2,50
1719466616208,347.2,50
1719466616208,347.2,50
1719466616208,347.2,50
1719466616208,347.2,50
1719466616208,347.2,50
1719466616208,347.2,50
1719466624146,346.2,50
1719466624146,346.2,50
1719466624146,346.2,50
1719466624146,346.2,50
1719466624146,346.2,50
1719466630568,350.25,50
1719466630568,350.25,50
1719466630568,350.25,50
1719466630568,350.25,50
1719466630568,350.25,50
1719466630568,350.25,50
1719466630568,350.25,50
1719466630568,350.25,50
1719466641713,347.0,25
1719466641713,347.0,25
1719466641713,347.0,25
1719466641713,347.0,25
1719466641713,347.0,25
1719466648403,345.0,100
1719466648403,345.0,100
1719466648403,345.0,100
1719466648403,345.0,100
1719466648403,345.0,100
1719466648403,345.0,100
1719466648403,345.0,100
1719466648403,345.0,100
1719466648403,345.0,100
1719466648403,345.0,100
1719466648403,345.0,100
1719466648403,345.0,100
1719466648403,345.0,100
1719466648403,345.0,100
1719466669084,346.75,25
1719466669084,346.75,25
1719466669084,346.75,25
1719466669084,346.75,25
1719466669084,346.75,25
1719466669084,346.75,25
1719466669084,346.75,25
1719466679320,348.85,50
1719466679320,348.85,50
1719466679320,348.85,50
1719466679320,348.85,50
1719466679320,348.85,50
1719466679320,348.85,50
1719466679320,348.85,50
1719466687809,345.0,100
1719466687809,345.0,100
1719466687981,344.9,25
1719466687981,344.9,25
1719466687981,344.9,25
1719466687981,344.9,25
1719466687981,344.9,25
1719466687981,344.9,25
1719466687981,344.9,25
1719466687981,344.9,25
1719466687981,344.9,25
1719466687981,344.9,25
1719466687981,344.9,25
1719466687981,344.9,25
1719466687981,344.9,25
1719466687981,344.9,25
1719466687981,344.9,25
1719466687981,344.9,25
1719466687981,344.9,25
1719466687981,344.9,25
1719466687981,344.9,25
1719466687981,344.9,25
1719466687981,344.9,25
1719466687981,344.9,25
1719466687981,344.9,25
1719466687981,344.9,25
1719466687981,344.9,25
1719466687981,344.9,25
1719466687981,344.9,25
1719466687981,344.9,25
1719466687981,344.9,25
1719466687981,344.9,25
1719466734969,346.1,25
1719466734969,346.1,25
1719466734969,346.1,25
1719466734969,346.1,25
1719466734969,346.1,25
1719466734969,346.1,25
1719466734969,346.1,25
1719466743356,348.95,50
1719466743356,348.95,50
1719466743356,348.95,50
1719466743356,348.95,50
1719466743356,348.95,50
1719466750262,349.35,25
1719466750262,349.35,25
1719466752177,348.25,25
1719466752177,348.25,25
1719466752177,348.25,25
1719466752177,348.25,25
1719466752177,348.25,25
1719466752177,348.25,25
1719466752177,348.25,25
1719466752177,348.25,25
1719466752177,348.25,25
1719466752177,348.25,25
1719466752177,348.25,25
1719466752177,348.25,25
1719466752177,348.25,25
1719466752177,348.25,25
1719466752177,348.25,25
1719466752177,348.25,25
1719466752177,348.25,25
1719466752177,348.25,25
1719466752177,348.25,25
1719466752177,348.25,25
1719466752177,348.25,25
1719466752177,348.25,25
1719466752177,348.25,25
1719466752177,348.25,25
1719466752177,348.25,25
1719466791053,348.15,50
1719466791053,348.15,50
1719466791053,348.15,50
1719466791053,348.15,50
1719466791053,348.15,50
1719466791053,348.15,50
1719466798533,347.45,25
1719466799476,347.8,25
1719466799476,347.8,25
1719466799476,347.8,25
1719466799476,347.8,25
1719466799476,347.8,25
1719466799476,347.8,25
1719466799476,347.8,25
1719466799476,347.8,25
1719466799476,347.8,25
1719466799476,347.8,25
1719466799476,347.8,25
1719466799476,347.8,25
1719466799476,347.8,25
1719466817066,346.8,25
1719466817066,346.8,25
1719466817066,346.8,25
1719466817066,346.8,25
1719466817066,346.8,25
1719466817066,346.8,25
1719466825539,346.6,25
1719466825539,346.6,25
1719466825539,346.6,25
1719466825539,346.6,25
1719466825539,346.6,25
1719466825539,346.6,25
1719466825539,346.6,25
1719466825539,346.6,25
1719466825539,346.6,25
1719466825539,346.6,25
1719466825539,346.6,25
1719466825539,346.6,25
1719466825539,346.6,25
1719466825539,346.6,25
1719466825539,346.6,25
1719466825539,346.6,25
1719466825539,346.6,25
1719466825539,346.6,25
1719466854746,351.15,25
1719466854746,351.15,25
1719466855622,352.0,50
1719466856101,354.0,75
1719466856101,354.0,75
1719466856101,354.0,75
1719466857998,352.95,25
1719466857998,352.95,25
1719466857998,352.95,25
1719466857998,352.95,25
1719466857998,352.95,25
1719466857998,352.95,25
1719466857998,352.95,25
1719466866650,352.95,250
1719466866650,352.95,250
1719466866650,352.95,250
1719466870459,354.25,25
1719466870459,354.25,25
1719466871696,356.65,25
1719466871696,356.65,25
1719466871696,356.65,25
1719466871696,356.65,25
1719466871696,356.65,25
1719466871696,356.65,25
1719466871696,356.65,25
1719466871696,356.65,25
1719466871696,356.65,25
1719466871696,356.65,25
1719466871696,356.65,25
1719466871696,356.65,25
1719466871696,356.65,25
1719466871696,356.65,25
1719466871696,356.65,25
1719466871696,356.65,25
1719466871696,356.65,25
1719466871696,356.65,25
1719466871696,356.65,25
1719466871696,356.65,25
1719466871696,356.65,25
1719466871696,356.65,25
1719466871696,356.65,25
1719466906670,356.05,50
1719466907075,356.3,25
1719466907075,356.3,25
1719466907075,356.3,25
1719466907075,356.3,25
1719466907075,356.3,25
1719466907075,356.3,25
1719466907075,356.3,25
1719466907075,356.3,25
1719466907075,356.3,25
1719466907075,356.3,25
1719466907075,356.3,25
1719466907075,356.3,25
1719466907075,356.3,25
1719466907075,356.3,25
1719466907075,356.3,25
1719466907075,356.3,25
1719466907075,356.3,25
1719466907075,356.3,25
1719466933219,357.85,25
1719466933219,357.85,25
1719466933219,357.85,25
1719466933219,357.85,25
1719466933219,357.85,25
1719466933219,357.85,25
1719466933219,357.85,25
1719466933219,357.85,25
1719466933219,357.85,25
1719466933219,357.85,25
1719466933219,357.85,25
1719466933219,357.85,25
1719466951244,356.9,25
1719466951244,356.9,25
1719466951244,356.9,25
1719466954567,356.25,25
1719466954567,356.25,25
1719466954567,356.25,25
1719466954567,356.25,25
1719466958698,354.1,50
1719466958698,354.1,50
1719466958698,354.1,50
1719466958698,354.1,50
1719466963726,356.9,25
1719466963726,356.9,25
1719466963726,356.9,25
1719466963726,356.9,25
1719466968634,357.35,25
1719466968634,357.35,25
1719466970168,360.05,25
1719466970403,363.15,200
1719466971018,363.15,100
1719466971018,363.15,100
1719466971018,363.15,100
1719466971018,363.15,100
1719466971018,363.15,100
1719466971018,363.15,100
1719466971018,363.15,100
1719466980117,365.0,100
1719466980117,365.0,100
1719466980117,365.0,100
1719466981941,370.25,50
1719466982246,370.5,25
1719466982246,370.5,25
1719466984134,368.15,25
1719466984134,368.15,25
1719466984134,368.15,25
1719466984134,368.15,25
1719466989041,368.45,75
1719466989041,368.45,75
1719466989041,368.45,75
1719466992518,368.6,50
1719466992518,368.6,50
1719466992518,368.6,50
1719466992518,368.6,50
1719466992518,368.6,50
1719466998412,370.4,25
1719466998412,370.4,25
1719466998412,370.4,25
1719467002316,372.0,25
1719467002632,370.15,25
1719467002632,370.15,25
1719467002632,370.15,25
1719467002632,370.15,25
1719467002632,370.15,25
1719467002632,370.15,25
1719467002632,370.15,25
1719467010783,370.15,50
1719467010783,370.15,50
1719467013025,368.6,125
1719467014261,368.7,25
1719467014261,368.7,25
1719467016074,366.6,50
1719467016074,366.6,50
1719467016074,366.6,50
1719467016074,366.6,50
1719467016074,366.6,50
1719467016074,366.6,50
1719467016074,366.6,50
1719467016074,366.6,50
1719467016074,366.6,50
1719467029302,372.75,25
1719467029302,372.75,25
1719467031258,373.0,25
1719467031258,373.0,25
1719467031258,373.0,25
1719467031258,373.0,25
1719467035764,373.4,25
1719467035764,373.4,25
1719467035764,373.4,25
1719467035764,373.4,25
1719467035764,373.4,25
1719467035764,373.4,25
1719467035764,373.4,25
1719467043628,370.0,25
1719467043628,370.0,25
1719467043628,370.0,25
1719467046976,368.35,150
1719467046976,368.35,150
1719467046976,368.35,150
1719467046976,368.35,150
1719467050462,367.35,25
1719467050462,367.35,25
1719467051965,366.35,25
1719467051965,366.35,25
1719467051965,366.35,25
1719467055239,367.0,50
1719467055239,367.0,50
1719467055239,367.0,50
1719467055239,367.0,50
1719467055239,367.0,50
1719467055239,367.0,50
1719467055239,367.0,50
1719467055239,367.0,50
1719467055239,367.0,50
1719467055239,367.0,50
1719467055239,367.0,50
1719467055239,367.0,50
1719467055239,367.0,50
1719467055239,367.0,50
1719467055239,367.0,50
1719467055239,367.0,50
1719467055239,367.0,50
1719467055239,367.0,50
1719467055239,367.0,50
1719467055239,367.0,50
1719467055239,367.0,50
1719467087860,367.0,125
1719467087860,367.0,125
1719467087860,367.0,125
1719467087860,367.0,125
1719467087860,367.0,125
1719467087860,367.0,125
1719467087860,367.0,125
1719467087860,367.0,125
1719467087860,367.0,125
1719467087860,367.0,125
1719467087860,367.0,125
1719467087860,367.0,125
1719467087860,367.0,125
1719467105339,365.75,25
1719467105339,365.75,25
1719467105339,365.75,25
1719467105339,365.75,25
1719467105339,365.75,25
1719467112472,367.5,50
1719467112472,367.5,50
1719467112472,367.5,50
1719467112472,367.5,50
1719467112472,367.5,50
1719467112472,367.5,50
1719467112472,367.5,50
1719467112472,367.5,50
1719467112472,367.5,50
1719467112472,367.5,50
1719467112472,367.5,50
1719467112472,367.5,50
1719467112472,367.5,50
1719467112472,367.5,50
1719467112472,367.5,50
1719467112472,367.5,50
1719467112472,367.5,50
1719467112472,367.5,50
1719467112472,367.5,50
1719467112472,367.5,50
1719467112472,367.5,50
1719467112472,367.5,50
1719467112472,367.5,50
1719467112472,367.5,50
1719467112472,367.5,50
1719467112472,367.5,50
1719467112472,367.5,50
1719467154220,363.15,25
1719467154220,363.15,25
1719467154220,363.15,25
1719467154220,363.15,25
1719467154220,363.15,25
1719467154220,363.15,25
1719467154220,363.15,25
1719467154220,363.15,25
1719467154220,363.15,25
1719467154220,363.15,25
1719467154220,363.15,25
1719467168552,365.9,25
1719467168552,365.9,25
1719467168552,365.9,25
1719467168552,365.9,25
1719467173727,367.0,50
1719467173727,367.0,50
1719467173727,367.0,50
1719467173727,367.0,50
1719467173727,367.0,50
1719467173727,367.0,50
1719467173727,367.0,50
1719467173727,367.0,50
1719467173727,367.0,50
1719467173727,367.0,50
1719467173727,367.0,50
1719467173727,367.0,50
1719467173727,367.0,50
1719467173727,367.0,50
1719467173727,367.0,50
1719467173727,367.0,50
1719467173727,367.0,50
1719467173727,367.0,50
1719467173727,367.0,50
1719467173727,367.0,50
1719467173727,367.0,50
1719467173727,367.0,50
1719467173727,367.0,50
1719467173727,367.0,50
1719467173727,367.0,50
1719467173727,367.0,50
1719467173727,367.0,50
1719467173727,367.0,50
1719467173727,367.0,50
1719467173727,367.0,50
1719467220513,370.25,25
1719467220513,370.25,25
1719467220513,370.25,25
1719467220513,370.25,25
1719467220513,370.25,25
1719467220513,370.25,25
1719467220513,370.25,25
1719467230402,370.65,100
1719467230402,370.65,100
1719467230402,370.65,100
1719467230402,370.65,100
1719467230402,370.65,100
1719467237934,370.2,25
1719467237934,370.2,25
1719467237934,370.2,25
1719467237934,370.2,25
1719467237934,370.2,25
1719467237934,370.2,25
1719467237934,370.2,25
1719467237934,370.2,25
1719467237934,370.2,25
1719467237934,370.2,25
1719467237934,370.2,25
1719467237934,370.2,25
1719467237934,370.2,25
1719467237934,370.2,25
1719467237934,370.2,25
1719467237934,370.2,25
1719467237934,370.2,25
1719467237934,370.2,25
1719467237934,370.2,25
1719467237934,370.2,25
1719467237934,370.2,25
1719467237934,370.2,25
1719467237934,370.2,25
1719467237934,370.2,25
1719467237934,370.2,25
1719467237934,370.2,25
1719467237934,370.2,25
1719467237934,370.2,25
1719467237934,370.2,25
1719467237934,370.2,25
1719467237934,370.2,25
1719467237934,370.2,25
1719467237934,370.2,25
1719467237934,370.2,25
1719467237934,370.2,25
1719467292191,364.45,25
1719467292191,364.45,25
1719467292191,364.45,25
1719467292191,364.45,25
1719467292191,364.45,25
1719467292191,364.45,25
1719467292191,364.45,25
1719467292191,364.45,25
1719467292191,364.45,25
1719467292191,364.45,25
1719467292191,364.45,25
1719467292191,364.45,25
1719467292191,364.45,25
1719467292191,364.45,25
1719467292191,364.45,25
1719467292191,364.45,25
1719467292191,364.45,25
1719467292191,364.45,25
1719467292191,364.45,25
1719467292191,364.45,25
1719467324852,365.0,100
1719467324852,365.0,100
1719467324852,365.0,100
1719467324852,365.0,100
1719467324852,365.0,100
1719467324852,365.0,100
1719467333904,358.9,100
1719467333904,358.9,100
1719467333904,358.9,100
1719467333904,358.9,100
1719467338988,358.55,25
1719467338988,358.55,25
1719467338988,358.55,25
1719467338988,358.55,25
1719467338988,358.55,25
1719467338988,358.55,25
1719467347254,357.2,25
1719467347254,357.2,25
1719467347254,357.2,25
1719467347254,357.2,25
1719467352890,351.7,50
1719467353069,350.0,50
1719467353069,350.0,50
1719467355073,350.9,50
1719467355073,350.9,50
1719467355073,350.9,50
1719467355073,350.9,50
1719467355073,350.9,50
1719467355073,350.9,50
1719467355073,350.9,50
1719467355073,350.9,50
1719467355073,350.9,50
1719467367312,354.45,50
1719467367312,354.45,50
1719467367312,354.45,50
1719467367312,354.45,50
1719467367312,354.45,50
1719467367312,354.45,50
1719467367312,354.45,50
1719467367312,354.45,50
1719467367312,354.45,50
1719467367312,354.45,50
1719467382291,351.45,100
1719467382291,351.45,100
1719467382291,351.45,100
1719467382291,351.45,100
1719467382291,351.45,100
1719467382291,351.45,100
1719467382291,351.45,100
1719467382291,351.45,100
1719467382291,351.45,100
1719467382291,351.45,100
1719467382291,351.45,100
1719467382291,351.45,100
1719467382291,351.45,100
1719467382291,351.45,100
1719467382291,351.45,100
1719467382291,351.45,100
1719467382291,351.45,100
1719467382291,351.45,100
1719467382291,351.45,100
1719467382291,351.45,100
1719467382291,351.45,100
1719467382291,351.45,100
1719467382291,351.45,100
1719467382291,351.45,100
1719467419755,354.5,50
1719467419755,354.5,50
1719467419755,354.5,50
1719467419755,354.5,50
1719467419755,354.5,50
1719467419755,354.5,50
1719467419755,354.5,50
1719467419755,354.5,50
1719467419755,354.5,50
1719467419755,354.5,50
1719467435291,353.1,25
1719467435291,353.1,25
1719467435291,353.1,25
1719467440031,355.5,25
1719467440031,355.5,25
1719467442068,356.25,25
1719467442068,356.25,25
1719467442068,356.25,25
1719467442068,356.25,25
1719467442068,356.25,25
1719467442068,356.25,25
1719467442068,356.25,25
1719467442068,356.25,25
1719467442068,356.25,25
1719467442068,356.25,25
1719467442068,356.25,25
1719467442068,356.25,25
1719467442068,356.25,25
1719467462847,354.05,25
1719467462847,354.05,25
1719467462847,354.05,25
1719467462847,354.05,25
1719467462847,354.05,25
1719467462847,354.05,25
1719467462847,354.05,25
1719467462847,354.05,25
1719467462847,354.05,25
1719467462847,354.05,25
1719467462847,354.05,25
1719467462847,354.05,25
1719467462847,354.05,25
1719467462847,354.05,25
1719467462847,354.05,25
1719467462847,354.05,25
1719467462847,354.05,25
1719467462847,354.05,25
1719467462847,354.05,25
1719467493014,352.0,25
1719467493014,352.0,25
1719467493014,352.0,25
1719467493014,352.0,25
1719467498198,351.05,25
1719467498198,351.05,25
1719467498198,351.05,25
1719467498198,351.05,25
1719467498198,351.05,25
1719467498198,351.05,25
1719467498198,351.05,25
1719467498198,351.05,25
1719467498198,351.05,25
1719467498198,351.05,25
1719467498198,351.05,25
1719467514178,357.6,25
1719467514178,357.6,25
1719467514178,357.6,25
1719467514178,357.6,25
1719467514178,357.6,25
1719467514178,357.6,25
1719467514178,357.6,25
1719467586127,362.65,25
1719467586127,362.65,25
1719467602283,361.55,25
1719467706440,368.55,25
1719467706440,368.55,25
1719467706440,368.55,25
1719467706440,368.55,25
1719467706440,368.55,25
1719467706440,368.55,25
1719467706440,368.55,25
1719467706440,368.55,25
1719467706440,368.55,25
1719467706440,368.55,25
1719467706440,368.55,25
1719467706440,368.55,25
1719467762283,370.0,50
1719467762283,370.0,50
1719467763990,371.1,25
1719467763990,371.1,25
1719467763990,371.1,25
1719467763990,371.1,25
1719467771487,369.95,50
1719467771487,369.95,50
1719467771487,369.95,50
1719467771487,369.95,50
1719467771487,369.95,50
1719467771487,369.95,50
1719467771487,369.95,50
1719467771487,369.95,50
1719467771487,369.95,50
1719467771487,369.95,50
1719467771487,369.95,50
1719467771487,369.95,50
1719467771487,369.95,50
1719467771487,369.95,50
1719467771487,369.95,50
1719467771487,369.95,50
1719467771487,369.95,50
1719467771487,369.95,50
1719467771487,369.95,50
1719468076310,370.4,50
1719468076310,370.4,50
1719468076310,370.4,50
1719468076310,370.4,50
