time,price,volume
1719461503290,67.55,75
1719461504223,66.55,1250
1719461504497,66.75,25
1719461505227,67.65,75
1719461505715,67.4,25
1719461506241,67.05,150
1719461506885,66.65,150
1719461507220,66.9,200
1719461508120,67.95,75
1719461508417,67.2,25
1719461509239,67.1,75
1719461509710,66.85,375
1719461510234,66.9,25
1719461511290,66.8,200
1719461511425,66.95,50
1719461512239,67.65,25
1719461512520,67.2,25
1719461513241,67.0,50
1719461513941,67.05,25
1719461514246,67.9,225
1719461515236,66.85,75
1719461515314,66.9,50
1719461516242,68.65,25
1719461516532,68.9,25
1719461517245,67.8,25
1719461517936,67.6,75
1719461518239,66.75,50
1719461519249,66.25,25
1719461519510,66.45,50
1719461520087,67.1,25
1719461520426,66.7,250
1719461520731,66.85,25
1719461521237,66.8,175
1719461522129,66.1,25
1719461522227,66.15,50
1719461523250,66.4,100
1719461523534,65.7,25
1719461524251,63.9,125
1719461524714,64.4,75
1719461525448,64.6,125
1719461525947,64.3,100
1719461526258,63.95,75
1719461527249,62.9,125
1719461527553,62.35,100
1719461528243,62.85,50
1719461528754,62.6,200
1719461529255,62.85,25
1719461530154,63.15,25
1719461530460,63.2,125
1719461531244,63.25,25
1719461531544,63.0,25
1719461532261,63.35,25
1719461532541,63.35,50
1719461533258,63.55,25
1719461533956,63.75,25
1719461534246,63.6,125
1719461535342,63.6,125
1719461536244,63.65,25
1719461536562,63.6,50
1719461537249,63.5,25
1719461537761,63.7,25
1719461538247,63.75,25
1719461539255,63.55,25
1719461540347,63.1,25
1719461541264,62.55,75
1719461541580,62.45,50
1719461542211,62.65,25
1719461542564,62.25,100
1719461543441,61.5,150
1719461544248,61.35,25
1719461545264,61.0,75
1719461545970,60.1,25
1719461546273,59.6,50
1719461547272,61.05,150
1719461547564,61.05,25
1719461548450,61.3,50
1719461548992,62.15,25
1719461549270,62.0,50
1719461550078,61.9,50
1719461550175,62.0,25
1719461550270,61.8,50
1719461551287,61.9,25
1719461551387,61.7,25
1719461552262,62.0,50
1719461552586,62.1,25
1719461553265,61.75,250
1719461553779,61.5,325
1719461554274,62.0,25
1719461554973,62.7,25
1719461555264,62.35,25
1719461556381,62.3,50
1719461557251,62.35,400
1719461557397,62.55,25
1719461558262,62.65,200
1719461558597,62.55,25
1719461559255,62.75,25
1719461559563,62.5,25
1719461560259,62.25,25
1719461560782,62.65,25
1719461561252,62.65,25
1719461562001,62.2,25
1719461562250,62.1,25
1719461563279,60.55,25
1719461564453,60.65,100
1719461565267,60.2,25
1719461565578,60.25,100
1719461566263,60.6,150
1719461566766,60.25,25
1719461567278,60.05,50
1719461568002,60.2,50
1719461568284,60.2,300
1719461569265,60.5,50
1719461570272,59.95,50
1719461570413,60.05,50
1719461571257,60.5,25
1719461571798,61.3,75
1719461572268,61.3,100
1719461573273,60.75,25
1719461573411,60.85,75
1719461574266,61.15,50
1719461575026,61.2,50
1719461575264,61.15,25
1719461576260,62.0,25
1719461576618,62.25,25
1719461577253,62.45,75
1719461578004,62.7,175
1719461578265,62.55,25
1719461579284,62.55,25
1719461580097,62.5,25
1719461580472,62.35,175
1719461580626,62.15,100
1719461581274,62.15,25
1719461581840,62.35,50
1719461582256,62.25,50
1719461583036,62.85,25
1719461583279,63.1,25
1719461584270,63.1,25
1719461585276,62.2,25
1719461585624,61.55,25
1719461586273,61.6,25
1719461586845,61.8,25
1719461587274,61.7,25
1719461588047,61.6,25
1719461588480,61.55,25
1719461589276,61.8,25
1719461589639,61.75,150
1719461590279,61.05,25
1719461590847,60.9,300
1719461591262,60.55,25
1719461592253,60.4,25
1719461592268,60.35,75
1719461593285,60.4,50
1719461593647,60.45,25
1719461594270,61.3,25
1719461594638,61.45,25
1719461595280,61.4,25
1719461595858,61.5,150
1719461596279,62.35,25
1719461597290,62.05,50
1719461598280,62.45,25
1719461598645,62.55,25
1719461599286,62.7,75
1719461599667,62.95,25
1719461600298,62.85,25
1719461601076,62.55,25
1719461601273,62.9,75
1719461605675,62.7,25
1719461606301,62.8,300
1719461607074,62.2,200
1719461607296,62.25,50
1719461608286,61.15,50
1719461609280,61.75,25
1719461609466,61.95,25
1719461610098,62.05,50
1719461610305,61.7,175
1719461610643,61.55,25
1719461611287,62.25,250
1719461612295,62.3,25
1719461613289,62.1,50
1719461613490,61.9,200
1719461614293,62.05,25
1719461614667,61.85,50
1719461615284,61.7,50
1719461615683,61.3,50
1719461616302,61.85,125
1719461617038,61.55,50
1719461617284,61.55,50
1719461618286,60.85,25
1719461618450,60.85,300
1719461619296,61.65,50
1719461619401,61.75,300
1719461620299,61.65,50
1719461620490,61.6,25
1719461621306,62.6,25
1719461621677,62.85,50
1719461622288,62.65,325
1719461622852,62.45,25
1719461623311,62.7,425
1719461624087,63.15,225
1719461624300,63.45,50
1719461625322,64.6,175
1719461625493,64.75,50
1719461626308,64.4,125
1719461626893,64.25,25
1719461627293,64.1,375
1719461628087,65.2,50
1719461628294,65.05,100
1719461629293,64.7,75
1719461629321,64.5,225
1719461630311,64.8,125
1719461630516,64.95,25
1719461631264,64.7,25
1719461631703,64.4,25
1719461632291,63.7,25
1719461632899,65.4,250
1719461633315,65.3,175
1719461634305,65.25,25
1719461635315,64.85,150
1719461635503,64.95,25
1719461636318,65.15,25
1719461636694,65.25,125
1719461637296,65.15,50
1719461637912,65.0,25
1719461638300,64.95,250
1719461639091,64.35,150
1719461639315,64.35,175
1719461640095,64.7,25
1719461640320,64.55,100
1719461641291,64.85,100
1719461641705,64.6,50
1719461642326,63.85,25
1719461642727,64.15,25
1719461643294,64.7,100
1719461643929,64.35,25
1719461644335,64.25,25
1719461645124,64.4,50
1719461645334,64.55,25
1719461646323,63.95,25
1719461647316,64.7,75
1719461647524,64.6,50
1719461648300,63.9,25
1719461648525,64.45,50
1719461649316,64.55,25
1719461649728,64.4,50
1719461650307,64.1,50
1719461650708,64.1,350
1719461651324,64.5,25
1719461651909,64.45,50
1719461652324,64.2,225
1719461652940,66.05,50
1719461653322,65.25,100
1719461654332,66.45,50
1719461655323,66.1,300
1719461655535,65.95,25
1719461656306,65.75,100
1719461656520,65.7,25
1719461657317,65.6,25
1719461657540,65.65,75
1719461658330,65.2,25
1719461658734,64.75,150
1719461659520,64.9,300
1719461659754,65.15,50
1719461660319,64.75,25
1719461660906,64.45,300
1719461661328,64.35,25
1719461662133,63.5,125
1719461662329,63.55,25
1719461663318,62.85,25
1719461663541,62.4,25
1719461664323,62.95,200
1719461664738,62.4,50
1719461665328,62.55,25
1719461665759,63.2,25
1719461666345,63.25,50
1719461666947,63.55,25
1719461667314,64.0,100
1719461668145,64.8,25
1719461668324,64.8,50
1719461669339,64.35,50
1719461669533,64.65,150
1719461670071,65.15,25
1719461670342,65.25,25
1719461670730,64.5,25
1719461671336,64.6,25
1719461671742,64.75,25
1719461672334,64.35,50
1719461672961,64.35,25
1719461673344,64.15,200
1719461674154,63.9,25
1719461674339,63.7,25
1719461675170,63.55,25
1719461675320,63.5,25
1719461676366,64.2,25
1719461677382,65.0,25
1719461678327,63.8,25
1719461678575,63.85,25
1719461679312,63.65,50
1719461679752,63.2,75
1719461680337,63.2,25
1719461680568,63.0,25
1719461681333,63.6,25
1719461682182,63.9,25
1719461682305,63.9,25
1719461683354,64.15,50
1719461684330,65.0,25
1719461684362,65.0,50
1719461685335,64.35,50
1719461685545,64.35,200
1719461686339,64.7,50
1719461686770,64.7,75
1719461687348,64.65,275
1719461687763,64.3,25
1719461688324,64.0,75
1719461688696,63.9,200
1719461689326,63.5,25
1719461689991,64.7,25
1719461690323,64.35,25
1719461691155,65.2,25
1719461691328,65.35,100
1719461692379,64.5,25
1719461693346,64.2,100
1719461693567,64.35,50
1719461694341,64.75,150
1719461694774,64.75,25
1719461695361,65.0,75
1719461695982,64.6,25
1719461696332,64.35,50
1719461697197,64.75,25
1719461697353,64.8,200
1719461698405,64.05,250
1719461699332,63.05,125
1719461699785,63.0,25
1719461700071,63.5,25
1719461700346,63.6,25
1719461700794,64.05,125
1719461701362,65.05,25
1719461701989,65.1,25
1719461702361,65.15,25
1719461703602,64.8,775
1719461704343,65.4,25
1719461704804,65.0,25
1719461705361,64.2,25
1719461706013,64.15,25
1719461706352,63.65,25
1719461707408,63.25,25
1719461708611,62.85,25
1719461709356,62.65,50
1719461709789,63.15,25
1719461710383,64.0,150
1719461710822,63.95,250
1719461711352,64.65,75
1719461711807,64.45,25
1719461712364,63.75,50
1719461712826,64.5,25
1719461713407,63.95,100
1719461714373,63.25,100
1719461715355,63.35,25
1719461715617,63.25,25
1719461716369,63.3,25
1719461716588,63.05,25
1719461717355,63.0,25
1719461717823,63.15,225
1719461718339,63.65,25
1719461718780,63.7,50
1719461719319,63.8,25
1719461720025,64.9,25
1719461720375,65.4,50
1719461721019,64.75,25
1719461721355,64.7,25
1719461722212,64.55,25
1719461722322,64.35,25
1719461723433,64.05,150
1719461724377,64.8,25
1719461724631,64.95,25
1719461725353,65.1,425
1719461725623,65.2,25
1719461726364,65.0,50
1719461726625,65.0,50
1719461727376,64.0,25
1719461727844,64.0,25
1719461728365,64.05,25
1719461728819,64.2,25
1719461729371,64.15,75
1719461729835,64.45,50
1719461730074,64.7,200
1719461730375,64.85,25
1719461731035,64.35,50
1719461731319,64.25,25
1719461732654,66.6,50
1719461733378,66.65,25
1719461734230,68.65,25
1719461734369,69.05,50
1719461735378,69.95,25
1719461735857,70.75,25
1719461736392,71.8,75
1719461737387,70.45,100
1719461737659,69.9,25
1719461738584,68.45,50
1719461739376,67.1,200
1719461740377,67.85,25
1719461740855,68.0,50
1719461741381,67.8,25
1719461742382,67.3,100
1719461742462,66.95,100
1719461743373,67.55,25
1719461743659,67.4,250
1719461744390,67.7,25
1719461744856,68.15,25
1719461745424,68.6,25
1719461745877,68.7,100
1719461746373,68.55,25
1719461747268,69.5,50
1719461747392,69.8,50
1719461748665,69.4,200
1719461749373,69.75,50
1719461749867,69.4,25
1719461750390,69.35,125
1719461751074,70.1,25
1719461751378,70.6,225
1719461752071,70.2,25
1719461763889,70.25,25
1719461764397,71.35,25
1719461765486,70.7,25
1719461766403,70.0,75
1719461766682,70.35,50
1719461767599,70.1,25
1719461768085,69.9,25
1719461768394,69.45,75
1719461769381,69.8,150
1719461769692,69.7,25
1719461770406,69.7,25
1719461770887,70.0,250
1719461771397,70.2,175
1719461772103,68.75,75
1719461772594,68.85,25
1719461773406,69.25,25
1719461773502,69.0,25
1719461774398,67.8,50
1719461775098,68.65,25
1719461775378,68.7,50
1719461776387,68.45,25
1719461776694,68.6,25
1719461777395,68.5,25
1719461777900,68.45,50
1719461778367,68.6,25
1719461779121,68.6,100
1719461779399,68.6,175
1719461780317,68.65,25
1719461780401,68.8,50
1719461781516,68.85,250
1719461782401,69.45,25
1719461782705,69.95,25
1719461783373,68.95,125
1719461783920,70.05,50
1719461784400,70.0,25
1719461785121,69.85,25
1719461785407,69.8,50
1719461786401,71.15,25
1719461786510,71.35,25
1719461787618,73.0,75
1719461787926,73.5,25
1719461788409,74.0,25
1719461789136,73.55,25
1719461789406,73.45,25
1719461792918,71.55,450
1719461793410,71.65,100
1719461793936,72.05,50
1719461794402,71.4,25
1719461795138,71.45,50
1719461795404,71.7,25
1719461796412,72.2,125
1719461796740,71.9,25
1719461797412,71.75,25
1719461797935,72.55,25
1719461798421,72.85,25
1719461799346,72.7,25
1719461799414,72.9,150
1719461800394,72.15,100
1719461800734,72.2,25
1719461801420,72.45,25
1719461801950,72.35,75
1719461802422,72.05,25
1719461803415,72.4,25
1719461818436,70.0,125
1719461860641,67.8,25
1719461862006,68.95,25
1719461862464,68.55,75
1719461863253,68.95,50
1719461863423,69.05,50
1719461864223,68.4,25
1719461864446,68.5,50
1719461865255,69.0,75
1719461865403,69.15,25
1719461873465,67.55,25
1719461873655,67.15,50
1719461874457,67.1,25
1719461875040,66.4,125
1719461875446,66.55,25
1719461876266,66.5,25
1719461876467,66.4,75
1719461877450,66.0,100
1719461877862,66.35,50
1719461878475,66.25,25
1719461879061,66.0,75
1719461879454,66.1,75
1719461880103,66.2,25
1719461880283,66.05,25
1719461880461,65.75,150
1719461881451,65.85,25
1719461881666,65.9,200
1719461882479,64.7,25
1719461883067,65.4,25
1719461883467,65.6,25
1719461884472,65.95,25
1719461884686,66.15,100
1719461885468,66.25,25
1719461885864,66.4,150
1719461886706,66.9,25
1719461887074,66.85,25
1719461887462,67.0,225
1719461888067,66.75,25
1719461888467,66.7,125
1719461889078,66.9,75
1719461889431,67.0,25
1719461890431,66.15,75
1719461890480,66.0,25
1719461891473,65.8,50
1719461892069,65.6,75
1719461892453,65.0,25
1719461893096,65.3,25
1719461893463,65.2,125
1719461894501,65.35,25
1719461895469,65.05,75
1719461895889,64.8,50
1719461896482,65.15,25
1719461897102,64.95,25
1719461897466,64.6,175
1719461898483,65.05,25
1719461899474,65.05,25
1719461899709,65.25,25
1719461900481,65.65,250
1719461900906,65.65,25
1719461901444,65.65,25
1719461902305,66.25,25
1719461902487,66.45,50
1719461903497,67.4,25
1719461904473,66.55,50
1719461904882,66.1,25
1719461905477,66.2,50
1719461905906,65.85,75
1719461906475,65.6,25
1719461907103,65.35,25
1719461907493,65.35,25
1719461908321,65.7,25
1719461908491,65.75,50
1719461909481,65.65,25
1719461909716,65.4,50
1719461910091,65.45,50
1719461910456,65.2,75
1719461911092,64.0,25
1719461911486,63.8,25
1719461912484,64.75,25
1719461912518,64.75,75
1719461913480,64.9,75
1719461913715,64.65,50
1719461914517,63.7,25
1719461914889,63.95,25
1719461915490,63.85,50
1719461915932,64.1,25
1719461916479,63.4,25
1719461917319,63.85,25
1719461917481,64.05,50
1719461918484,63.95,25
1719461918539,63.95,25
1719461919504,63.9,25
1719461919936,64.1,25
1719461920471,64.4,25
1719461920917,64.5,25
1719461921487,65.15,25
1719461922114,65.2,75
1719461922474,65.55,25
1719461923136,65.2,50
1719461923506,65.2,150
1719461924493,65.35,50
1719461924537,65.2,25
1719461925494,66.0,325
1719461925726,66.4,25
1719461926492,66.4,50
1719461926953,65.95,25
1719461927476,66.2,125
1719461928129,66.15,25
1719461928477,66.3,75
1719461929322,65.8,25
1719461929485,65.7,25
1719461930485,66.2,100
1719461930709,66.35,25
1719461931689,65.9,75
1719461932141,65.8,25
1719461932484,65.8,25
1719461933161,66.0,725
1719461933488,65.85,25
1719461934532,65.8,75
1719461935432,65.65,25
1719461935743,66.0,50
1719461936499,65.8,50
1719461937133,65.2,50
1719461937495,65.4,25
1719461938339,65.45,25
1719461938480,65.35,25
1719461939493,66.25,25
1719461939810,66.45,100
1719461940089,66.25,25
1719461940708,66.45,75
1719461941149,66.65,150
1719461941498,66.05,250
1719461942485,66.05,100
1719461943496,66.6,125
1719461943551,66.65,100
1719461944487,66.2,150
1719461944747,66.25,25
1719461945478,66.35,50
1719461945856,66.6,100
1719461946486,66.65,25
1719461946965,66.8,50
1719461947507,66.95,25
1719461948176,67.25,25
1719461948482,67.0,25
1719461949371,67.25,50
1719461949520,67.3,25
1719461950500,68.0,175
1719461950751,67.7,50
1719461951496,67.7,25
1719461951944,67.9,100
1719461952506,67.9,50
1719461953178,68.0,25
1719461953511,68.25,25
1719461954503,68.0,50
1719461955495,67.75,25
1719461955572,68.0,150
1719461956498,68.3,75
1719461956965,67.85,25
1719461957505,68.15,25
1719461958163,68.5,125
1719461958522,68.75,25
1719461959578,69.55,50
1719461959717,69.8,25
1719461960493,70.9,50
1719461961184,71.0,25
1719461961514,71.85,150
1719461962593,71.7,50
1719461963518,72.6,25
1719461964179,71.75,25
1719461964513,71.6,125
1719461965588,72.25,50
1719461966530,71.15,25
1719461966789,71.2,50
1719461967511,71.25,50
1719461967996,70.45,275
1719461968506,70.85,25
1719461969196,71.35,125
1719461969528,71.4,25
1719461970087,71.6,25
1719461970193,71.65,25
1719461970524,71.3,25
1719461971513,71.7,75
1719461971623,71.65,200
1719461972539,72.15,150
1719461972993,72.05,175
1719461973510,71.65,50
1719461974220,71.3,25
1719461974546,71.3,50
1719461975217,71.4,25
1719461975542,71.35,25
1719461976405,70.8,75
1719461976511,70.8,25
1719461977509,71.0,25
1719461978030,70.95,25
1719461978517,70.55,375
1719461979213,70.2,250
1719461979531,70.0,50
1719461980530,70.4,125
1719461980608,70.45,25
1719461981521,70.4,25
1719461982023,70.4,25
1719461982531,70.85,250
1719461983254,71.55,25
1719461983533,71.7,25
1719461984625,72.7,50
1719461985523,72.55,50
1719461985829,72.55,75
1719461986515,72.55,50
1719461987026,72.7,150
1719461987531,72.35,75
1719461988230,72.5,50
1719461988708,72.2,25
1719461989441,72.2,50
1719461989507,72.25,25
1719461990622,71.95,125
1719461991540,71.9,50
1719461991833,72.35,25
1719461992522,72.2,25
1719461993044,71.8,25
1719461993538,72.35,250
1719461994026,72.4,250
1719461994532,72.6,50
1719461995245,72.4,150
1719461995546,72.5,75
1719461996409,72.65,50
1719461996525,72.2,25
1719461997524,70.95,50
1719461997649,71.3,25
1719461998540,71.1,25
1719461998838,70.7,225
1719461999537,71.45,75
1719461999855,71.75,25
1719462000089,71.45,25
1719462000555,71.05,50
1719462001021,71.3,100
1719462001507,71.9,25
1719462002057,72.45,50
1719462002721,73.1,25
1719462003258,72.3,25
1719462003545,72.35,125
1719462004254,72.1,25
1719462004534,72.25,75
1719462005535,72.75,50
1719462005856,72.6,25
1719462006733,73.1,25
1719462007445,73.95,25
1719462007551,74.1,125
1719462008545,74.55,25
1719462009067,74.6,100
1719462009560,74.25,50
1719462010530,73.9,50
1719462010851,73.8,125
1719462011751,72.8,25
1719462012279,72.65,25
1719462012546,72.8,175
1719462013553,73.6,50
1719462014547,72.95,125
1719462014668,73.0,25
1719462015532,73.25,50
1719462016070,73.0,25
1719462016554,73.05,200
1719462017259,73.1,25
1719462017755,73.2,25
1719462018508,73.2,175
1719462018883,73.7,75
1719462019561,73.2,50
1719462020297,74.05,50
1719462020547,73.55,50
1719462021680,72.75,25
1719462021768,72.7,75
1719462022555,71.6,50
1719462023087,71.7,25
1719462023550,71.35,25
1719462024542,70.9,50
1719462025885,71.2,100
1719462026555,71.1,25
1719462027079,70.95,25
1719462027541,70.45,25
1719462028282,70.45,50
1719462028542,70.45,100
1719462029291,71.05,25
1719462029556,70.8,25
1719462030104,70.95,25
1719462030557,71.15,25
1719462031552,71.8,200
1719462031897,72.15,50
1719462032570,72.05,75
1719462033096,71.85,50
1719462033735,72.1,50
1719462034051,72.05,125
1719462034559,72.05,50
1719462035298,71.55,25
1719462035569,71.7,200
1719462036701,72.5,25
1719462037560,71.6,25
1719462038102,71.35,25
1719462038760,71.6,25
1719462039303,71.7,50
1719462039565,71.55,75
1719462040297,71.9,25
1719462040557,72.3,50
1719462041520,71.15,25
1719462041672,71.2,50
1719462042559,70.8,25
1719462042868,71.0,25
1719462043557,71.15,50
1719462044312,70.1,25
1719462044553,70.55,125
1719462045545,70.75,50
1719462046573,71.1,50
1719462046718,71.15,50
1719462047768,70.95,75
1719462048126,71.05,25
1719462048496,71.45,100
1719462049329,71.2,200
1719462049577,71.4,25
1719462050323,72.15,75
1719462050565,72.65,25
1719462051570,72.1,100
1719462051723,72.15,175
1719462052572,73.2,250
1719462053130,73.45,75
1719462053523,73.35,125
1719462054332,72.95,25
1719462054570,72.55,50
1719462055571,72.5,50
1719462055739,72.25,75
1719462056562,71.3,25
1719462057130,71.25,200
1719462057580,71.3,50
1719462058314,71.0,25
1719462058776,70.25,25
1719462059574,70.45,175
1719462060087,71.4,50
1719462060556,71.35,200
1719462060947,71.4,100
1719462061571,72.2,125
1719462062334,72.35,25
1719462062555,72.65,25
1719462063786,71.45,175
1719462063951,71.7,225
1719462064577,70.85,25
1719462065339,71.3,25
1719462065575,70.8,75
1719462066562,71.15,25
1719462066928,70.7,25
1719462067567,71.0,25
1719462068340,71.25,25
1719462068578,71.15,25
1719462069274,71.4,200
1719462069773,71.15,25
1719462070349,71.2,100
1719462070551,71.0,350
1719462071547,70.8,25
1719462071748,70.9,25
1719462072589,70.95,25
1719462072744,71.25,25
1719462073587,71.0,25
1719462073731,71.15,25
1719462074577,71.45,100
1719462075146,71.1,25
1719462075586,70.65,25
1719462076362,71.15,50
1719462076585,71.05,25
1719462077358,70.95,300
1719462077568,71.1,50
1719462078598,71.35,125
1719462078756,71.35,50
1719462079582,71.0,75
1719462079972,71.25,250
1719462080585,70.85,50
1719462080916,71.5,25
1719462081551,70.9,25
1719462082177,70.65,100
1719462082602,70.0,50
1719462083594,69.25,25
1719462084799,68.65,75
1719462085166,68.7,50
1719462085585,68.55,100
1719462086353,68.95,25
1719462086602,68.8,25
1719462087373,69.4,50
1719462087594,69.25,75
1719462088606,69.9,100
1719462089592,69.6,25
1719462090100,69.6,75
1719462090594,69.65,25
1719462091182,69.5,25
1719462091558,69.2,50
1719462092179,68.8,25
1719462092607,69.25,250
1719462093379,69.45,100
1719462093796,69.05,625
1719462094387,68.65,25
1719462094580,68.85,125
1719462095603,68.35,25
1719462096598,68.65,25
1719462097189,68.3,50
1719462097565,68.3,25
1719462098383,68.1,50
1719462098556,68.0,25
1719462099598,68.95,300
1719462100590,69.0,25
1719462101003,68.6,25
1719462101625,68.65,25
1719462102207,68.9,25
1719462102618,68.75,25
1719462103402,68.8,25
1719462103606,68.85,25
1719462104399,68.7,50
1719462104589,68.9,150
1719462105623,68.95,50
1719462105778,68.65,50
1719462106605,68.75,50
1719462107011,68.2,100
1719462107606,68.75,50
1719462108408,69.05,125
1719462108602,69.55,25
1719462109405,69.55,25
1719462109607,70.0,25
1719462110590,70.85,25
1719462110797,71.2,450
1719462111620,70.75,25
1719462112216,70.2,25
1719462112607,70.45,25
1719462113415,71.1,25
1719462113605,70.95,25
1719462114618,70.15,75
1719462114825,70.3,25
1719462115605,70.2,75
1719462116013,70.05,25
1719462116605,70.0,325
1719462117409,69.3,50
1719462117596,69.3,100
1719462118613,69.25,25
1719462119628,68.3,50
1719462120084,68.9,25
1719462120605,68.55,50
1719462121207,68.8,50
1719462121600,68.35,100
1719462122423,67.35,25
1719462122799,67.8,25
1719462123621,67.95,150
1719462123825,68.05,25
1719462124610,67.5,25
1719462125241,67.7,25
1719462125627,67.95,25
1719462126441,68.15,50
1719462126591,67.95,75
1719462127663,68.05,25
1719462128608,67.75,100
1719462128853,67.5,75
1719462129810,67.95,25
1719462130255,67.55,25
1719462130599,67.4,25
1719462131255,67.2,25
1719462131671,67.5,25
1719462132242,67.7,50
1719462132613,67.45,125
1719462133431,66.6,250
1719462133617,66.9,25
1719462134611,67.8,25
1719462134652,67.8,25
1719462135610,67.85,250
1719462135848,67.95,25
1719462136612,68.1,25
1719462137036,67.95,25
1719462137612,67.9,100
1719462138264,67.6,50
1719462138625,67.15,25
1719462139453,66.8,50
1719462139598,66.85,300
1719462140470,66.25,25
1719462140619,66.65,125
1719462141669,66.65,25
1719462142617,66.05,150
1719462142859,66.0,25
1719462143630,66.0,50
1719462144258,65.8,25
1719462144628,65.95,25
1719462145461,65.8,50
1719462145616,65.85,50
1719462146466,66.2,175
1719462146617,66.35,25
1719462147657,67.6,200
1719462148625,68.2,125
1719462148884,68.05,50
1719462149628,68.05,75
1719462150091,68.0,50
1719462150267,68.1,25
1719462150619,67.7,25
1719462151455,67.15,25
1719462151641,67.1,100
1719462152472,67.0,75
1719462152640,67.1,25
1719462153412,67.4,50
1719462153601,67.25,50
1719462154441,67.55,75
1719462154627,67.55,50
1719462154888,67.55,150
1719462155637,67.9,50
1719462155903,68.05,125
1719462156514,67.8,50
1719462157089,67.5,350
1719462157626,67.55,25
1719462158051,67.45,325
1719462158597,67.05,25
1719462159285,67.1,125
1719462159627,67.2,450
1719462160288,66.7,50
1719462160649,66.65,225
1719462161473,66.6,25
1719462161644,66.55,25
1719462162684,66.65,100
1719462163632,66.1,25
1719462164085,66.15,50
1719462164646,65.9,25
1719462165293,65.7,25
1719462165634,65.7,75
1719462166482,66.2,50
1719462166634,66.25,50
1719462167629,65.55,125
1719462167703,65.5,50
1719462168572,66.0,200
1719462169106,65.4,300
1719462169643,64.5,25
1719462170709,64.9,75
1719462170833,64.8,25
1719462171633,64.95,125
1719462172313,65.35,25
1719462172639,65.55,200
1719462173505,66.85,25
1719462173636,66.5,25
1719462174624,67.25,200
1719462174887,67.5,25
1719462175635,68.0,25
1719462176310,67.2,25
1719462176625,66.7,25
1719462177525,65.85,50
1719462177642,65.6,75
1719462178716,64.75,25
1719462179661,65.15,150
1719462179891,65.05,150
1719462180052,65.0,25
1719462180655,65.0,25
1719462181324,64.65,450
1719462181660,64.7,100
1719462182529,65.15,25
1719462182637,64.9,400
1719462183728,64.8,75
1719462184633,64.7,75
1719462184911,64.55,75
1719462185656,64.75,25
1719462186145,64.15,50
1719462186654,64.15,50
1719462187326,64.1,75
1719462187645,64.1,25
1719462188326,63.6,25
1719462188649,63.85,175
1719462189543,64.25,175
1719462189664,64.05,50
1719462190644,63.85,25
1719462190758,63.85,25
1719462191638,64.55,100
1719462192158,64.85,25
1719462192655,65.1,25
1719462193331,64.55,175
1719462193648,64.95,75
1719462194653,64.55,25
1719462195542,64.25,125
1719462195623,64.25,25
1719462196753,64.25,50
1719462197654,64.45,75
1719462197938,64.9,25
1719462198649,64.15,25
1719462199340,64.5,25
1719462199667,64.35,25
1719462200359,64.6,175
1719462200639,64.5,50
1719462201646,64.95,25
1719462202556,65.65,150
1719462202657,65.6,25
1719462203664,66.4,75
1719462203950,66.05,25
1719462204656,67.4,25
1719462205158,66.95,25
1719462205672,66.9,125
1719462206383,67.45,50
1719462206651,67.3,100
1719462207648,67.65,50
1719462208650,65.9,25
1719462208962,66.15,25
1719462209651,66.4,350
1719462210077,66.1,50
1719462210354,66.0,100
1719462210656,65.95,300
1719462211579,65.8,25
1719462211615,65.75,100
1719462212566,65.35,25
1719462212658,65.55,25
1719462213672,66.15,100
1719462214168,66.2,25
1719462214659,65.7,300
1719462215388,65.4,25
1719462215676,65.65,25
1719462216673,65.55,25
1719462217536,66.05,100
1719462217664,66.05,25
1719462218681,66.3,50
1719462218981,66.05,25
1719462219663,66.45,100
1719462219997,66.45,50
1719462220636,66.6,50
1719462221380,66.5,50
1719462221670,66.3,25
1719462222660,66.2,25
1719462223550,66.35,75
1719462223643,66.15,100
1719462224795,66.15,25
1719462225677,66.4,150
1719462225978,66.7,25
1719462226661,66.6,75
1719462227193,66.35,75
1719462227671,66.15,75
1719462228361,66.4,25
1719462228673,66.25,75
1719462229657,65.85,25
1719462230575,65.35,75
1719462230665,65.25,25
1719462231679,65.45,25
1719462232652,65.05,150
1719462232818,64.9,25
1719462233669,65.35,25
1719462234218,65.25,25
1719462234660,65.55,75
1719462235411,65.45,75
1719462235693,65.25,50
1719462236419,65.0,25
1719462236659,65.25,25
1719462237417,64.9,75
1719462237666,64.8,100
1719462238660,64.85,150
1719462239627,65.15,25
1719462239682,65.1,25
1719462240081,65.25,300
1719462240668,65.4,50
1719462241028,65.95,75
1719462241686,66.15,75
1719462242230,65.75,25
1719462242655,65.85,25
1719462243427,66.4,25
1719462243692,66.4,25
1719462244676,66.85,50
1719462245634,67.1,225
1719462245842,66.9,50
1719462246700,67.35,25
1719462247228,67.45,25
1719462247682,67.2,25
1719462248394,67.9,200
1719462248691,67.95,25
1719462249673,66.95,150
1719462250670,67.05,75
1719462250822,67.0,125
1719462251688,67.35,25
1719462252244,66.9,200
1719462252699,66.85,50
1719462253411,66.4,300
1719462253677,66.4,25
1719462254407,66.6,250
1719462254674,66.7,25
1719462255393,66.85,50
1719462255662,67.1,25
1719462256697,66.85,50
1719462257700,67.1,25
1719462257820,67.1,25
1719462258695,66.55,25
1719462259043,66.55,25
1719462259702,66.6,25
1719462260420,66.55,25
1719462260698,66.6,50
1719462261687,66.75,50
1719462262696,66.75,25
1719462262842,66.85,25
1719462263682,66.9,25
1719462264259,67.75,150
1719462264685,67.25,50
1719462265693,67.2,100
1719462266695,67.35,325
1719462267060,67.45,25
1719462267703,67.7,725
1719462268260,67.5,25
1719462268690,67.45,100
1719462269453,67.75,100
1719462269687,67.85,25
1719462270060,67.65,25
1719462270692,67.7,50
1719462271713,67.5,25
1719462271872,67.45,25
1719462272694,67.55,500
1719462273263,67.35,200
1719462273686,67.4,550
1719462274692,67.6,50
1719462275612,67.45,25
1719462275908,67.75,25
1719462276681,67.65,100
1719462277070,67.75,50
1719462277699,69.0,1475
1719462278292,68.55,25
1719462278710,68.55,100
1719462279704,68.95,25
1719462280067,68.6,250
1719462280695,69.35,50
1719462281722,69.5,25
1719462282716,69.4,100
1719462283279,69.2,25
1719462283687,69.05,25
1719462284706,68.5,125
1719462285712,68.6,125
1719462286310,68.9,25
1719462286697,68.75,75
1719462287717,68.75,150
1719462287909,68.75,25
1719462288719,68.85,25
1719462289466,69.25,25
1719462289914,70.4,25
1719462290711,70.55,150
1719462291096,71.1,25
1719462291920,71.65,25
1719462292717,71.35,100
1719462293698,70.5,150
1719462294498,69.7,25
1719462294891,69.45,25
1719462295710,69.85,50
1719462296106,69.65,50
1719462296714,69.65,25
1719462297331,69.65,275
1719462297735,69.5,25
1719462298707,70.3,25
1719462299715,70.2,250
1719462300122,70.35,25
1719462300306,70.8,50
1719462300908,70.6,25
1719462301727,70.15,50
1719462301913,70.15,25
1719462302719,70.3,25
1719462303518,70.0,75
1719462303715,69.95,25
1719462304911,70.0,75
1719462305322,70.35,25
1719462305728,70.75,25
1719462306755,70.4,25
1719462306884,70.35,25
1719462307914,71.05,75
1719462308533,70.6,200
1719462308718,70.5,375
1719462309737,69.95,50
1719462310936,69.9,125
1719462311322,69.95,25
1719462311729,70.1,25
1719462312728,71.75,100
1719462312923,72.3,25
1719462313722,72.3,100
1719462328733,73.05,100
1719462329359,73.25,75
1719462329733,72.6,350
1719462330750,73.15,25
1719462330964,72.5,150
1719462331935,72.65,75
1719462332569,72.2,75
1719462332728,71.6,25
1719462333778,72.05,50
1719462334744,72.0,125
1719462334959,71.95,25
1719462335942,72.15,100
1719462336321,72.2,75
1719462336730,72.4,100
1719462337576,72.15,75
1719462337735,72.0,25
1719462338764,71.2,50
1719462338942,71.5,100
1719462339715,72.0,200
1719462340739,72.0,50
1719462340979,71.9,25
1719462341757,71.15,25
1719462342360,71.5,75
1719462348733,71.15,125
1719462349745,71.5,25
1719462349789,71.75,100
1719462350759,71.45,25
1719462351733,71.65,50
1719462351952,71.45,50
1719462352749,70.6,25
1719462353010,70.8,25
1719462353759,71.15,300
1719462354409,70.6,100
1719462354733,70.45,25
1719462355722,70.95,25
1719462356782,70.75,125
1719462356927,70.9,50
1719462357760,71.35,25
1719462358174,71.05,25
1719462358737,70.5,25
1719462359404,71.05,50
1719462359759,70.75,75
1719462360087,70.8,25
1719462360791,70.3,25
1719462361744,70.85,25
1719462361817,70.9,250
1719462362957,70.55,25
1719462363009,70.4,150
1719462363751,70.25,25
1719462364410,70.45,50
1719462364755,70.0,25
1719462365766,69.7,25
1719462365816,69.65,50
1719462366814,69.1,25
1719462367955,68.7,25
1719462368176,68.85,25
1719462368765,68.8,100
1719462369620,68.95,25
1719462369769,68.9,25
1719462370803,69.6,100
1719462371719,70.15,25
1719462372010,69.95,25
1719462372960,70.65,25
1719462373414,70.55,25
1719462373773,70.85,25
1719462405981,76.9,125
1719462406080,77.2,150
1719462406791,77.2,100
1719462407278,77.55,50
1719462407761,78.3,25
1719462408987,81.45,25
1719462409803,79.7,25
1719462410069,79.5,50
1719462412804,80.1,100
1719462413489,80.0,150
1719462413995,80.15,25
1719462414788,81.3,50
1719462415089,82.35,50
1719462416008,83.55,25
1719462416691,83.95,25
1719462417006,84.85,250
1719462417997,84.2,25
1719462418296,84.3,25
1719462418992,84.5,225
1719462419805,85.5,25
1719462420105,85.7,25
1719462420795,87.45,25
1719462421713,91.0,75
1719462422195,92.2,50
1719462422787,91.85,25
1719462423316,91.75,75
1719462424010,90.05,75
1719462424803,89.05,25
1719462424924,89.25,100
1719462425792,88.25,250
1719462426705,88.1,25
1719462427009,88.0,25
1719462427803,86.0,50
1719462428116,86.6,25
1719462428805,86.5,25
1719462429311,88.1,25
1719462430004,86.85,25
1719462430813,86.75,50
1719462430912,86.7,25
1719462432006,87.75,25
1719462432126,87.95,25
1719462432797,87.2,125
1719462433729,87.0,25
1719462433812,86.75,25
1719462434785,87.8,125
1719462434930,87.6,25
1719462435803,89.4,150
1719462436319,88.95,225
1719462436813,88.8,25
1719462437524,89.65,350
1719462438006,89.1,25
1719462438814,88.95,25
1719462438956,89.3,100
1719462439806,88.3,75
1719462440329,87.9,25
1719462440799,87.6,25
1719462441737,88.45,100
1719462442009,88.75,25
1719462442804,88.55,25
1719462442933,88.05,50
1719462443821,88.75,25
1719462444347,88.55,25
1719462445014,89.35,25
1719462445754,89.85,150
1719462445805,90.4,25
1719462446810,90.35,25
1719462447142,89.9,25
1719462447824,89.15,50
1719462448536,89.3,50
1719462448815,88.9,50
1719462449950,88.45,75
1719462450084,88.15,25
1719462450823,87.6,150
1719462451358,88.1,25
1719462451798,87.4,25
1719462452730,86.6,25
1719462452817,86.7,150
1719462453815,88.0,25
1719462454563,87.75,50
1719462455028,88.15,50
1719462455815,88.3,200
1719462455954,88.3,50
1719462456825,88.25,25
1719462456969,88.45,25
1719462457821,88.55,75
1719462458345,88.3,75
1719462458813,87.6,25
1719462459368,88.1,275
1719462460016,88.2,25
1719462460569,88.35,75
1719462460817,88.6,25
1719462461756,87.95,25
1719462461807,88.25,25
1719462462979,90.6,75
1719462463025,90.35,25
1719462463810,90.9,25
1719462464557,90.2,75
1719462464825,90.55,25
1719462465824,91.45,25
1719462466153,92.65,225
1719462467040,93.65,25
1719462467787,94.6,75
1719462467837,95.2,50
1719462468832,96.3,25
1719462469175,95.35,50
1719462470034,97.0,1225
1719462470782,97.0,25
1719462470825,97.15,25
1719462471841,99.0,50
1719462472389,99.7,50
1719462472829,99.25,25
1719462474019,98.5,25
1719462474289,98.1,25
1719462474825,97.3,25
1719462475827,97.75,25
1719462477020,99.85,25
1719462477388,100.45,25
1719462477836,100.1,25
1719462478825,98.15,25
1719462478989,98.1,25
1719462479841,97.4,125
1719462480104,98.6,50
1719462480797,101.45,25
1719462481038,101.9,25
1719462481836,102.1,25
1719462482405,103.7,100
1719462483036,105.75,50
1719462483834,104.2,50
1719462486841,102.7,150
1719462487207,103.15,25
1719462487854,102.55,25
1719462488824,102.25,200
1719462489846,103.2,25
1719462490006,102.5,25
1719462491039,102.45,25
1719462491607,103.1,50
1719462491847,103.05,25
1719462492840,102.8,100
1719462493001,102.8,25
1719462494040,101.6,50
1719462494387,101.85,25
1719462494849,101.75,25
1719462495842,100.6,50
1719462496847,100.85,25
1719462497236,101.55,25
1719462498030,100.35,50
1719462498612,100.05,75
1719462498841,99.85,25
1719462499831,97.5,50
1719462500016,97.6,75
1719462501053,99.4,25
1719462501836,99.75,50
1719462502844,100.55,50
1719462503425,100.6,25
1719462510042,101.8,125
1719462510108,101.7,25
1719462510449,101.4,25
1719462510853,101.95,150
1719462511855,102.8,25
1719462512027,102.0,100
1719462512859,102.3,50
1719462513445,104.1,100
1719462514059,103.65,25
1719462514824,103.1,25
1719462515232,103.0,100
1719462515864,102.55,25
1719462516849,103.45,50
1719462517854,102.25,50
1719462518450,102.5,75
1719462519031,101.15,25
1719462519854,102.0,25
1719462520239,102.6,25
1719462520868,102.15,150
1719462521841,100.7,25
1719462523059,100.35,25
1719462523262,100.2,50
1719462523818,99.9,25
1719462524862,100.35,50
1719462525849,99.35,25
1719462526470,100.1,75
1719462526871,99.6,25
1719462527862,99.95,25
1719462528046,99.35,25
1719462529056,98.35,25
1719462531857,99.55,150
1719462532068,99.4,25
1719462532851,99.35,25
1719462533651,99.4,150
1719462533851,99.7,25
1719462535082,99.7,25
1719462535876,100.3,25
1719462536285,100.35,50
1719462536869,100.15,25
1719462545073,101.75,25
1719462545879,100.95,50
1719462546870,99.9,25
1719462547296,99.9,25
1719462548062,100.0,25
1719462548694,100.55,200
1719462548878,100.65,250
1719462549869,100.9,25
1719462550101,100.5,25
1719462550881,101.25,25
1719462551295,101.55,200
1719462551853,101.25,50
1719462552693,101.8,100
1719462553082,101.95,25
1719462553898,101.8,25
1719462555067,102.5,25
1719462555113,103.0,25
1719462555885,103.05,50
1719462556511,104.6,25
1719462556866,104.4,250
1719462557911,104.3,25
1719462558068,104.15,25
1719462558885,103.85,25
1719462559304,103.45,25
1719462559897,103.8,25
1719462560497,102.9,50
1719462560894,102.9,200
1719462562117,103.95,25
1719462562891,103.85,25
1719462563337,102.35,50
1719462563869,102.75,200
1719462564726,103.05,75
1719462564870,103.3,100
1719462565908,102.9,25
1719462566077,102.9,25
1719462566894,102.8,25
1719462567317,102.95,25
1719462568091,103.7,50
1719462575888,102.65,25
1719462576143,102.15,75
1719462577102,100.65,25
1719462577311,101.0,200
1719462600900,106.45,50
1719462601192,107.8,25
1719462602921,106.55,25
1719462603923,104.1,25
1719462604407,104.9,75
1719462605118,104.7,25
1719462605806,103.85,25
1719462605906,103.95,25
1719462606902,103.5,25
1719462607398,103.95,25
1719462607905,103.65,25
1719462608994,104.2,150
1719462609122,103.85,25
1719462609916,103.2,50
1719462610200,102.8,150
1719462610911,103.45,125
1719462611593,103.15,100
1719462612110,103.4,25
1719462612911,103.55,75
1719462613216,103.95,25
1719462613903,103.6,25
1719462614384,103.7,200
1719462614917,104.65,25
1719462615815,104.5,25
1719462615911,104.4,50
1719462616914,103.4,25
1719462617214,103.6,25
1719462618117,103.35,25
1719462618811,103.15,25
1719462618922,102.7,200
1719462619927,102.4,50
1719462620218,101.6,100
1719462620927,101.5,100
1719462621418,101.55,25
1719462621935,101.15,50
1719462623039,100.65,25
1719462623927,100.7,75
1719462624232,100.5,125
1719462625129,100.0,50
1719462625629,100.1,25
1719462625919,100.5,300
1719462626929,101.05,25
1719462628128,103.05,25
1719462628233,103.25,25
1719462628920,103.05,25
1719462629218,103.4,100
1719462629914,103.0,25
1719462630096,103.15,25
1719462630824,103.8,50
1719462630936,104.05,25
1719462631926,104.05,100
1719462632230,104.95,50
1719462632927,105.05,25
1719462633425,106.2,75
1719462634117,106.45,25
1719462634835,106.65,25
1719462634932,107.0,25
1719462635940,107.3,125
1719462636036,107.35,50
1719462636923,106.2,50
1719462637258,106.5,75
1719462637934,107.2,25
1719462638633,106.65,375
1719462638931,106.8,50
1719462639832,105.1,125
1719462639929,105.95,50
1719462641038,106.1,125
1719462641929,106.4,200
1719462642242,105.95,25
1719462642929,105.45,25
1719462643662,104.5,25
1719462644138,104.25,50
1719462644928,105.2,75
1719462645043,105.15,25
1719462645941,105.35,100
1719462646247,105.75,75
1719462646930,106.4,25
1719462647645,106.15,100
1719462647941,106.0,25
1719462648936,107.3,25
1719462649055,107.45,25
1719462649951,106.1,50
1719462650257,105.55,50
1719462651150,105.65,175
1719462651452,105.8,25
1719462651945,106.5,25
1719462652661,106.25,25
1719462652965,106.05,25
1719462653937,106.25,25
1719462657674,107.05,75
1719462658136,108.8,50
1719462658933,108.3,25
1719462659076,108.3,50
1719462659946,110.35,50
1719462660107,111.3,25
1719462660676,112.2,25
1719462661147,112.65,75
1719462661961,112.8,25
1719462662491,113.05,25
1719462662942,112.35,25
1719462663954,114.6,25
1719462665147,113.5,50
1719462665675,113.45,25
1719462665945,114.55,25
1719462666958,115.4,50
1719462667079,114.85,150
1719462667947,113.65,25
1719462668298,113.75,150
1719462669150,115.35,25
1719462669940,112.85,125
1719462671155,112.9,100
1719462671506,113.35,125
1719462671952,113.7,25
1719462672937,113.9,100
1719462673935,113.55,200
1719462674285,114.0,25
1719462675161,113.15,50
1719462675502,113.75,50
1719462675944,112.65,50
1719462676902,112.3,25
1719462676950,112.75,25
1719462678099,111.95,25
1719462679153,111.15,100
1719462679295,111.1,100
1719462679966,112.4,25
1719462680894,114.05,25
1719462680949,114.65,125
1719462682182,118.5,75
1719462682499,118.25,100
1719462682943,117.35,25
1719462684100,114.3,25
1719462684149,114.1,150
1719462684966,113.95,25
1719462685714,115.4,25
1719462685924,115.6,50
1719462687161,115.6,50
1719462687313,115.5,25
1719462687960,115.5,50
1719462688305,116.75,500
1719462688955,115.1,100
1719462689712,114.95,25
1719462690167,115.9,25
1719462690969,115.4,25
1719462691287,116.55,25
1719462691962,116.2,25
1719462692737,115.75,25
1719462693161,114.65,50
1719462693971,114.0,125
1719462694117,113.85,125
1719462694950,114.2,75
1719462695307,114.7,25
1719462695962,114.5,75
1719462696525,114.95,25
1719462697149,115.25,25
1719462698961,116.15,25
1719462699333,115.95,25
1719462699950,115.5,75
1719462700948,117.0,25
1719462701161,117.0,125
1719462701964,117.65,25
1719462702329,117.8,25
1719462702958,117.35,25
1719462703737,116.85,25
1719462704159,117.15,75
1719462704945,118.5,50
1719462704977,118.1,100
1719462705962,117.35,25
1719462706332,117.35,25
1719462707157,118.1,175
1719462707749,118.7,25
1719462707981,118.15,25
1719462708988,118.7,75
1719462709333,118.15,25
1719462709975,117.5,25
1719462710351,117.65,25
1719462710987,117.55,50
1719462711751,119.1,25
1719462712158,119.65,50
1719462712971,119.9,100
1719462713352,120.3,25
1719462713986,121.8,100
1719462714952,123.1,50
1719462715184,123.05,100
1719462715979,122.45,25
1719462716359,122.15,25
1719462716967,121.4,25
1719462717970,121.9,25
1719462719190,123.25,50
1719462719366,122.95,25
1719462720121,122.05,100
1719462720791,122.95,125
1719462720997,123.45,50
1719462722191,129.8,25
1719462722369,128.7,25
1719462722998,129.2,175
1719462723978,129.4,25
1719462724169,129.25,25
1719462725181,128.1,75
1719462725770,128.1,25
1719462725992,128.1,25
1719462727183,127.7,100
1719462727380,127.05,25
1719462728191,128.25,25
1719462728988,129.55,25
1719462729975,127.3,25
1719462730557,126.3,25
1719462731200,127.65,25
1719462731992,127.0,25
1719462732176,126.55,25
1719462732992,126.4,25
1719462733790,126.55,25
1719462734179,125.55,25
1719462734985,126.25,25
1719462735190,125.0,50
1719462735986,124.85,25
1719462736585,124.5,25
1719462737194,123.8,25
1719462737994,123.5,25
1719462738393,123.7,25
1719462739002,124.85,25
1719462739797,123.65,100
1719462740187,124.3,25
1719462740982,124.2,25
1719462741200,124.35,25
1719462741987,123.65,25
1719462742585,124.2,75
1719462743188,125.0,25
1719462743991,123.95,25
1719462744991,124.5,50
1719462745219,124.85,25
1719462745987,124.45,50
1719462746422,124.75,150
1719462747187,124.6,150
1719462747608,124.05,50
1719462747981,124.6,25
1719462748974,124.95,25
1719462749202,125.95,125
1719462750090,124.6,150
1719462750408,124.6,50
1719462751191,124.45,25
1719462751409,124.35,25
1719462751986,125.15,125
1719462753005,126.9,75
1719462753193,127.05,50
1719462754001,127.65,75
1719462754423,126.5,25
1719462754983,125.95,25
1719462755621,126.6,25
1719462755986,126.6,25
1719462757217,129.2,25
1719462758000,128.4,75
1719462758824,127.55,50
1719462759020,127.5,50
1719462760218,126.85,25
1719462761005,126.05,100
1719462761828,126.8,25
1719462762005,126.65,25
1719462763240,126.9,25
1719462764011,125.0,25
1719462764621,125.55,25
1719462764978,126.0,25
1719462766031,125.8,25
1719462767210,125.55,25
1719462767618,125.45,75
1719462767994,125.4,25
1719462768999,126.1,125
1719462769238,127.05,25
1719462770013,125.9,100
1719462770865,126.4,25
1719462770992,126.95,25
1719462772203,131.45,25
1719462772448,131.25,25
1719462773002,132.8,25
1719462774051,132.2,150
1719462775209,132.3,275
1719462775646,131.45,25
1719462776001,131.55,25
1719462777010,129.75,25
1719462777245,129.85,25
1719462778216,129.35,150
1719462778455,129.1,100
1719462779022,128.7,75
1719462780101,129.7,50
1719462781226,131.2,25
1719462781471,132.1,25
1719462782013,131.65,25
1719462783074,132.65,25
1719462783210,132.5,200
1719462784027,133.3,25
1719462784668,133.8,25
1719462785022,133.75,25
1719462786030,133.6,25
1719462786463,134.1,50
1719462787211,134.65,25
1719462787880,134.8,25
1719462788024,134.55,25
1719462789013,133.95,75
1719462789288,134.2,75
1719462790220,136.75,25
1719462790663,136.6,25
1719462791032,137.15,25
1719462792228,136.7,50
1719462792272,136.55,25
1719462793021,134.85,25
1719462793486,134.95,25
1719462794030,134.6,50
1719462795086,135.2,25
1719462795236,135.55,25
1719462796021,135.45,25
1719462796461,135.1,25
1719462797032,134.25,25
1719462797686,134.25,25
1719462798175,133.45,150
1719462799087,132.95,100
1719462800023,134.85,25
1719462800290,134.6,25
1719462801031,136.05,25
1719462801670,136.65,50
1719462802239,135.85,25
1719462803016,136.0,25
1719462803290,135.85,100
1719462804026,135.65,25
1719462804510,136.1,25
1719462805214,134.8,50
1719462805902,134.95,25
1719462806036,134.75,75
1719462807024,133.15,25
1719462807495,132.35,100
1719462808231,132.3,25
1719462808921,132.6,75
1719462809029,131.95,100
1719462810232,130.4,25
1719462810523,131.05,125
1719462811045,130.0,25
1719462812039,129.7,150
1719462812102,129.35,25
1719462813245,129.45,25
1719462813916,131.25,25
1719462814020,131.1,25
1719462815249,129.9,25
1719462815525,129.9,25
1719462816020,130.25,25
1719462816910,130.6,25
1719462817046,130.5,25
1719462818106,129.1,150
1719462818214,129.15,75
1719462819015,129.65,25
1719462819524,128.7,25
1719462820054,127.55,75
1719462821130,126.7,50
1719462821256,126.25,25
1719462822042,125.5,25
1719462822528,126.6,25
1719462823042,127.0,425
1719462823730,127.15,75
1719462824231,127.65,50
1719462825048,127.35,25
1719462825535,128.75,400
1719462826060,127.75,25
1719462827129,128.1,50
1719462827244,128.9,25
1719462828048,128.5,25
1719462828538,127.95,75
1719462829032,127.05,25
1719462830048,128.4,25
1719462831244,127.9,300
1719462831332,128.15,25
1719462832051,128.15,25
1719462832541,128.9,25
1719462833014,129.55,50
1719462833931,128.65,150
1719462834036,128.95,50
1719462835145,129.0,250
1719462835220,128.95,25
1719462836037,129.0,75
1719462836553,128.95,25
1719462837020,128.7,25
1719462837935,129.45,25
1719462837977,129.75,150
1719462839013,129.5,50
1719462839354,130.3,50
1719462840067,131.95,25
1719462840248,132.25,100
1719462840752,131.5,25
1719462841017,131.15,50
1719462842004,131.05,25
1719462842148,131.05,25
1719462843040,130.9,25
1719462843570,131.8,50
1719462844051,131.4,75
1719462844950,132.15,50
1719462845206,132.25,25
1719462846055,131.1,125
1719462846567,129.5,25
1719462847050,130.7,25
1719462847942,128.8,25
1719462848256,128.8,25
1719462849044,128.65,25
1719462849161,129.15,25
1719462850035,128.15,25
1719462850581,128.9,25
1719462851046,129.5,250
1719462852063,131.25,100
1719462853260,129.75,125
1719462853568,130.1,25
1719462854037,129.6,75
1719462854777,129.3,100
1719462855084,130.05,25
1719462855991,130.0,25
1719462856054,130.05,25
1719462857057,129.45,25
1719462857383,129.9,25
1719462858246,130.3,25
1719462858586,129.85,50
1719462859058,129.45,25
1719462859793,130.5,50
1719462860047,130.35,25
1719462861047,130.35,25
1719462861380,130.4,50
1719462862059,130.7,25
1719462862597,131.25,25
1719462863245,131.0,25
1719462863785,131.2,50
1719462864052,131.7,25
1719462865055,131.7,75
1719462865173,131.55,25
1719462866264,132.15,25
1719462866611,131.65,75
1719462867056,130.9,75
1719462867985,131.75,25
1719462868049,131.9,125
1719462869057,131.05,25
1719462869599,130.8,25
1719462870037,130.6,75
1719462870277,130.05,100
1719462870989,131.35,25
1719462871050,131.1,25
1719462872055,130.9,50
1719462872416,131.0,100
1719462873046,130.5,25
1719462873578,131.0,25
1719462874041,131.05,25
1719462874816,130.5,100
1719462875267,131.35,25
1719462876084,131.4,25
1719462877075,131.25,100
1719462877206,131.35,25
1719462878046,131.6,25
1719462878401,131.8,25
1719462879065,132.2,25
1719462879639,131.75,50
1719462880059,132.05,25
1719462880808,132.55,200
1719462881080,132.65,75
1719462882058,132.65,50
1719462882226,132.95,25
1719462883087,133.5,50
1719462883408,133.95,25
1719462884075,133.0,75
1719462884441,132.55,200
1719462885076,132.15,25
1719462885632,131.1,25
1719462886034,131.8,25
1719462887081,133.05,25
1719462887178,132.75,25
1719462888098,132.3,25
1719462888631,132.0,25
1719462889077,131.9,25
1719462890036,132.1,25
1719462890101,132.65,50
1719462891056,132.95,25
1719462891233,132.9,50
1719462892094,133.2,75
1719462892426,133.5,50
1719462893083,134.25,100
1719462893650,133.75,25
1719462894267,133.15,75
1719462894634,134.0,25
1719462895090,134.2,25
1719462896039,134.6,50
1719462896080,134.4,25
1719462897067,135.0,25
1719462897434,135.35,25
1719462898100,136.0,100
1719462898850,139.65,25
1719462899091,138.95,25
1719462900093,139.0,25
1719462900110,139.15,25
1719462900451,139.65,25
1719462901289,139.15,75
1719462902093,137.3,25
1719462902261,137.0,75
1719462903102,135.85,25
1719462903852,134.9,50
1719462904299,133.35,250
1719462905089,132.75,25
1719462905436,133.0,75
1719462906087,132.65,25
1719462907047,134.25,25
1719462907307,135.2,100
1719462908082,135.15,25
1719462908465,135.85,200
1719462909088,134.75,250
1719462909659,135.15,100
1719462910080,135.35,150
1719462910871,134.0,25
1719462911095,133.85,300
1719462912081,134.05,100
1719462912274,134.65,50
1719462913088,133.75,50
1719462913455,134.15,25
1719462914074,133.95,25
1719462914633,133.6,25
1719462915032,133.8,225
1719462915880,135.85,25
1719462916095,135.55,25
1719462917284,134.5,100
1719462918081,133.85,25
1719462918480,134.25,75
1719462919102,134.65,25
1719462919698,135.2,25
1719462920100,135.05,200
1719462920880,134.4,75
1719462921097,134.8,250
1719462922097,137.65,150
1719462923103,137.5,25
1719462923657,137.4,75
1719462924098,137.15,75
1719462924897,136.65,100
1719462925116,136.8,25
1719462926108,135.95,50
1719462927075,136.05,75
1719462927512,135.9,25
1719462928096,134.7,25
1719462928699,135.15,25
1719462929112,135.5,75
1719462929652,134.8,50
1719462930112,135.0,50
1719462931075,134.45,50
1719462931289,134.4,50
1719462932080,135.6,25
1719462932450,135.25,150
1719462933106,135.6,25
1719462933667,135.45,25
1719462934125,135.9,25
1719462935326,136.0,375
1719462936112,136.25,75
1719462936683,137.2,25
1719462937111,138.1,75
1719462938107,140.0,50
1719462939328,140.85,50
1719462939714,140.95,200
1719462940116,141.7,25
1719462940724,140.65,25
1719462941111,141.25,75
1719462942127,142.9,25
1719462942332,143.0,75
1719462943120,143.95,200
1719462943932,145.2,100
1719462944318,146.45,25
1719462945131,145.55,25
1719462945329,144.4,25
1719462946123,145.65,25
1719462946729,143.25,50
1719462947114,143.25,50
1719462948136,142.15,25
1719462949293,141.25,25
1719462949487,141.2,100
1719462950119,140.9,25
1719462950715,139.4,25
1719462951138,139.55,250
1719462952132,138.85,25
1719462953321,139.2,25
1719462953733,139.1,50
1719462954122,138.85,100
1719462954954,138.9,25
1719462955130,140.25,25
1719462956345,139.5,25
1719462957111,139.05,75
1719462957732,138.0,25
1719462958129,137.65,25
1719462958742,137.35,25
1719462959337,136.15,25
1719462960109,136.95,25
1719462960127,137.35,25
1719462960349,137.55,25
1719462961120,139.9,150
1719462961739,140.5,25
1719462962309,141.65,50
1719462962956,140.7,25
1719462963133,140.0,100
1719462964121,137.9,250
1719462964337,137.9,25
1719462965299,137.25,25
1719462965747,137.1,75
1719462966114,137.75,75
1719462967109,137.05,50
1719462967109,137.05,50
1719462968128,136.85,25
1719462968563,135.9,25
1719462969308,136.8,25
1719462969978,137.75,75
1719462970148,137.9,175
1719462971125,138.95,25
1719462971553,138.95,50
1719462972123,139.05,25
1719462972952,139.55,75
1719462973320,139.75,50
1719462974150,139.8,50
1719462975141,140.25,25
1719462975568,139.9,25
1719462976114,139.75,25
1719462976772,139.3,25
1719462977320,139.45,25
1719462977970,139.0,25
1719462978137,139.05,25
1719462979133,137.6,25
1719462979168,137.55,75
1719462980105,137.45,25
1719462980370,138.1,25
1719462981143,138.25,25
1719462981572,138.4,25
1719462982138,138.8,25
1719462982788,138.45,25
1719462983133,138.0,75
1719462983978,137.25,25
1719462984099,137.7,25
1719462985127,137.8,25
1719462985172,137.45,25
1719462986313,136.3,25
1719462986567,136.55,25
1719462987146,136.8,25
1719462987786,137.25,25
1719462988135,136.45,25
1719462989168,135.25,75
1719462991955,134.75,100
1719462992138,134.65,125
1719462993144,135.85,25
1719462993394,135.85,25
1719463002161,134.85,25
1719463002631,135.0,150
1719463003155,134.55,25
1719463015115,138.15,100
1719463015823,137.5,25
1719463016136,137.85,25
1719463017222,138.25,75
1719463018147,139.6,25
1719463018628,140.05,25
1719463019166,140.45,25
1719463020103,141.6,25
1719463020235,141.65,50
1719463021156,142.9,25
1719463021630,142.65,25
1719463022159,144.1,275
1719463023057,142.55,25
1719463023366,142.6,75
1719463024234,143.2,25
1719463025179,142.85,25
1719463025841,142.8,25
1719463026177,143.75,50
1719463027062,142.6,75
1719463027168,142.45,25
1719463028140,143.9,125
1719463028401,143.6,100
1719463029172,145.55,100
1719463029866,145.3,250
1719463030153,145.6,25
1719463031432,148.0,75
1719463032182,148.3,25
1719463032869,149.2,25
1719463033172,148.8,100
1719463034191,144.95,75
1719463034475,145.05,50
1719463035360,143.0,50
1719463035864,141.2,150
1719463036175,140.05,150
1719463037169,140.35,25
1719463037261,140.6,25
1719463038156,140.35,50
1719463038865,139.05,50
1719463039188,138.95,25
1719463040164,139.8,25
1719463041128,140.6,50
1719463041267,140.45,25
1719463042142,139.2,25
1719463042681,139.05,25
1719463043177,138.9,50
1719463043895,138.3,150
1719463044355,140.05,100
1719463045069,140.0,25
1719463045156,140.25,50
1719463046186,139.25,25
1719463046285,139.4,75
1719463047181,139.4,25
1719463047660,140.1,275
1719463048163,140.1,25
1719463048650,139.5,25
1719463049138,139.6,25
1719463049856,139.1,25
1719463050178,139.1,75
1719463050886,138.65,25
1719463051151,138.85,25
1719463052176,137.65,25
1719463052265,137.55,25
1719463053192,136.65,25
1719463053882,136.55,150
1719463054373,136.65,25
1719463055164,136.65,75
1719463056172,136.95,50
1719463056478,137.4,25
1719463057191,136.9,25
1719463057684,136.6,75
1719463058153,135.5,100
1719463058894,135.15,50
1719463059187,135.5,25
1719463060108,135.85,25
1719463060179,135.7,50
1719463061199,135.8,100
1719463061498,136.55,175
1719463062197,137.25,25
1719463062915,136.7,25
1719463063160,136.45,25
1719463064146,136.35,25
1719463065149,135.2,25
1719463065495,134.8,275
1719463066180,135.4,75
1719463066895,134.7,50
1719463067178,134.8,25
1719463068173,137.1,25
1719463068313,137.65,100
1719463069193,137.0,100
1719463069714,136.2,25
1719463070185,137.05,25
1719463070904,138.1,25
1719463071151,138.2,25
1719463072200,137.75,25
1719463072310,137.55,25
1719463073195,137.1,25
1719463073721,136.4,25
1719463074198,136.2,25
1719463075053,136.65,25
1719463075156,136.75,25
1719463076184,136.8,50
1719463076453,137.05,50
1719463077206,137.85,50
1719463077663,137.1,250
1719463078175,137.9,25
1719463078932,137.1,25
1719463079194,137.05,25
1719463080100,136.05,25
1719463080304,135.6,100
1719463080304,135.6,100
1719463081201,135.95,25
1719463081687,136.55,25
1719463082197,136.8,25
1719463082916,137.45,25
1719463083201,137.55,200
1719463083922,138.15,75
1719463084218,139.9,25
1719463085211,139.9,25
1719463085542,139.75,25
1719463086391,138.45,75
1719463086861,137.85,100
1719463087192,138.3,25
1719463088192,139.15,25
1719463089195,137.1,25
1719463089693,137.75,50
1719463090205,137.4,75
1719463090943,138.05,25
1719463091275,138.45,125
1719463092210,138.7,25
1719463092254,138.7,25
1719463093136,137.3,25
1719463093714,138.5,50
1719463094200,138.75,25
1719463094935,139.35,25
1719463095197,139.35,25
1719463096147,140.35,25
1719463096181,140.2,25
1719463097198,139.9,25
1719463097743,139.0,25
1719463098213,138.95,25
1719463098951,138.35,25
1719463099192,138.3,25
1719463100358,138.2,200
1719463101195,139.3,25
1719463101663,139.1,25
1719463102163,139.2,50
1719463102918,139.2,25
1719463103106,139.55,25
1719463104202,138.95,75
1719463105177,139.3,25
1719463105306,139.3,25
1719463106227,139.15,50
1719463106675,139.4,50
1719463107205,139.85,100
1719463107925,138.55,25
1719463108199,138.75,25
1719463108964,138.5,25
1719463109185,138.75,25
1719463110222,137.6,25
1719463111205,138.7,25
1719463111529,138.8,50
1719463112204,137.7,25
1719463112763,137.35,50
1719463113203,138.0,25
1719463113738,137.85,125
1719463114192,137.25,100
1719463114897,136.85,25
1719463115191,136.85,175
1719463116215,137.1,25
1719463117201,137.15,25
1719463117533,137.15,25
1719463118151,137.95,25
1719463118999,137.95,50
1719463119134,138.25,25
1719463120220,138.6,25
1719463121203,139.5,25
1719463121578,142.1,50
1719463122436,142.65,25
1719463123222,142.6,25
1719463124231,144.5,50
1719463124755,143.4,50
1719463125228,143.0,125
1719463126221,143.8,25
1719463127232,145.65,25
1719463127587,145.2,50
1719463128233,144.55,25
1719463129009,142.95,25
1719463129230,142.75,25
1719463130205,141.3,50
1719463130205,141.3,50
1719463131240,140.9,25
1719463131569,140.1,25
1719463132218,140.75,25
1719463132995,141.05,100
1719463133170,140.95,25
1719463134240,141.05,25
1719463135226,140.65,25
1719463135374,140.75,25
1719463136224,141.15,25
1719463136607,141.2,50
1719463137229,142.3,25
1719463137998,141.75,25
1719463138225,141.75,25
1719463139022,142.4,25
1719463139224,143.75,25
1719463140092,144.2,25
1719463140203,144.0,100
1719463140419,143.35,50
1719463141434,143.8,25
1719463141820,144.25,25
1719463142251,145.0,75
1719463143024,143.4,175
1719463143211,142.9,25
1719463144245,142.5,25
1719463144395,142.45,100
1719463145238,141.45,125
1719463145821,142.45,75
1719463146201,142.4,25
1719463147016,142.95,25
1719463147240,142.5,50
1719463148239,142.45,25
1719463148351,142.75,25
1719463149129,143.1,25
1719463149410,142.8,25
1719463150231,142.05,25
1719463150820,141.6,25
1719463151249,141.55,100
1719463152045,142.5,25
1719463152183,142.2,25
1719463153253,142.2,50
1719463154211,143.85,25
1719463154637,143.25,25
1719463155259,145.05,25
1719463155984,143.75,100
1719463156257,143.85,25
1719463157248,144.15,25
1719463158247,142.5,25
1719463158444,142.85,25
1719463159243,142.2,100
1719463159617,143.0,25
1719463160257,143.05,25
1719463160815,143.05,25
1719463161259,143.05,25
1719463162027,143.8,25
1719463162238,143.35,25
1719463163231,144.0,25
1719463164251,143.6,25
1719463164642,144.45,50
1719463165228,144.25,25
1719463165843,144.95,25
1719463166221,143.85,25
1719463167072,143.75,75
1719463167255,143.25,25
1719463168229,143.9,25
1719463169466,142.5,50
1719463170105,142.25,25
1719463170147,143.1,25
1719463170860,142.2,25
1719463171176,142.15,25
1719463172066,142.25,250
1719463172221,142.05,50
1719463173035,142.65,25
1719463173166,142.45,25
1719463174258,142.65,25
1719463174412,142.9,25
1719463175236,142.05,25
1719463175637,141.55,200
1719463176260,141.8,25
1719463176848,141.95,25
1719463177237,141.85,25
1719463178031,141.85,25
1719463178457,140.8,25
1719463179013,142.25,25
1719463179163,142.55,25
1719463180285,139.75,25
1719463180676,140.6,25
1719463181264,142.1,75
1719463182291,142.85,50
1719463183263,144.35,25
1719463183688,143.6,25
1719463184248,143.55,175
1719463185005,143.85,50
1719463185230,143.35,25
1719463186225,142.85,25
1719463187272,141.35,25
1719463187475,141.65,25
1719463188263,141.85,50
1719463188611,141.35,25
1719463189221,140.95,50
1719463189764,141.05,25
1719463190242,140.65,25
1719463191092,139.6,25
1719463191273,139.4,250
1719463192262,140.25,25
1719463192694,140.95,25
1719463193262,140.0,50
1719463193874,140.3,25
1719463194259,139.85,25
1719463195082,140.25,25
1719463195225,140.45,175
1719463196190,140.1,25
1719463196426,140.25,25
1719463197405,140.3,25
1719463197886,140.1,25
1719463198260,140.65,150
1719463199299,141.1,25
1719463199456,141.3,425
1719463200068,140.35,150
1719463200242,140.75,25
1719463200438,140.95,25
1719463201273,140.6,25
1719463201709,141.65,25
1719463202284,141.9,25
1719463203066,140.85,250
1719463203231,140.4,50
1719463204115,139.75,75
1719463204273,139.8,25
1719463205268,140.45,100
1719463206281,140.2,50
1719463206640,139.85,25
1719463207241,140.5,25
1719463207886,141.3,175
1719463208256,140.8,25
1719463208888,140.4,25
1719463209256,140.3,75
1719463210297,141.55,25
1719463210297,141.55,25
1719463211288,142.3,25
1719463211690,142.55,50
1719463212226,142.95,50
1719463213110,143.25,150
1719463213483,143.7,25
1719463214073,143.3,175
1719463214265,143.4,50
1719463215226,141.8,25
1719463215722,141.55,50
1719463216282,142.6,25
1719463217120,142.7,25
1719463217291,142.5,25
1719463218107,141.65,25
1719463218220,141.85,25
1719463219264,141.8,25
1719463219706,141.5,25
1719463220138,141.8,25
1719463220740,141.7,50
1719463221227,142.1,25
1719463221910,142.05,25
1719463222282,143.15,25
1719463223124,142.7,50
1719463223273,142.9,25
1719463224267,143.85,125
1719463225285,145.0,25
1719463225738,144.5,50
1719463226292,145.3,25
1719463227141,145.2,25
1719463227293,145.25,50
1719463228349,146.9,25
1719463229292,145.9,125
1719463229948,143.85,25
1719463230106,143.6,25
1719463230294,143.65,25
1719463230912,142.65,25
1719463231289,142.05,25
1719463232137,144.15,25
1719463232290,144.05,50
1719463233294,143.6,125
1719463233501,143.1,25
1719463234298,142.55,25
1719463234745,142.8,175
1719463235219,142.25,25
1719463235959,140.9,25
1719463236299,141.45,50
1719463237308,141.65,75
1719463238256,141.7,25
1719463238373,141.35,150
1719463239288,141.8,25
1719463239732,141.05,25
1719463240292,141.55,50
1719463240965,140.9,225
1719463241255,140.65,50
1719463241941,140.4,25
1719463242304,140.55,25
1719463243106,140.05,25
1719463243180,140.05,25
1719463244165,139.95,300
1719463244244,139.8,25
1719463245312,140.85,25
1719463245506,140.8,25
1719463246305,141.5,25
1719463246950,141.85,25
1719463247246,141.4,25
1719463248122,141.6,25
1719463248311,141.45,225
1719463249352,141.6,25
1719463250307,140.75,25
1719463250780,141.3,25
1719463251281,141.15,25
1719463254303,141.55,25
1719463254956,141.35,50
1719463255294,141.55,25
1719463256157,141.7,75
1719463256205,141.65,25
1719463257201,141.0,125
1719463257309,141.0,925
1719463258285,140.25,50
1719463258554,140.0,25
1719463259314,140.2,325
1719463259845,140.25,25
1719463260070,140.2,25
1719463260296,139.95,25
1719463261116,140.5,100
1719463261310,141.0,200
1719463262178,143.05,50
1719463262320,143.7,25
1719463263263,142.55,25
1719463263584,141.95,225
1719463264294,141.3,100
1719463264956,141.45,25
1719463265277,141.9,25
1719463266161,142.2,25
1719463266271,142.2,25
1719463267378,142.3,25
1719463281227,147.4,25
1719463281331,147.7,25
1719463282301,147.25,25
1719463282638,147.1,25
1719463283310,146.5,75
1719463284226,145.35,25
1719463284323,145.45,25
1719463285319,144.35,75
1719463286308,144.7,25
1719463286601,145.1,25
1719463287253,144.6,25
1719463287837,143.7,100
1719463288304,143.65,25
1719463289028,144.1,25
1719463289317,145.1,25
1719463290109,144.75,150
1719463290231,144.75,25
1719463290344,144.55,125
1719463291430,145.45,25
1719463292276,145.4,25
1719463292833,144.85,75
1719463293323,144.45,25
1719463294042,145.15,25
1719463294344,144.85,25
1719463295277,145.1,150
1719463296275,145.45,25
1719463297321,145.05,50
1719463297646,145.1,50
1719463298311,146.5,25
1719463299045,147.0,25
1719463299334,146.05,200
1719463300224,146.15,50
1719463300330,147.7,350
1719463301282,146.0,25
1719463301458,146.0,25
1719463304303,145.65,25
1719463305337,144.65,25
1719463306338,144.9,25
1719463306475,144.75,25
1719463308332,144.55,100
1719463309078,144.55,25
1719463309309,144.15,200
1719463310030,143.75,25
1719463310345,143.9,25
1719463311351,144.55,50
1719463312341,145.65,75
1719463312452,145.55,225
1719463313320,146.95,25
1719463314009,145.75,50
1719463314350,145.4,25
1719463315254,145.55,25
1719463315254,145.55,25
1719463316266,145.6,275
1719463316613,146.0,25
1719463317313,145.15,25
1719463318019,145.2,75
1719463318500,145.0,25
1719463319333,144.3,25
1719463320061,145.3,100
1719463320357,145.3,25
1719463328950,145.25,25
1719463329340,145.6,25
1719463330268,145.85,25
1719463331235,144.4,25
1719463331367,144.75,25
1719463358335,149.0,150
1719463358568,148.65,300
1719463359364,149.05,50
1719463359749,148.9,50
1719463360372,149.7,25
1719463361071,149.2,25
1719463361360,149.15,25
1719463362369,147.9,50
1719463363310,146.75,50
1719463363865,146.2,50
1719463364375,147.25,200
1719463365357,147.7,25
1719463366335,147.55,25
1719463367360,147.2,50
1719463367702,147.1,50
1719463368303,147.15,250
1719463368878,147.85,25
1719463369545,148.75,25
1719463370161,148.05,25
1719463370390,148.2,25
1719463371383,148.45,100
1719463372364,148.85,50
1719463373375,148.6,75
1719463373774,149.1,25
1719463374385,148.85,350
1719463376374,148.55,75
1719463377368,148.85,25
1719463377593,148.65,100
1719463378376,147.9,25
1719463378987,147.75,150
1719463379381,147.15,250
1719463380111,146.05,25
1719463380189,146.4,50
1719463380367,146.1,50
1719463410377,136.6,25
1719463411247,136.75,25
1719463411591,137.55,25
1719463412441,138.15,25
1719463413385,137.85,25
1719463413647,138.15,25
1719463414418,139.0,25
1719463415011,138.35,50
1719463415588,137.7,150
1719463416236,138.15,25
1719463416389,138.25,25
1719463422391,136.55,75
1719463422636,136.8,25
1719463423406,136.4,25
1719463424055,135.6,25
1719463424427,136.7,25
1719463425441,136.5,50
1719463426391,136.15,25
1719463426850,136.2,25
1719463427455,136.2,25
1719463428272,131.1,25
1719463428821,129.1,100
1719463429414,129.1,50
1719463429856,128.75,50
1719463430407,130.95,250
1719463431414,130.05,25
1719463431674,130.1,25
1719463432625,128.7,50
1719463433272,126.15,25
1719463433418,126.65,75
1719463434419,129.0,50
1719463434879,128.3,225
1719463435427,128.75,25
1719463436482,128.7,25
1719463436607,129.25,50
1719463437408,129.0,25
1719463438086,128.65,25
1719463438424,129.65,75
1719463439622,129.3,350
1719463439685,129.2,25
1719463440118,129.65,25
1719463440408,130.15,25
1719463441293,130.55,175
1719463441394,130.05,250
1719463442611,131.95,50
1719463442855,131.0,25
1719463443404,132.2,75
1719463444245,132.8,150
1719463444426,132.7,25
1719463445439,132.8,100
1719463446388,132.7,100
1719463446882,132.4,50
1719463447410,132.25,25
1719463448274,132.15,25
1719463448425,132.05,25
1719463449494,131.7,25
1719463449585,131.55,150
1719463450423,132.15,75
1719463450649,131.2,25
1719463451415,131.8,25
1719463452082,131.35,25
1719463452365,132.0,25
1719463453433,131.65,225
1719463453489,131.8,25
1719463454434,133.0,125
1719463454888,133.2,75
1719463455433,133.55,25
1719463456299,133.15,175
1719463456402,133.9,50
1719463457424,133.25,500
1719463457490,133.3,50
1719463458432,133.4,25
1719463458650,133.4,50
1719463459401,132.5,250
1719463459913,132.3,50
1719463460424,132.35,50
1719463461313,131.45,25
1719463461434,131.7,25
1719463462439,131.75,125
1719463462715,131.1,25
1719463463383,132.4,150
1719463466405,131.95,25
1719463466710,132.0,25
1719463467390,132.75,50
1719463467829,132.6,75
1719463468440,133.35,275
1719463469310,133.25,150
1719463469436,133.35,25
1719463470075,133.75,50
1719463470435,135.35,275
1719463470729,135.9,25
1719463471442,135.8,25
1719463472141,135.6,25
1719463472438,136.1,25
1719463473425,135.65,25
1719463473729,135.75,100
1719463474445,136.35,25
1719463475124,135.9,250
1719463475415,135.65,50
1719463476537,136.05,25
1719463477439,136.3,25
1719463477681,135.75,25
1719463478413,134.7,25
1719463479141,133.35,25
1719463479431,133.8,75
1719463480428,132.35,25
1719463480533,132.75,175
1719463481446,132.25,25
1719463481528,132.0,25
1719463482456,131.85,25
1719463482949,131.75,25
1719463483628,131.05,25
1719463484352,131.1,25
1719463484459,131.5,50
1719463485545,130.9,75
1719463486444,131.5,25
1719463486546,131.85,25
1719463487381,130.9,200
1719463487773,131.25,25
1719463488459,131.1,25
1719463489165,131.05,250
1719463489445,130.9,25
1719463490456,131.3,25
1719463491465,130.0,25
1719463491550,130.0,75
1719463492402,129.9,25
1719463492962,129.7,50
1719463493485,130.6,25
1719463495568,129.55,50
1719463496468,130.1,50
1719463496727,129.75,250
1719463497454,130.7,50
1719463498071,130.8,25
1719463498444,130.75,25
1719463499466,130.05,25
1719463500080,130.3,450
1719463500422,130.7,25
1719463500580,131.15,25
1719463501582,130.4,25
1719463502439,130.35,25
1719463502913,130.25,25
1719463503479,130.7,150
1719463504183,130.3,175
1719463504436,129.8,25
1719463505460,130.25,25
1719463505588,129.6,25
1719463506462,127.0,50
1719463506785,126.9,50
1719463507457,127.75,300
1719463508197,129.2,25
1719463508448,128.65,200
1719463509444,130.3,225
1719463509584,129.65,25
1719463510458,129.1,25
1719463510971,128.25,25
1719463511445,127.75,25
1719463512367,127.0,50
1719463512658,127.4,325
1719463513444,128.0,75
1719463514002,127.8,25
1719463514476,127.75,25
1719463515200,127.25,125
1719463515466,127.9,200
1719463516593,126.55,25
1719463517470,127.05,25
1719463517802,127.15,75
1719463518451,127.5,25
1719463519195,127.75,50
1719463519464,127.95,25
1719463520474,129.25,25
1719463521464,129.65,25
1719463522476,130.05,50
1719463522795,130.6,25
1719463523472,130.95,25
1719463524207,131.15,50
1719463524470,131.55,25
1719463525387,132.25,25
1719463525453,132.7,25
1719463526475,132.45,25
1719463526621,132.7,25
1719463527459,132.4,25
1719463527805,132.85,25
1719463528487,132.55,25
1719463529167,132.8,25
1719463529484,133.4,25
1719463530090,133.05,25
1719463530673,134.25,100
1719463531453,134.1,50
1719463532010,135.4,25
1719463532477,135.9,25
1719463533435,133.95,25
1719463534459,134.2,25
1719463534605,134.5,25
1719463535465,134.85,50
1719463536023,135.0,125
1719463536489,135.05,25
1719463537652,136.3,25
1719463538497,136.85,25
1719463538824,136.2,75
1719463539490,136.05,25
1719463540019,135.75,200
1719463540477,135.7,25
1719463541481,136.0,50
1719463542491,135.0,25
1719463542627,135.45,25
1719463543492,136.1,75
1719463543806,135.6,50
1719463544466,135.4,125
1719463545179,135.9,25
1719463545463,135.8,25
1719463546472,136.85,25
1719463546634,136.3,25
1719463547487,136.3,50
1719463547858,136.4,25
1719463548466,136.5,50
1719463549229,138.0,25
1719463549470,137.3,75
1719463550481,138.65,75
1719463550629,138.65,25
1719463551497,138.2,25
1719463552227,137.3,100
1719463552647,136.85,25
1719463553479,136.8,25
1719463553632,136.55,25
1719463554493,135.55,25
1719463555040,134.2,25
1719463555499,134.75,50
1719463556265,135.2,25
1719463556485,135.3,25
1719463557481,134.65,25
1719463557656,134.6,25
1719463558473,135.0,25
1719463558857,134.95,25
1719463559500,135.05,50
1719463560059,135.25,75
1719463560469,134.2,25
1719463561211,134.45,25
1719463561484,133.85,25
1719463562495,134.8,25
1719463562678,134.95,25
1719463563349,134.75,25
1719463563591,134.7,25
1719463564455,132.85,25
1719463564678,132.4,25
1719463565407,133.3,25
1719463566293,132.65,25
1719463566476,132.6,25
1719463567397,132.25,25
1719463567677,132.05,25
1719463568481,132.6,50
1719463568550,132.5,100
1719463569280,132.2,25
1719463569852,132.0,25
1719463570491,131.4,100
1719463571284,131.35,50
1719463571512,131.6,100
1719463572510,131.8,150
1719463572682,131.3,75
1719463573459,130.0,125
1719463573888,130.1,100
1719463574379,130.85,25
1719463575026,130.6,25
1719463575476,131.0,25
1719463576419,130.55,25
1719463577493,130.85,25
1719463577696,130.7,25
1719463578484,130.25,200
1719463579297,129.5,25
1719463579446,129.45,300
1719463580504,129.45,25
1719463581471,129.35,25
1719463581697,129.4,25
1719463582458,129.3,25
1719463583103,128.6,50
1719463583454,128.1,25
1719463584307,127.75,25
1719463584492,127.1,25
1719463585480,126.9,275
1719463585686,127.15,25
1719463586515,128.1,25
1719463586692,128.6,25
1719463587520,128.75,25
1719463587899,129.15,25
1719463588501,129.25,25
1719463589523,129.35,250
1719463590102,129.65,150
1719463590526,129.6,50
1719463590709,129.55,25
1719463591500,129.5,25
1719463591697,129.55,50
1719463592522,128.3,25
1719463592922,128.3,50
1719463593479,129.4,125
1719463594123,129.2,25
1719463594510,128.7,25
1719463595254,129.15,25
1719463595499,128.95,25
1719463596457,128.25,25
1719463596720,128.3,25
1719463597436,128.5,25
1719463597715,127.9,50
1719463598464,127.85,25
1719463598892,127.65,175
1719463599508,128.35,50
1719463600311,128.7,25
1719463600499,128.1,25
1719463601533,127.3,25
1719463610149,132.15,25
1719463611439,131.85,25
1719463612741,131.95,125
1719463613524,131.35,25
1719463614142,131.55,100
1719463614450,131.05,200
1719463615305,131.5,25
1719463615526,131.7,125
1719463616354,131.8,125
1719463616677,132.3,25
1719463617504,132.6,400
1719463617967,132.2,50
1719463618274,131.85,25
1719463619362,130.9,100
1719463619476,131.1,25
1719463620103,130.4,50
1719463620519,130.7,25
1719463620760,130.3,25
1719463621443,129.7,25
1719463621966,129.1,25
1719463622476,129.45,50
1719463623489,128.4,25
1719463623571,128.3,25
1719463624483,129.2,25
1719463624747,129.2,25
1719463625511,128.15,75
1719463625957,127.95,50
1719463626497,128.15,25
1719463627359,128.45,100
1719463627537,128.45,50
1719463628565,129.45,25
1719463629440,129.2,25
1719463629779,129.75,25
1719463630502,130.5,125
1719463631175,129.7,25
1719463631534,129.9,25
1719463632378,130.15,25
1719463632529,129.15,25
1719463633517,130.35,25
1719463633791,130.7,100
1719463634511,130.15,25
1719463635178,129.5,25
1719463635528,129.75,100
1719463636578,130.1,125
1719463637533,131.8,1400
1719463637769,131.75,25
1719463638507,131.0,25
1719463638784,130.5,25
1719463639523,131.1,25
1719463639992,131.3,25
1719463640527,131.45,175
1719463641180,132.05,100
1719463641481,132.95,450
1719463642312,132.65,100
1719463642501,133.0,25
1719463643567,132.45,25
1719463644511,132.9,25
1719463644781,133.05,100
1719463645538,133.25,25
1719463645996,132.4,100
1719463646526,132.65,25
1719463647202,131.45,100
1719463647543,131.55,25
1719463669040,126.25,50
1719463669749,126.7,100
1719463670223,126.65,25
1719463670555,126.7,25
1719463671436,126.5,25
1719463671505,126.85,25
1719463672562,128.0,25
1719463672625,128.15,150
1719463673572,129.95,150
1719463673837,129.7,25
1719463674566,130.35,25
1719463674989,129.35,250
1719463675535,128.35,25
1719463676423,127.65,25
1719463676532,127.65,25
1719463688557,128.95,50
1719463688643,128.75,125
1719463748595,132.15,100
1719463749590,132.4,25
1719463750550,132.0,25
1719463750801,132.3,25
1719463751567,133.35,25
1719463752304,134.0,25
1719463752604,134.15,425
1719463753580,134.25,25
1719463753952,133.8,50
1719463755275,133.15,25
1719463755578,133.0,1025
1719463756552,133.2,25
1719463760610,136.95,25
1719463761610,136.85,25
1719463761973,137.3,25
1719463762616,136.9,175
1719463763604,137.7,25
1719463764611,136.1,25
1719463764962,135.9,75
1719463765632,136.1,25
1719463766374,134.35,100
1719463766621,134.4,75
1719463767512,134.25,75
1719463767765,133.65,25
1719463768587,133.75,25
1719463769180,134.25,50
1719463769613,134.55,25
1719463770038,134.8,50
1719463770619,134.35,25
1719463771629,134.2,100
1719463771960,134.4,150
1719463772616,134.45,25
1719463772675,134.05,200
1719463773575,134.85,25
1719463774156,135.7,25
1719463774621,136.0,1025
1719463775640,136.7,75
1719463775759,136.5,250
1719463776586,137.05,100
1719463776783,137.35,150
1719463777598,137.35,200
1719463777962,137.15,25
1719463778591,136.5,50
1719463779174,137.35,25
1719463779597,137.45,25
1719463780150,136.95,75
1719463780599,136.25,25
1719463781544,135.75,50
1719463781774,135.65,25
1719463782599,136.6,25
1719463782992,135.6,25
1719463783630,136.3,50
1719463783985,136.55,25
1719463784591,136.2,200
1719463785185,136.1,75
1719463785629,135.95,25
1719463786335,135.35,25
1719463786637,135.9,25
1719463787627,136.4,25
1719463787781,135.85,50
1719463790606,137.15,25
1719463791149,137.6,75
1719463791645,137.6,25
1719463792415,136.2,50
1719463792630,136.45,25
1719463793642,137.3,25
1719463794622,137.7,25
1719463794788,137.55,250
1719463795616,137.8,175
1719463795789,137.45,25
1719463796615,137.7,25
1719463797001,137.45,25
1719463797600,136.55,50
1719463798001,136.95,75
1719463798627,137.0,75
1719463799174,136.95,100
1719463799614,136.55,50
1719463800112,136.5,25
1719463800619,136.35,25
1719463801845,136.6,25
1719463802616,136.0,25
1719463802972,135.5,100
1719463803570,135.3,25
1719463804234,136.0,500
1719463804626,136.15,225
1719463805642,135.45,25
1719463806626,135.0,200
1719463806798,135.0,25
1719463807544,135.6,75
1719463808021,135.95,25
1719463808568,135.55,50
1719463808969,136.0,50
1719463809636,135.75,25
1719463810614,136.65,25
1719463811639,136.95,25
1719463812023,136.9,25
1719463812523,136.55,25
1719463813050,137.9,25
1719463813641,138.8,125
1719463814390,140.4,200
1719463814652,140.35,75
1719463815634,139.55,25
1719463815836,139.55,25
1719463816657,139.35,50
1719463817042,139.15,75
1719463817607,138.1,50
1719463818358,138.15,25
1719463818667,137.0,25
1719463819654,137.65,50
1719463819826,137.75,50
1719463820653,137.35,100
1719463821061,137.35,25
1719463821636,137.45,75
1719463821995,137.45,25
1719463822661,137.65,100
1719463823446,137.7,150
1719463823654,138.25,25
1719463824586,138.5,25
1719463825637,138.0,25
1719463825790,138.35,25
1719463826626,138.05,25
1719463827076,137.7,50
1719463827657,136.85,50
1719463828234,136.55,100
1719463828615,136.55,25
1719463829642,136.0,25
1719463829682,135.75,250
1719463830100,134.3,25
1719463830602,134.75,50
1719463830971,135.45,175
1719463831613,135.85,25
1719463832044,136.2,75
1719463832669,136.9,25
1719463833393,136.35,200
1719463833501,136.7,25
1719463834565,135.35,25
1719463834784,136.1,100
1719463835620,136.05,125
1719463836018,136.1,100
1719463836860,136.2,50
1719463836962,136.4,25
1719463837624,135.0,100
1719463838053,134.65,175
1719463838591,135.2,25
1719463839269,135.4,25
1719463839623,135.4,50
1719463840680,135.0,50
1719463841669,134.4,25
1719463842615,133.95,25
1719463843084,133.05,75
1719463843667,132.8,25
1719463844452,133.0,75
1719463844644,133.6,25
1719463845642,133.55,50
1719463845894,133.55,25
1719463846658,133.6,25
1719463847223,134.2,25
1719463847622,134.5,25
1719463848402,134.2,25
1719463848621,134.5,25
1719463849664,134.2,25
1719463849885,133.9,25
1719463850654,133.75,100
1719463850987,133.35,25
1719463851487,133.45,25
1719463852271,133.5,25
1719463852577,133.55,25
1719463853643,133.5,25
1719463853823,133.15,25
1719463854627,132.8,25
1719463854997,133.0,100
1719463855607,132.8,25
1719463856905,133.35,125
1719463857601,132.65,75
1719463858305,133.65,50
1719463858600,133.35,25
1719463859610,136.2,25
1719463859916,136.6,25
1719463860049,136.65,25
1719463860686,136.55,25
1719463861256,136.1,50
1719463861876,136.65,25
1719463862667,137.65,25
1719463862899,137.8,175
1719463863679,137.2,75
1719463864308,137.05,25
1719463864630,137.25,25
1719463865528,136.95,25
1719463865674,136.35,175
1719463866634,135.25,325
1719463866921,135.35,25
1719463867588,135.0,25
1719463868047,134.95,50
1719463868651,135.35,50
1719463869250,135.05,225
1719463869683,135.45,25
1719463870682,136.0,25
1719463871646,135.95,25
1719463872047,136.35,75
1719463872626,136.05,25
1719463873079,135.85,25
1719463873667,136.45,75
1719463874342,136.1,50
1719463874551,135.8,25
1719463875407,135.25,50
1719463875654,135.3,25
1719463876737,134.65,25
1719463877620,136.2,250
1719463877936,136.35,25
1719463879331,136.55,25
1719463879638,136.25,50
1719463880428,136.8,175
1719463880698,137.25,50
1719463881939,137.9,150
1719463925375,136.7,25
1719463925684,136.4,25
1719463926591,136.95,25
1719463927716,137.2,100
1719463927929,137.35,50
1719463928647,136.75,25
1719463929380,136.2,25
1719463929638,136.6,25
1719463930680,137.95,150
1719463930801,137.6,75
1719463931726,137.75,25
1719463932220,137.95,50
1719463932713,138.1,25
1719463933163,137.8,25
1719463933877,138.85,100
1719463934083,139.15,50
1719463934725,138.75,25
1719463935623,141.8,50
1719463935734,142.05,100
1719463936724,139.8,200
1719463936794,139.7,50
1719463937688,138.1,25
1719463938029,138.45,50
1719463938684,139.1,50
1719463939412,138.2,25
1719463944717,137.55,50
1719463945692,137.85,25
1719463946722,137.6,25
1719463946782,137.6,50
1719463947736,137.3,25
1719463948037,137.4,75
1719463948622,137.05,50
1719463949040,137.4,50
1719463949691,136.6,25
1719463950075,137.0,75
1719463952554,136.5,75
1719463952705,136.4,100
1719463953796,136.2,50
1719463954710,136.55,25
1719463955229,135.45,25
1719463955703,135.45,50
1719463956119,135.4,25
1719463956684,134.55,150
1719463957726,134.6,25
1719463958668,134.3,25
1719463959039,134.35,25
1719463959652,134.7,75
1719463960038,134.45,25
1719463960705,133.55,100
1719463961156,133.3,25
1719463961721,133.25,75
1719463962235,133.6,125
1719463962736,133.4,75
1719463963462,133.55,25
1719463963728,133.55,100
1719463964387,133.2,50
1719463964731,133.6,25
1719463965540,134.4,25
1719463965713,134.3,25
1719463966744,135.0,50
1719463966888,134.95,100
1719463967701,136.35,75
1719463968257,135.85,25
1719463968724,135.15,25
1719463969263,135.1,25
1719463969754,134.75,200
1719463970231,134.75,25
1719463970751,134.55,25
1719463971333,134.6,25
1719463971671,134.35,75
1719463972395,134.8,25
1719463972680,134.65,400
1719463973727,134.5,25
1719463974687,134.8,25
1719463974687,134.8,25
1719463979761,136.15,25
1719463980080,137.15,200
1719463980465,136.8,225
1719463980720,136.25,50
1719463981863,136.3,50
1719463982695,136.2,25
1719463983080,136.65,50
1719463983673,136.3,75
1719463984445,135.4,100
1719463984743,134.95,50
1719463985674,135.9,25
1719463985835,135.95,25
1719463986648,135.45,25
1719463986792,135.2,75
1719463987741,135.0,100
1719463988072,135.0,125
1719463988586,134.75,50
1719463989291,134.5,250
1719463989754,134.55,25
1719463990473,134.5,150
1719463990683,134.55,25
1719463991582,135.0,75
1719463991808,134.95,25
1719463992678,134.85,25
1719463992891,134.75,350
1719463993758,133.95,75
1719463994106,133.9,50
1719463994669,133.55,25
1719463995203,133.9,25
1719463995741,134.45,25
1719463996686,134.4,50
1719463997742,133.4,250
1719463998237,133.85,25
1719463998702,133.4,25
1719463999679,133.15,50
1719463999754,133.3,50
1719464000894,131.6,75
1719464001113,132.2,75
1719464001680,132.2,25
1719464002773,133.55,25
1719464002866,133.35,25
1719464004326,132.2,50
1719464004746,132.45,50
1719464005491,131.9,25
1719464005669,131.85,25
1719464006517,131.2,25
1719464006719,132.05,50
1719464007701,132.2,100
1719464007925,132.15,200
1719464008624,132.05,25
1719464008885,132.0,50
1719464009721,132.2,25
1719464010108,132.2,100
1719464010762,132.35,25
1719464011102,132.65,25
1719464011759,132.45,25
1719464012338,131.85,25
1719464012765,131.9,50
1719464013325,132.05,25
1719464013764,131.6,100
1719464015754,132.5,25
1719464016738,132.25,25
1719464016931,132.3,175
1719464017763,133.3,25
1719464018137,132.95,75
1719464018775,133.25,25
1719464019321,133.4,25
1719464019592,133.2,25
1719464020291,133.5,50
1719464020791,133.3,50
1719464021753,134.6,125
1719464022774,135.65,75
1719464022862,135.9,25
1719464023669,135.0,25
1719464024134,134.25,25
1719464025310,133.75,100
1719464025690,133.5,25
1719464026279,132.8,25
1719464026719,132.95,75
1719464027699,132.8,25
1719464027966,132.7,25
1719464028772,132.75,25
1719464028959,132.75,75
1719464029787,133.1,75
1719464030103,132.7,25
1719464030724,133.25,25
1719464031354,132.5,25
1719464031772,132.55,25
1719464032326,132.5,25
1719464032778,132.2,25
1719464033369,132.2,25
1719464033765,132.0,25
1719464034686,132.35,25
1719464035790,131.85,25
1719464035865,131.4,25
1719464036722,131.7,25
1719464037159,131.0,25
1719464037798,131.65,25
1719464038347,131.1,25
1719464038737,130.85,25
1719464039582,130.4,100
1719464039775,130.7,25
1719464040123,130.35,175
1719464040754,130.05,100
1719464040901,130.3,125
1719464041782,130.45,100
1719464042341,130.05,25
1719464042782,130.25,25
1719464043575,130.35,25
1719464043729,130.0,50
1719464044729,129.05,700
1719464044971,129.15,25
1719464045671,130.0,150
1719464046390,129.7,25
1719464046783,129.6,100
1719464047793,129.85,25
1719464048762,129.45,25
1719464048966,129.7,25
1719464049754,129.35,50
1719464050008,129.2,50
1719464050753,128.75,75
1719464051202,128.4,25
1719464051814,128.85,75
1719464052387,128.5,50
1719464052763,128.95,25
1719464053390,128.75,50
1719464053796,128.65,25
1719464054421,129.95,50
1719464054792,130.4,125
1719464055600,130.9,25
1719464055789,131.25,25
1719464056780,132.05,25
1719464057006,132.2,50
1719464057793,131.9,25
1719464058397,132.15,25
1719464058782,131.7,25
1719464059388,131.7,50
1719464059812,131.7,25
1719464060619,130.2,75
1719464060789,130.05,25
1719464061775,129.8,25
1719464062026,130.1,50
1719464062797,129.3,25
1719464063212,128.75,25
1719464063715,128.95,25
1719464064410,128.0,25
1719464074817,128.1,50
1719464075425,128.6,25
1719464075808,128.1,50
1719464076425,128.45,200
1719464076774,128.3,25
1719464077797,128.95,25
1719464078822,128.55,250
1719464079411,128.65,500
1719464079807,128.45,100
1719464080838,128.45,25
1719464081762,128.05,25
1719464082222,127.9,25
1719464082825,127.65,25
1719464083179,127.65,50
1719464083817,127.25,25
1719464084448,127.05,75
1719464084816,126.7,100
1719464088423,125.9,25
1719464088827,126.1,125
1719464089435,126.65,25
1719464089792,126.35,25
1719464090811,126.9,25
1719464091054,127.05,25
1719464091819,127.5,25
1719464092269,127.95,25
1719464092816,129.5,25
1719464093454,129.65,475
1719464093779,129.85,25
1719464094655,131.55,250
1719464094820,132.0,25
1719464095673,130.65,25
1719464095823,130.8,25
1719464096703,131.1,25
1719464097076,131.65,25
1719464097804,131.2,25
1719464098069,130.85,25
1719464098823,130.15,25
1719464099267,129.65,350
1719464099717,129.05,25
1719464100018,129.2,25
1719464100377,129.8,25
1719464100586,129.85,25
1719464101826,130.35,25
1719464102815,130.7,25
1719464103237,130.65,100
1719464120829,132.15,25
1719464121495,132.25,25
1719464121778,132.4,50
1719464122649,131.75,100
1719464122777,131.7,25
1719464123702,131.1,50
1719464123828,130.4,25
1719464124847,131.25,125
1719464124905,131.25,25
1719464125806,131.7,25
1719464126082,131.35,25
1719464126819,131.3,50
1719464127474,131.2,75
1719464127809,131.55,25
1719464128556,131.05,125
1719464128817,131.2,25
1719464129806,131.45,25
1719464130111,131.2,50
1719464130763,131.9,25
1719464131089,131.6,25
1719464159338,129.0,25
1719464159690,129.5,125
1719464160054,129.15,25
1719464160885,129.85,25
1719464161867,129.45,50
1719464162089,129.3,100
1719464162766,129.7,25
1719464163119,130.45,25
1719464163600,130.3,25
1719464164252,130.4,150
1719464164822,131.25,25
1719464165547,130.9,50
1719464165831,130.2,25
1719464166508,130.35,25
1719464166723,130.35,125
1719464167747,130.5,50
1719464167841,130.25,50
1719464168740,130.9,100
1719464168878,130.75,50
1719464169661,130.9,75
1719464169869,131.0,25
1719464170770,130.95,50
1719464170770,130.95,50
1719464171824,131.35,75
1719464171824,131.35,75
1719464172854,130.9,25
1719464173161,131.05,150
1719464173866,130.75,25
1719464174302,130.9,25
1719464174857,131.05,25
1719464175304,130.7,50
1719464175962,130.2,75
1719464176875,129.55,25
1719464177708,130.0,25
1719464178262,130.6,25
1719464178811,130.7,25
1719464179473,130.55,25
1719464179804,130.6,100
1719464180574,131.35,75
1719464180868,131.45,25
1719464181753,131.75,50
1719464181840,131.85,25
1719464182873,132.1,25
1719464183147,131.7,25
1719464183791,132.65,25
1719464184582,131.75,375
1719464184857,131.95,150
1719464185484,132.1,25
1719464185884,132.1,25
1719464186661,132.5,25
1719464186874,132.4,75
1719464187906,131.9,50
1719464188861,130.95,75
1719464189025,131.45,25
1719464189826,131.5,25
1719464190012,131.6,25
1719464190288,132.0,25
1719464190843,131.0,25
1719464191535,129.8,25
1719464191835,129.65,25
1719464192603,130.35,25
1719464192852,130.4,100
1719464193941,131.2,25
1719464194821,131.4,25
1719464194983,132.0,100
1719464195874,131.5,100
1719464196213,132.15,25
1719464196863,132.6,75
1719464197336,131.7,25
1719464197722,132.05,75
1719464198598,132.9,25
1719464198719,132.5,25
1719464199591,132.6,25
1719464199806,132.05,125
1719464200899,131.15,25
1719464201763,129.65,25
1719464201964,129.8,25
1719464202871,129.5,25
1719464203178,129.75,25
1719464203808,130.25,25
1719464204565,130.65,25
1719464204743,130.2,100
1719464205799,131.0,25
1719464205838,131.6,50
1719464206783,130.9,50
1719464207021,131.4,50
1719464207835,132.4,25
1719464208392,132.5,50
1719464208845,132.1,25
1719464209619,132.05,25
1719464209767,132.25,25
1719464210881,132.6,25
1719464211875,131.9,25
1719464212023,132.25,25
1719464212889,131.95,175
1719464213257,131.6,25
1719464213902,131.6,25
1719464214413,131.6,25
1719464214795,131.7,75
1719464215625,131.65,25
1719464215830,131.7,150
1719464216610,132.5,50
1719464216883,132.6,25
1719464218053,133.5,50
1719464218854,133.55,75
1719464219412,135.4,25
1719464219899,134.95,50
1719464220035,135.5,25
1719464220606,135.7,50
1719464220890,135.35,25
1719464221855,135.3,25
1719464222046,135.1,200
1719464222889,135.55,150
1719464223420,135.8,25
1719464223898,135.7,25
1719464224638,135.35,25
1719464224864,135.45,25
1719464225833,135.8,25
1719464226909,136.75,50
1719464227044,136.95,25
1719464228444,137.8,25
1719464228921,138.35,75
1719464229810,138.6,25
1719464230115,138.7,25
1719464230914,140.1,25
1719464231245,139.7,25
1719464232456,140.25,25
1719464232915,138.5,25
1719464233619,138.8,25
1719464233884,139.3,25
1719464234905,139.25,50
1719464235887,138.3,25
1719464236037,138.9,25
1719464236900,138.85,75
1719464237408,138.4,25
1719464237923,139.25,25
1719464238464,139.9,25
1719464238894,139.05,50
1719464239635,138.75,100
1719464239889,138.9,25
1719464240646,138.8,25
1719464240860,139.15,25
1719464241883,138.85,25
1719464242891,138.5,75
1719464243024,138.65,50
1719464243903,139.2,200
1719464244474,139.85,25
1719464244869,139.4,25
1719464245476,139.6,25
1719464245907,139.45,25
1719464246667,140.25,25
1719464247126,142.6,25
1719464247900,142.45,250
1719464248933,146.8,25
1719464249478,148.0,25
1719464250108,145.45,25
1719464250908,145.85,25
1719464251281,147.25,25
1719464251923,145.95,25
1719464252490,145.85,50
1719464252899,146.4,25
1719464253688,148.2,25
1719464253929,148.3,25
1719464254919,148.1,25
1719464255080,147.75,25
1719464255942,147.55,50
1719464256506,146.45,25
1719464256923,146.95,50
1719464257698,148.0,50
1719464257923,148.0,25
1719464259939,147.5,25
1719464260498,146.95,75
1719464261123,146.45,25
1719464261677,146.95,25
1719464261923,147.4,50
1719464262937,146.9,25
1719464263105,147.3,75
1719464263893,147.9,25
1719464264312,147.65,100
1719464264911,147.9,100
1719464265500,148.0,25
1719464265929,147.85,50
1719464266714,147.75,25
1719464266925,147.05,25
1719464267938,147.5,25
1719464268926,148.2,25
1719464269299,147.95,50
1719464269924,149.0,25
1719464270507,147.8,50
1719464270911,147.8,25
1719464271715,147.05,25
1719464271936,147.2,25
1719464272718,146.3,100
1719464273131,147.05,25
1719464273918,147.0,75
1719464274118,146.0,100
1719464274931,145.9,50
1719464275320,146.35,350
1719464284514,146.75,25
1719464284905,147.3,25
1719464285537,146.85,25
1719464285909,146.5,200
1719464286736,146.5,25
1719464286917,146.45,25
1719464287720,146.9,150
1719464287884,146.4,25
1719464288734,146.55,75
1719464288883,146.85,50
1719464289708,146.45,150
1719464289936,146.9,25
1719464290722,146.75,25
1719464290919,146.75,125
1719464291947,148.55,50
1719464292944,150.0,50
1719464293560,149.95,75
1719464293937,149.3,25
1719464294748,150.2,25
1719464294938,149.95,25
1719464295761,149.1,50
1719464295941,149.0,25
1719464296968,147.9,25
1719464297954,148.35,25
1719464298160,148.85,150
1719464298930,149.3,25
1719464299333,149.65,25
1719464299926,149.65,125
1719464300348,148.85,25
1719464300958,148.65,25
1719464301551,148.75,25
1719464301945,148.2,50
1719464302697,148.4,25
1719464302933,148.85,50
1719464303743,148.7,25
1719464303938,148.9,50
1719464304920,148.5,50
1719464305145,148.9,25
1719464305941,148.75,25
1719464306340,147.8,50
1719464306954,147.8,25
1719464307749,149.8,25
1719464307946,149.2,50
1719464308968,149.5,25
1719464309959,150.75,150
1719464310073,150.5,25
1719464310385,152.8,25
1719464310955,151.45,25
1719464311579,151.75,25
1719464311943,151.25,50
1719464312776,152.0,25
1719464312935,152.0,50
1719464313978,152.0,50
1719464315153,153.05,75
1719464315369,153.4,25
1719464315957,153.05,50
1719464316576,153.05,25
1719464316962,154.2,25
1719464317792,154.05,25
1719464317955,153.9,75
1719464318981,152.75,100
1719464319942,153.85,250
1719464320208,153.95,50
1719464320931,153.2,100
1719464321580,154.45,100
1719464321960,154.55,50
1719464322797,154.05,25
1719464322960,153.45,25
1719464323952,155.35,50
1719464324186,154.7,50
1719464324965,154.25,75
1719464325589,152.9,50
1719464325963,153.5,50
1719464326596,154.0,25
1719464326958,153.25,25
1719464327793,151.3,25
1719464327924,150.9,25
1719464328791,149.95,200
1719464328950,149.4,100
1719464329966,148.1,100
1719464330957,150.4,25
1719464331199,151.35,25
1719464366973,152.05,150
1719464367231,151.75,75
1719464367976,151.4,25
1719464368468,151.55,125
1719464368978,151.45,25
1719464369636,151.2,25
1719464369949,151.15,25
1719464370094,151.1,50
1719464370864,151.85,125
1719464371207,151.35,250
1719464372002,151.8,25
1719464372086,151.7,50
1719464372982,151.85,250
1719464373270,152.55,25
1719464375670,151.75,25
1719464375983,151.9,25
1719464376970,151.6,25
1719464377862,151.5,25
1719464377985,151.75,25
1719464378991,151.8,50
1719464379974,150.9,25
1719464380287,150.3,50
1719464380940,151.25,50
1719464381481,151.35,325
1719464381958,151.6,100
1719464382692,152.15,75
1719464382861,151.8,25
1719464383872,151.0,25
1719464383988,150.5,25
1719464384901,150.15,50
1719464384986,149.65,50
1719464385992,149.0,25
1719464387003,149.45,25
1719464387294,149.3,75
1719464388007,148.5,75
1719464388945,150.1,25
1719464389981,150.0,25
1719464390043,150.0,25
1719464390998,150.95,100
1719464391261,151.3,25
1719464391905,151.3,25
1719464392666,150.8,100
1719464392935,150.35,25
1719464397915,151.6,125
1719464399007,152.4,250
1719464399988,151.15,25
1719464400117,151.2,25
1719464400517,151.2,25
1719464400979,150.3,25
1719464401703,149.95,25
1719464402192,149.15,100
1719464402889,148.8,25
1719464403025,148.45,25
1719464404119,150.15,50
1719464404979,151.0,25
1719464405505,151.4,50
1719464406018,152.1,25
1719464406733,152.55,75
1719464407002,151.7,100
1719464408009,150.95,50
1719464408980,151.9,25
1719464409100,151.25,100
1719464410007,151.6,25
1719464410532,151.0,25
1719464410980,150.25,75
1719464411703,150.8,50
1719464411987,150.35,100
1719464412937,149.7,25
1719464413028,149.5,25
1719464414001,149.8,50
1719464415000,149.9,50
1719464415334,149.9,25
1719464416018,150.0,25
1719464416515,149.85,500
1719464417021,149.85,25
1719464417917,150.15,25
1719464418035,150.3,50
1719464418952,151.0,25
1719464419025,151.2,25
1719464420015,152.0,75
1719464420107,152.1,25
1719464420943,150.9,50
1719464421115,150.8,25
1719464422035,150.5,25
1719464422339,150.75,250
1719464423019,150.75,25
1719464423595,150.25,25
1719464423958,150.5,25
1719464424719,150.95,225
1719464425010,150.8,100
1719464425961,152.0,200
1719464427030,151.3,50
1719464428045,151.25,25
1719464429011,151.25,100
1719464429367,151.2,25
1719464429910,150.85,100
1719464430098,150.7,25
1719464430545,151.15,50
1719464430850,150.75,50
1719464431758,151.35,25
1719464432001,151.25,75
1719464433004,151.65,100
1719464434000,152.2,25
1719464434334,152.5,175
1719464435037,152.6,75
1719464435567,153.25,50
1719464436037,152.4,50
1719464436976,151.9,25
1719464437037,152.3,50
1719464438013,153.45,25
1719464438170,154.0,25
1719464439037,154.25,75
1719464439342,153.5,50
1719464440215,154.5,50
1719464440591,154.05,25
1719464441006,153.75,25
1719464442023,154.05,100
1719464442951,153.45,50
1719464443048,153.45,25
1719464444024,152.5,25
1719464445037,152.75,75
1719464445154,152.7,100
1719464446045,153.0,25
1719464446375,152.6,25
1719464447037,152.05,25
1719464447341,151.95,25
1719464448044,151.2,25
1719464448601,152.2,25
1719464449037,152.25,25
1719464449787,152.15,25
1719464450038,152.15,75
1719464451038,152.25,25
1719464453039,152.65,50
1719464453608,150.6,25
1719464467037,148.2,75
1719464467413,147.9,75
1719464468039,147.75,25
1719464468425,147.2,50
1719464469061,147.9,50
1719464469838,148.35,200
1719464469939,148.65,25
1719464470750,148.5,200
1719464470995,148.85,25
1719464472047,148.9,50
1719464473021,148.85,25
1719464473181,148.8,25
1719464474052,150.65,500
1719464474432,150.6,25
1719464474992,149.85,375
1719464475636,149.8,25
1719464476019,150.5,25
1719464476806,149.6,100
1719464477024,149.55,50
1719464477904,149.45,25
1719464479060,148.3,250
1719464480050,147.95,25
1719464508896,146.85,75
1719464509063,146.5,25
1719464509843,146.7,25
1719464510052,147.1,25
1719464511082,146.1,75
1719464512057,146.75,225
1719464520074,146.25,25
1719464520074,146.25,25
1719464520461,145.85,75
1719464521073,146.1,25
1719464521707,144.4,75
1719464522077,143.85,25
1719464522887,141.95,25
1719464523095,141.75,50
1719464524285,140.45,25
1719464524332,140.1,25
1719464525103,141.65,25
1719464525906,142.05,25
1719464526079,142.1,25
1719464527102,142.75,100
1719464528126,143.85,25
1719464529063,143.6,75
1719464529519,143.65,75
1719464530080,143.75,250
1719464530893,142.85,50
1719464531072,142.95,25
1719464532039,144.05,25
1719464532039,144.05,25
1719464533053,143.15,50
1719464536001,143.0,75
1719464536928,143.1,100
1719464537078,142.7,50
1719464537853,142.6,75
1719464538076,142.6,25
1719464539044,142.4,25
1719464540127,142.85,25
1719464541075,142.1,250
1719464541503,141.7,50
1719464542074,141.85,25
1719464542942,142.1,25
1719464543039,141.85,25
1719464544077,140.7,50
1719464544153,141.1,25
1719464545014,140.85,25
1719464545741,140.35,75
1719464546108,139.75,50
1719464546943,140.1,75
1719464547096,140.65,50
1719464548087,139.8,75
1719464548140,139.8,100
1719464549088,140.05,50
1719464549538,140.0,25
1719464563766,139.8,25
1719464564091,139.35,25
1719464564970,138.1,100
1719464565013,137.65,50
1719464566083,138.75,25
1719464566370,138.9,50
1719464567108,138.65,300
1719464567796,137.55,50
1719464568308,138.0,250
1719464569009,138.35,25
1719464569137,138.25,25
1719464569993,138.45,75
1719464570357,138.05,25
1719464571070,138.75,350
1719464571553,138.45,25
1719464572106,139.4,25
1719464572652,138.6,50
1719464573047,138.65,225
1719464573985,139.35,25
1719464574119,139.55,25
1719464575104,139.2,25
1719464575174,138.9,25
1719464576110,137.75,25
1719464576536,137.95,50
1719464577276,138.25,100
1719464578003,139.1,25
1719464578125,139.35,50
1719464586340,139.35,150
1719464587109,139.25,25
1719464587297,139.1,100
1719464588037,139.1,25
1719464588604,138.25,25
1719464589241,136.75,50
1719464590027,136.6,25
1719464590196,135.85,25
1719464591109,132.95,75
1719464591800,131.7,75
1719464592331,130.55,25
1719464593108,131.6,25
1719464593404,131.0,25
1719464594127,130.6,50
1719464595022,132.5,200
1719464595117,132.75,175
1719464596306,132.05,50
1719464596832,132.1,25
1719464597135,132.6,75
1719464598067,131.75,25
1719464598428,131.65,50
1719464599100,131.45,25
1719464599994,129.6,25
1719464600138,129.15,25
1719464601135,127.1,50
1719464601630,123.65,25
1719464602330,122.0,25
1719464603130,122.05,400
1719464603247,122.0,25
1719464604134,121.85,25
1719464604848,122.1,50
1719464605330,121.8,25
1719464606143,122.25,75
1719464606453,121.75,25
1719464607133,117.6,25
1719464608133,113.8,25
1719464609315,114.0,25
1719464609842,110.45,75
1719464610119,110.05,75
1719464611442,108.5,25
1719464611882,102.9,50
1719464611938,100.7,50
1719464611938,100.7,50
1719464612422,99.0,25
1719464627163,103.75,100
1719464627252,103.85,25
1719464628152,104.0,50
1719464628482,105.85,75
1719464629357,108.4,175
1719464629879,109.3,25
1719464630142,109.65,200
1719464631066,108.6,75
1719464631144,107.95,25
1719464632357,108.55,25
1719464632480,107.45,25
1719464633153,107.9,100
1719464633681,106.15,75
1719464634165,105.9,25
1719464635080,102.1,25
1719464635365,103.8,25
1719464636355,99.3,150
1719464636888,98.15,75
1719464637156,98.05,25
1719464638168,100.05,25
1719464638494,99.8,25
1719464639359,100.55,100
1719464640069,101.0,125
1719464640160,100.65,150
1719464641154,100.05,25
1719464641698,98.95,25
1719464642356,99.0,350
1719464643163,101.6,100
1719464643314,101.2,250
1719464644162,102.4,25
1719464644910,102.5,25
1719464645163,101.35,25
1719464646354,102.15,25
1719464647169,106.3,400
1719464647716,106.0,25
1719464648165,106.25,25
1719464649366,106.75,25
1719464650157,105.05,175
1719464650498,104.6,25
1719464651380,102.5,1450
1719464652160,103.15,125
1719464653166,104.7,25
1719464653314,104.05,25
1719464654368,101.7,25
1719464654720,102.1,25
1719464655169,102.35,25
1719464656116,102.0,150
1719464656159,102.15,25
1719464657174,101.9,25
1719464657312,101.75,25
1719464658367,101.2,125
1719464658524,102.1,25
1719464659168,103.0,25
1719464659912,105.0,25
1719464660166,106.6,250
1719464661152,105.05,50
1719464661530,105.5,25
1719464662359,105.85,75
1719464662920,105.2,50
1719464663174,104.0,25
1719464664175,103.55,175
1719464665368,100.7,25
1719464665530,102.0,25
1719464666184,102.55,25
1719464666916,101.9,100
1719464667173,101.6,25
1719464668125,102.1,50
1719464668166,102.4,25
1719464669186,101.3,50
1719464669311,101.0,25
1719464670121,101.75,25
1719464670372,102.5,100
1719464671181,104.7,75
1719464671938,105.65,200
1719464672148,105.35,125
1719464673163,105.25,25
1719464673549,106.1,25
1719464674383,105.15,25
1719464674728,105.85,25
1719464675147,105.85,25
1719464675925,106.05,25
1719464676183,105.75,125
1719464677159,105.6,25
1719464678174,106.0,25
1719464679172,104.75,200
1719464679332,104.8,25
1719464680181,104.6,225
1719464680352,103.7,50
1719464681158,102.9,150
1719464681564,103.65,25
1719464682362,104.45,50
1719464682546,104.2,25
1719464683193,103.4,25
1719464683731,103.55,75
1719464684168,104.55,175
1719464684946,104.85,175
1719464685190,104.65,25
1719464686182,104.6,25
1719464687168,104.2,125
1719464687360,104.35,25
1719464688394,102.8,100
1719464689189,104.0,25
1719464689575,104.1,25
1719464690177,103.5,25
1719464690743,103.1,25
1719464691186,102.4,25
1719464691966,101.3,25
1719464692166,101.45,50
1719464693179,102.25,25
1719464693360,101.75,50
1719464694383,99.5,100
1719464694992,99.8,25
1719464695196,99.25,175
1719464696390,98.2,25
1719464697182,98.7,25
1719464698158,98.4,25
1719464699197,96.85,25
1719464699581,95.5,25
1719464700199,94.85,75
1719464701183,93.3,50
1719464701386,93.95,25
1719464702189,92.5,75
1719464702984,92.75,25
1719464703387,93.3,50
1719464704403,92.9,25
1719464704586,91.1,100
