time,price,volume
1719461503685,1.3,50
1719461504497,1.35,75
1719461504692,1.3,50
1719461505490,1.3,50
1719461506082,1.3,25
1719461506251,1.3,50
1719461506494,1.3,50
1719461507498,1.3,25
1719461507517,1.3,50
1719461508507,1.3,25
1719461508732,1.3,50
1719461509553,1.3,50
1719461509905,1.3,50
1719461510502,1.3,50
1719461510719,1.3,25
1719461511540,1.3,50
1719461511715,1.3,25
1719461512538,1.3,50
1719461512888,1.3,50
1719461513474,1.3,50
1719461514100,1.3,50
1719461514301,1.3,50
1719461514530,1.3,25
1719461515524,1.3,50
1719461515702,1.3,50
1719461516588,1.25,50
1719461516904,1.3,25
1719461517519,1.25,50
1719461517885,1.25,50
1719461518514,1.25,50
1719461519109,1.3,250
1719461519308,1.3,25
1719461519731,1.25,1750
1719461520045,1.3,75
1719461520537,1.3,25
1719461521366,1.3,25
1719461522544,1.3,25
1719461522710,1.3,25
1719461523546,1.3,25
1719461523856,1.3,25
1719461524552,1.35,50
1719461525138,1.35,100
1719461525138,1.35,100
1719461525686,1.35,25
1719461526355,1.35,75
1719461526355,1.35,75
1719461527739,1.35,1175
1719461527739,1.35,1175
1719461528413,1.3,200
1719461528582,1.35,650
1719461529448,1.35,25
1719461529448,1.35,25
1719461530346,1.35,50
1719461530801,1.3,750
1719461531729,1.3,600
1719461531729,1.3,600
1719461532562,1.3,1400
1719461532562,1.3,1400
1719461532562,1.3,1400
1719461533804,1.3,200
1719461534517,1.35,25
1719461534517,1.35,25
1719461535862,1.35,25
1719461536654,1.3,1300
1719461536654,1.3,1300
1719461537527,1.35,25
1719461537932,1.3,50
1719461538208,1.3,25
1719461538396,1.3,325
1719461539341,1.35,325
1719461540286,1.35,25
1719461541109,1.35,100
1719461541109,1.35,100
1719461542321,1.35,100
1719461542627,1.35,150
1719461543326,1.35,125
1719461543962,1.35,450
1719461544412,1.35,100
1719461544812,1.35,200
1719461545340,1.35,25
1719461545512,1.35,150
1719461546206,1.4,50
1719461546206,1.4,50
1719461547212,1.4,50
1719461547690,1.4,550
1719461548407,1.4,50
1719461548749,1.35,50
1719461549411,1.4,50
1719461549411,1.4,50
1719461549411,1.4,50
1719461549411,1.4,50
1719461549411,1.4,50
1719461552758,1.4,75
1719461552758,1.4,75
1719461553441,1.35,625
1719461554199,1.4,175
1719461554240,1.4,1400
1719461554439,1.4,125
1719461555407,1.4,100
1719461556432,1.4,25
1719461557567,1.35,50
1719461558569,1.35,50
1719461558747,1.35,50
1719461559514,1.35,50
1719461559968,1.35,50
1719461560518,1.35,50
1719461560764,1.35,50
1719461561571,1.35,50
1719461561990,1.35,50
1719461562517,1.35,50
1719461562974,1.4,75
1719461563135,1.4,900
1719461564077,1.4,300
1719461564077,1.4,300
1719461564077,1.4,300
1719461565503,1.4,300
1719461566252,1.4,50
1719461566252,1.4,50
1719461567103,1.35,125
1719461567103,1.35,125
1719461568575,1.4,25
1719461568797,1.4,25
1719461569548,1.4,25
1719461569726,1.4,25
1719461570385,1.35,50
1719461570385,1.35,50
1719461571095,1.4,75
1719461571596,1.4,100
1719461572438,1.4,75
1719461572576,1.4,75
1719461573277,1.35,50
1719461573809,1.35,50
1719461574193,1.4,500
1719461574193,1.4,500
1719461575490,1.4,75
1719461575766,1.4,50
1719461576252,1.4,75
1719461576824,1.35,50
1719461577591,1.35,350
1719461578184,1.35,50
1719461578323,1.35,50
1719461578584,1.35,50
1719461579411,1.35,50
1719461579554,1.35,50
1719461580038,1.4,75
1719461580605,1.35,50
1719461581613,1.35,50
1719461582553,1.35,25
1719461582785,1.35,50
1719461583562,1.35,50
1719461583997,1.35,50
1719461584574,1.35,50
1719461585177,1.35,50
1719461585413,1.35,50
1719461585471,1.35,50
1719461586531,1.35,50
1719461587544,1.4,50
1719461587746,1.4,225
1719461588637,1.4,75
1719461589027,1.4,275
1719461589532,1.4,25
1719461589532,1.4,25
1719461589532,1.4,25
1719461589532,1.4,25
1719461591446,1.45,50
1719461591908,1.45,300
1719461592546,1.4,25
1719461593097,1.4,100
1719461593097,1.4,100
1719461594139,1.4,50
1719461594139,1.4,50
1719461595508,1.4,550
1719461595969,1.4,250
1719461596535,1.4,225
1719461596857,1.4,25
1719461597378,1.35,50
1719461597378,1.35,50
1719461598221,1.4,25
1719461598221,1.4,25
1719461599290,1.35,800
1719461599852,1.4,50
1719461600394,1.4,525
1719461600394,1.4,525
1719461601575,1.35,50
1719461601856,1.35,100
1719461602325,1.35,50
1719461602931,1.4,125
1719461603592,1.4,125
1719461603592,1.4,125
1719461604484,1.4,550
1719461604484,1.4,550
1719461605470,1.4,175
1719461606061,1.4,25
1719461606575,1.35,50
1719461606925,1.35,275
1719461607386,1.35,50
1719461607386,1.35,50
1719461608599,1.4,50
1719461609547,1.35,25
1719461609671,1.4,100
1719461610491,1.4,100
1719461610853,1.35,1675
1719461611266,1.4,150
1719461611266,1.4,150
1719461612392,1.4,800
1719461612392,1.4,800
1719461612974,1.4,50
1719461613624,1.4,150
1719461614126,1.4,100
1719461615047,1.4,950
1719461615047,1.4,950
1719461616601,1.4,325
1719461617113,1.4,200
1719461617113,1.4,200
1719461618525,1.4,100
1719461618525,1.4,100
1719461619359,1.4,25
1719461619359,1.4,25
1719461619359,1.4,25
1719461620738,1.4,200
1719461621526,1.35,50
1719461621526,1.35,50
1719461622242,1.4,25
1719461622827,1.4,25
1719461623441,1.4,875
1719461624076,1.35,150
1719461624462,1.35,50
1719461624614,1.4,200
1719461625776,1.35,50
1719461625843,1.35,50
1719461626578,1.35,50
1719461626845,1.35,50
1719461627590,1.35,50
1719461627853,1.35,50
1719461628589,1.35,50
1719461628911,1.35,50
1719461629542,1.35,25
1719461630090,1.35,50
1719461630601,1.35,50
1719461631614,1.35,50
1719461631655,1.35,50
1719461632615,1.4,175
1719461632864,1.3,25
1719461633377,1.35,25
1719461633811,1.35,150
1719461633811,1.35,150
1719461634909,1.3,50
1719461635280,1.35,25
1719461635703,1.4,200
1719461636249,1.35,50
1719461636249,1.35,50
1719461637218,1.3,325
1719461638085,1.3,150
1719461638573,1.35,25
1719461638573,1.35,25
1719461639589,1.35,25
1719461640070,1.35,75
1719461640549,1.35,25
1719461640549,1.35,25
1719461641676,1.3,250
1719461642183,1.35,900
1719461642183,1.35,900
1719461643184,1.35,75
1719461643925,1.35,125
1719461644446,1.3,225
1719461644746,1.35,25
1719461645594,1.35,25
1719461646041,1.3,600
1719461646564,1.35,600
1719461647106,1.35,75
1719461647293,1.35,50
1719461647293,1.35,50
1719461648271,1.3,100
1719461649620,1.35,350
1719461649620,1.35,350
1719461650554,1.35,875
1719461650554,1.35,875
1719461651191,1.3,50
1719461651191,1.3,50
1719461652323,1.35,300
1719461652323,1.35,300
1719461653485,1.35,25
1719461654000,1.35,75
1719461654472,1.35,875
1719461654802,1.35,100
1719461655465,1.3,25
1719461655887,1.3,100
1719461656163,1.35,750
1719461657046,1.35,675
1719461657428,1.35,600
1719461657873,1.35,25
1719461658266,1.35,225
1719461658266,1.35,225
1719461659801,1.35,900
1719461660547,1.35,25
1719461660547,1.35,25
1719461661323,1.4,100
1719461661323,1.4,100
1719461663139,1.35,125
1719461663172,1.35,25
1719461663855,1.35,25
1719461664089,1.35,625
1719461664617,1.4,75
1719461665337,1.35,25
1719461665558,1.4,75
1719461665608,1.4,75
1719461666612,1.4,75
1719461667465,1.4,75
1719461667741,1.4,75
1719461668637,1.35,225
1719461668932,1.4,75
1719461669447,1.4,75
1719461670065,1.4,150
1719461670596,1.4,75
1719461670686,1.4,75
1719461671508,1.4,50
1719461671986,1.4,50
1719461672572,1.35,25
1719461672880,1.4,75
1719461673570,1.35,350
1719461674315,1.4,25
1719461674665,1.4,450
1719461674665,1.4,450
1719461676085,1.35,850
1719461676606,1.35,25
1719461677240,1.3,125
1719461677240,1.3,125
1719461678501,1.4,25
1719461678753,1.35,1000
1719461679544,1.4,25
1719461679964,1.35,50
1719461680569,1.4,150
1719461680969,1.35,25
1719461681604,1.35,25
1719461681905,1.35,150
1719461682299,1.35,50
1719461682299,1.35,50
1719461683790,1.35,50
1719461683790,1.35,50
1719461684583,1.3,50
1719461684583,1.3,50
1719461685188,1.3,125
1719461685975,1.3,175
1719461686669,1.3,150
1719461686669,1.3,150
1719461686669,1.3,150
1719461686669,1.3,150
1719461688042,1.3,525
1719461688795,1.35,300
1719461689600,1.35,75
1719461689781,1.35,50
1719461690676,1.35,125
1719461690676,1.35,125
1719461691553,1.35,25
1719461692116,1.35,25
1719461692386,1.35,75
1719461693263,1.3,25
1719461693263,1.3,25
1719461693263,1.3,25
1719461694587,1.3,25
1719461694587,1.3,25
1719461695224,1.35,50
1719461695224,1.35,50
1719461695224,1.35,50
1719461697126,1.35,150
1719461697486,1.35,200
1719461698064,1.35,200
1719461698064,1.35,200
1719461699205,1.35,25
1719461699511,1.3,375
1719461700000,1.35,75
1719461700000,1.35,75
1719461700587,1.35,25
1719461700587,1.35,25
1719461701670,1.35,700
1719461701778,1.35,25
1719461702768,1.3,100
1719461702953,1.35,25
1719461703410,1.3,500
1719461703410,1.3,500
1719461704303,1.35,200
1719461705100,1.35,750
1719461705570,1.35,25
1719461706199,1.3,50
1719461706199,1.3,50
1719461707204,1.35,200
1719461707377,1.3,1100
1719461708159,1.35,75
1719461708643,1.35,225
1719461709164,1.35,25
1719461709481,1.35,50
1719461710188,1.3,75
1719461710670,1.35,25
1719461711425,1.35,475
1719461711618,1.35,25
1719461711828,1.35,25
1719461712624,1.35,25
1719461712845,1.35,75
1719461713668,1.4,25
1719461714025,1.4,25
1719461714658,1.4,25
1719461715030,1.35,50
1719461715668,1.35,50
1719461716232,1.4,25
1719461716657,1.4,25
1719461717040,1.4,25
1719461717657,1.35,50
1719461717999,1.35,25
1719461718667,1.35,50
1719461719046,1.4,25
1719461719653,1.35,25
1719461720205,1.35,25
1719461720674,1.3,50
1719461721225,1.3,50
1719461721640,1.35,25
1719461722405,1.3,50
1719461722684,1.3,50
1719461723641,1.3,50
1719461723839,1.35,25
1719461724658,1.35,25
1719461724863,1.35,25
1719461725651,1.3,50
1719461725842,1.3,50
1719461726661,1.3,50
1719461727049,1.35,25
1719461728042,1.35,75
1719461728671,1.3,50
1719461729018,1.35,25
1719461729681,1.35,25
1719461730217,1.3,50
1719461730679,1.3,50
1719461731248,1.35,25
1719461731668,1.35,25
1719461732253,1.3,75
1719461732655,1.3,25
1719461733468,1.3,25
1719461733651,1.3,25
1719461733872,1.3,25
1719461734886,1.3,25
1719461735052,1.25,50
1719461735678,1.3,25
1719461736067,1.3,100
1719461736674,1.3,25
1719461737069,1.25,50
1719461737669,1.25,50
1719461738262,1.25,50
1719461738873,1.25,50
1719461739262,1.25,50
1719461739663,1.25,75
1719461740657,1.3,25
1719461741659,1.25,50
1719461741848,1.25,50
1719461742630,1.25,50
1719461742852,1.25,50
1719461743660,1.25,50
1719461744045,1.25,50
1719461744693,1.3,25
1719461745055,1.3,25
1719461745893,1.3,25
1719461746076,1.25,50
1719461746681,1.3,25
1719461747282,1.3,25
1719461747673,1.3,25
1719461748285,1.25,25
1719461748891,1.25,25
1719461749479,1.25,25
1719461749707,1.25,25
1719461750673,1.25,25
1719461751681,1.25,25
1719461751862,1.25,25
1719461752696,1.25,150
1719461753079,1.25,25
1719461753690,1.25,25
1719461754098,1.25,25
1719461754881,1.2,50
1719461755080,1.25,25
1719461755707,1.25,25
1719461756274,1.25,25
1719461756686,1.25,25
1719461757661,1.2,25
1719461758635,1.25,25
1719461758825,1.25,25
1719461759887,1.25,25
1719461760067,1.25,225
1719461760665,1.25,25
1719461761285,1.25,25
1719461761645,1.25,25
1719461762276,1.25,25
1719461762875,1.25,25
1719461763094,1.25,25
1719461768687,1.25,25
1719461768897,1.25,25
1719461769647,1.25,25
1719461770065,1.25,25
1719461770659,1.25,850
1719461771079,1.2,1000
1719461771879,1.25,25
1719461772069,1.25,25
1719461772687,1.25,25
1719461773317,1.25,25
1719461773687,1.25,300
1719461774286,1.25,100
1719461774872,1.25,25
1719461775483,1.25,25
1719461775710,1.25,25
1719461776453,1.25,25
1719461776693,1.25,25
1719461777694,1.25,25
1719461777879,1.25,25
1719461778665,1.25,25
1719461778858,1.25,25
1719461793351,1.25,25
1719461793716,1.25,25
1719461794527,1.25,25
1719461794753,1.25,25
1719461795694,1.25,25
1719461795945,1.25,25
1719461796717,1.25,25
1719461796939,1.25,25
1719461797631,1.25,25
1719461798141,1.25,25
1719461798922,1.25,25
1719461799351,1.25,25
1719461799728,1.2,25
1719461800353,1.25,25
1719461800717,1.25,25
1719461801512,1.25,25
1719461801737,1.25,25
1719461802726,1.25,25
1719461803085,1.25,25
1719461803726,1.25,25
1719461804309,1.25,25
1719461804683,1.25,25
1719461805719,1.25,50
1719461805957,1.25,50
1719461806872,1.25,25
1719461807120,1.25,25
1719461807704,1.25,25
1719461808157,1.25,25
1719461808701,1.25,25
1719461809127,1.25,25
1719461809667,1.25,25
1719461810130,1.25,25
1719461810700,1.25,25
1719461811359,1.25,25
1719461811698,1.25,25
1719461812328,1.25,25
1719461817720,1.25,25
1719461818372,1.25,25
1719461818930,1.25,25
1719461819570,1.25,25
1719461819763,1.2,25
1719461820787,1.25,25
1719461821726,1.25,25
1719461821957,1.25,25
1719461822736,1.25,25
1719461823170,1.25,25
1719461823739,1.2,850
1719461824153,1.25,25
1719461824745,1.25,25
1719461824979,1.25,25
1719461825685,1.25,50
1719461826171,1.25,25
1719461826730,1.25,50
1719461827386,1.2,50
1719461827752,1.25,25
1719461828602,1.25,25
1719461828786,1.25,25
1719461829766,1.25,25
1719461830747,1.25,25
1719461830984,1.25,200
1719461831738,1.25,50
1719461832167,1.25,25
1719461832711,1.25,25
1719461833199,1.25,25
1719461833736,1.25,25
1719461834210,1.25,25
1719461834735,1.25,25
1719461835205,1.25,25
1719461835944,1.25,25
1719461836189,1.25,25
1719461836772,1.25,25
1719461837403,1.25,25
1719461837714,1.25,25
1719461838414,1.25,50
1719461838612,1.25,25
1719461839367,1.25,50
1719461839743,1.25,25
1719461840022,1.25,50
1719461840731,1.25,25
1719461840968,1.25,25
1719461841599,1.2,1100
1719461842066,1.2,800
1719461860246,1.25,75
1719461861700,1.25,25
1719461862059,1.25,25
1719461862401,1.25,50
1719461862900,1.25,25
1719461863749,1.25,25
1719461864001,1.25,25
1719461864611,1.2,50
1719461865421,1.2,25
1719461865819,1.2,125
1719461872266,1.2,925
1719461873001,1.25,25
1719461873776,1.2,1200
1719461873776,1.2,1200
1719461874100,1.25,25
1719461874100,1.25,25
1719461875825,1.2,850
1719461876020,1.2,25
1719461876526,1.2,875
1719461877427,1.25,100
1719461877763,1.25,25
1719461878446,1.2,150
1719461878777,1.25,25
1719461879460,1.25,25
1719461879910,1.2,1000
1719461880651,1.2,25
1719461881071,1.25,350
1719461881735,1.25,125
1719461882200,1.25,25
1719461882200,1.25,25
1719461882200,1.25,25
1719461883759,1.2,150
1719461884473,1.25,125
1719461884742,1.25,125
1719461885467,1.2,925
1719461885743,1.25,125
1719461886285,1.25,200
1719461886900,1.25,25
1719461887062,1.2,175
1719461887565,1.25,25
1719461888001,1.25,25
1719461888689,1.25,75
1719461889287,1.25,50
1719461889754,1.2,150
1719461890440,1.25,125
1719461890891,1.25,25
1719461891352,1.25,25
1719461891352,1.25,25
1719461892772,1.25,650
1719461893029,1.2,275
1719461893700,1.25,25
1719461893820,1.25,25
1719461894800,1.25,25
1719461894800,1.25,25
1719461895715,1.2,25
1719461896043,1.25,125
1719461896043,1.25,125
1719461897132,1.2,50
1719461897657,1.25,50
1719461898270,1.25,75
1719461898742,1.25,50
1719461899269,1.2,50
1719461899786,1.25,300
1719461900019,1.2,1425
1719461900700,1.25,50
1719461901429,1.2,1425
1719461901700,1.25,25
1719461901700,1.25,25
1719461902917,1.25,1150
1719461903900,1.25,25
1719461904126,1.25,200
1719461904740,1.25,275
1719461905035,1.25,500
1719461905035,1.25,500
1719461906200,1.25,25
1719461906702,1.25,125
1719461907300,1.25,25
1719461907663,1.25,50
1719461907663,1.25,50
1719461908500,1.25,25
1719461908500,1.25,25
1719461909700,1.25,25
1719461910318,1.25,100
1719461910640,1.2,50
1719461911338,1.25,25
1719461911704,1.25,25
1719461912550,1.25,1050
1719461912550,1.25,1050
1719461913712,1.25,475
1719461914007,1.25,125
1719461914744,1.25,25
1719461915048,1.25,25
1719461915764,1.25,25
1719461916113,1.25,25
1719461916770,1.25,25
1719461917100,1.25,50
1719461917900,1.3,25
1719461917900,1.3,25
1719461918582,1.3,100
1719461919326,1.25,25
1719461919710,1.3,100
1719461920200,1.3,25
1719461920200,1.3,25
1719461921516,1.25,425
1719461921633,1.3,25
1719461922500,1.3,25
1719461922750,1.3,25
1719461922913,1.3,700
1719461923700,1.3,25
1719461923700,1.3,25
1719461924800,1.3,25
1719461925287,1.3,25
1719461925679,1.25,1550
1719461926158,1.3,25
1719461926699,1.3,125
1719461927463,1.25,50
1719461927695,1.3,150
1719461928300,1.3,25
1719461928300,1.3,25
1719461929400,1.3,25
1719461930150,1.3,25
1719461930600,1.3,25
1719461930600,1.3,25
1719461931700,1.3,25
1719461931947,1.25,50
1719461932800,1.3,25
1719461933198,1.25,200
1719461933448,1.3,300
1719461933901,1.3,800
1719461934534,1.3,25
1719461935100,1.3,25
1719461935636,1.25,25
1719461936300,1.3,25
1719461936300,1.3,25
1719461937540,1.3,300
1719461938060,1.25,500
1719461938600,1.3,25
1719461939098,1.25,150
1719461939800,1.3,25
1719461940099,1.3,50
1719461940099,1.3,50
1719461941544,1.25,25
1719461941544,1.25,25
1719461942370,1.3,25
1719461942370,1.3,25
1719461943300,1.3,25
1719461943509,1.25,50
1719461944545,1.3,125
1719461944600,1.3,25
1719461944950,1.25,50
1719461945700,1.3,25
1719461946800,1.3,25
1719461947156,1.25,300
1719461947800,1.3,25
1719461948001,1.3,25
1719461948766,1.3,1200
1719461948900,1.3,25
1719461949657,1.25,50
1719461950100,1.3,25
1719461950743,1.3,25
1719461951334,1.3,25
1719461951789,1.3,25
1719461952378,1.3,25
1719461952818,1.3,25
1719461953318,1.3,25
1719461953811,1.3,25
1719461954585,1.25,25
1719461954800,1.25,25
1719461954978,1.25,25
1719461955815,1.25,25
1719461956392,1.25,25
1719461956783,1.25,25
1719461957439,1.25,25
1719461957814,1.25,25
1719461958189,1.25,25
1719461959011,1.25,25
1719461959376,1.25,25
1719461959726,1.25,25
1719461960570,1.2,25
1719461960786,1.25,25
1719461961584,1.2,50
1719461961810,1.2,350
1719461962530,1.25,25
1719461962924,1.25,25
1719461963526,1.25,25
1719461963720,1.25,25
1719461964610,1.25,25
1719461964781,1.2,25
1719461965481,1.25,25
1719461965810,1.25,25
1719461966533,1.25,25
1719461966823,1.25,25
1719461967195,1.25,25
1719461968001,1.25,25
1719461968207,1.25,25
1719461968830,1.25,25
1719461969349,1.25,25
1719461969783,1.25,25
1719461970400,1.25,25
1719461970829,1.25,100
1719461971155,1.25,25
1719461971806,1.25,25
1719461972372,1.25,25
1719461972822,1.25,25
1719461973392,1.25,25
1719461973836,1.25,25
1719461974374,1.25,25
1719461974829,1.25,25
1719461975834,1.25,25
1719461976400,1.25,25
1719461976789,1.25,25
1719461977537,1.25,25
1719461977776,1.25,25
1719461978812,1.25,25
1719461979412,1.2,25
1719461979789,1.25,25
1719461980316,1.25,25
1719461980766,1.25,25
1719461981224,1.25,25
1719461981800,1.25,25
1719461982209,1.25,25
1719461982759,1.25,25
1719461983422,1.2,25
1719461983790,1.2,25
1719461984626,1.2,25
1719461984791,1.2,25
1719461985823,1.2,25
1719461986015,1.2,25
1719461986827,1.2,25
1719461987188,1.2,25
1719461987834,1.2,25
1719461988236,1.2,375
1719461988787,1.2,25
1719461989230,1.2,25
1719461989820,1.2,25
1719461990422,1.15,1525
1719461990804,1.2,25
1719461991414,1.2,25
1719461991789,1.2,25
1719461992400,1.2,25
1719461992829,1.2,225
1719461993379,1.2,25
1719461993825,1.2,25
1719461994549,1.2,25
1719461994796,1.2,25
1719461995023,1.2,25
1719461995807,1.2,25
1719461996200,1.2,25
1719461996799,1.2,25
1719461997405,1.2,25
1719461997792,1.2,25
1719461998391,1.2,25
1719461998813,1.2,25
1719461999420,1.2,900
1719461999842,1.2,25
1719462000389,1.2,25
1719462000843,1.2,125
1719462001628,1.2,25
1719462001987,1.2,25
1719462002239,1.2,25
1719462002826,1.2,25
1719462003152,1.2,25
1719462003845,1.2,25
1719462004404,1.2,25
1719462004841,1.2,175
1719462005456,1.2,25
1719462006048,1.2,25
1719462006593,1.2,25
1719462006819,1.2,25
1719462007844,1.2,25
1719462008848,1.15,75
1719462009028,1.15,75
1719462009844,1.2,25
1719462010456,1.15,850
1719462010836,1.15,1625
1719462011395,1.15,25
1719462011847,1.15,25
1719462012452,1.15,25
1719462012832,1.15,25
1719462013418,1.15,25
1719462013978,1.15,25
1719462014383,1.15,25
1719462014831,1.15,25
1719462015637,1.15,25
1719462015809,1.15,25
1719462016468,1.15,25
1719462016811,1.15,25
1719462017465,1.15,25
1719462017803,1.15,25
1719462018819,1.15,25
1719462018983,1.15,25
1719462019686,1.1,200
1719462019837,1.15,25
1719462020804,1.15,25
1719462021068,1.15,25
1719462022015,1.15,25
1719462022861,1.15,25
1719462023262,1.15,25
1719462023848,1.15,25
1719462024429,1.15,25
1719462024849,1.15,25
1719462025439,1.15,25
1719462025869,1.15,25
1719462026656,1.15,25
1719462026808,1.15,25
1719462027259,1.15,25
1719462027743,1.15,25
1719462028463,1.15,25
1719462028822,1.15,25
1719462029472,1.15,100
1719462029825,1.15,25
1719462030065,1.15,25
1719462030490,1.15,25
1719462030860,1.15,25
1719462031671,1.15,25
1719462031805,1.15,25
1719462032879,1.15,25
1719462033017,1.15,25
1719462033861,1.15,25
1719462034242,1.15,25
1719462034831,1.15,25
1719462035261,1.15,25
1719462035864,1.15,25
1719462036473,1.15,25
1719462036754,1.15,25
1719462037415,1.15,25
1719462037816,1.15,25
1719462038491,1.15,25
1719462038827,1.15,25
1719462039673,1.15,25
1719462039874,1.15,25
1719462040269,1.15,25
1719462040818,1.15,25
1719462041289,1.15,25
1719462041831,1.15,25
1719462042274,1.15,25
1719462042870,1.15,25
1719462043396,1.15,25
1719462044073,1.15,25
1719462044484,1.15,25
1719462044846,1.15,25
1719462045688,1.15,25
1719462045788,1.15,25
1719462046113,1.15,25
1719462046855,1.15,25
1719462047058,1.15,25
1719462047753,1.15,25
1719462048289,1.15,25
1719462048878,1.15,25
1719462049500,1.15,25
1719462049850,1.15,25
1719462050677,1.15,25
1719462050677,1.15,25
1719462051925,1.15,25
1719462052057,1.15,25
1719462052849,1.15,25
1719462053255,1.15,25
1719462053818,1.15,25
1719462054500,1.15,25
1719462054876,1.15,25
1719462055476,1.15,25
1719462055871,1.15,25
1719462056481,1.15,25
1719462056801,1.15,25
1719462057643,1.15,25
1719462057857,1.15,25
1719462058854,1.15,25
1719462058917,1.15,25
1719462059317,1.15,25
1719462059849,1.15,25
1719462060445,1.15,25
1719462060893,1.15,150
1719462061290,1.15,25
1719462061868,1.15,25
1719462062665,1.15,100
1719462062845,1.15,25
1719462063727,1.15,25
1719462063882,1.15,25
1719462064700,1.15,25
1719462065068,1.15,25
1719462065740,1.15,25
1719462065841,1.15,25
1719462066727,1.15,25
1719462066836,1.15,25
1719462067333,1.15,25
1719462067857,1.15,25
1719462068531,1.15,25
1719462068870,1.15,25
1719462069525,1.15,25
1719462069894,1.15,25
1719462070664,1.15,25
1719462070865,1.15,25
1719462071514,1.15,25
1719462071852,1.15,25
1719462072739,1.15,25
1719462072880,1.15,25
1719462073133,1.15,25
1719462073887,1.15,25
1719462074336,1.15,25
1719462074859,1.15,25
1719462075336,1.15,50
1719462075903,1.15,25
1719462076541,1.15,25
1719462076890,1.15,25
1719462077535,1.15,25
1719462077858,1.15,25
1719462078550,1.15,25
1719462078900,1.15,25
1719462079552,1.15,50
1719462079881,1.15,25
1719462080741,1.15,25
1719462080892,1.15,25
1719462081118,1.15,25
1719462081874,1.15,25
1719462082340,1.15,25
1719462083108,1.15,25
1719462083344,1.15,25
1719462083900,1.15,25
1719462084525,1.15,375
1719462084856,1.15,25
1719462085566,1.15,25
1719462086514,1.1,75
1719462086856,1.15,25
1719462087733,1.15,25
1719462087879,1.1,350
1719462088835,1.15,25
1719462089755,1.15,25
1719462089881,1.15,50
1719462090622,1.1,25
1719462090899,1.15,25
1719462091374,1.15,25
1719462091866,1.15,25
1719462092360,1.15,25
1719462092781,1.15,25
1719462093554,1.15,25
1719462093873,1.15,25
1719462094545,1.15,25
1719462094894,1.15,75
1719462095537,1.15,25
1719462095890,1.15,25
1719462096554,1.15,25
1719462096910,1.15,25
1719462097738,1.15,1700
1719462097925,1.15,25
1719462098363,1.15,25
1719462098744,1.15,25
1719462099347,1.15,25
1719462099857,1.15,25
1719462100288,1.15,25
1719462100865,1.15,25
1719462101684,1.15,25
1719462101684,1.15,25
1719462102574,1.15,1700
1719462102867,1.15,25
1719462103007,1.15,1725
1719462103774,1.1,500
1719462103774,1.1,500
1719462104504,1.15,225
1719462104504,1.15,225
1719462105505,1.15,225
1719462106294,1.15,25
1719462106810,1.1,50
1719462107484,1.1,50
1719462107595,1.1,50
1719462108523,1.1,25
1719462108523,1.1,25
1719462109400,1.1,25
1719462109721,1.15,25
1719462110526,1.15,1225
1719462110800,1.1,375
1719462111477,1.1,25
1719462111751,1.1,100
1719462112496,1.1,75
1719462112706,1.1,25
1719462113684,1.1,50
1719462114523,1.1,25
1719462114523,1.1,25
1719462115778,1.1,375
1719462115778,1.1,375
1719462115778,1.1,375
1719462116885,1.1,1000
1719462117540,1.1,350
1719462117904,1.1,350
1719462118562,1.1,350
1719462118562,1.1,350
1719462119800,1.1,350
1719462120306,1.1,225
1719462120306,1.1,225
1719462121343,1.1,650
1719462121920,1.15,350
1719462122899,1.1,850
1719462122899,1.1,850
1719462124100,1.1,850
1719462124359,1.15,1625
1719462124918,1.1,125
1719462125311,1.1,300
1719462125881,1.15,1500
1719462126425,1.15,1025
1719462126425,1.15,1025
1719462127396,1.15,25
1719462127396,1.15,25
1719462128828,1.15,375
1719462128951,1.1,300
1719462129437,1.15,975
1719462130408,1.1,1625
1719462130732,1.15,1000
1719462130732,1.15,1000
1719462131852,1.1,1225
1719462132074,1.1,825
1719462132074,1.1,825
1719462134007,1.1,825
1719462134227,1.1,425
1719462134903,1.15,300
1719462135170,1.15,350
1719462135530,1.15,350
1719462136398,1.1,75
1719462136398,1.1,75
1719462137324,1.15,25
1719462137751,1.1,900
1719462137751,1.1,900
1719462138872,1.15,450
1719462139448,1.1,575
1719462139905,1.15,25
1719462140863,1.1,225
1719462141753,1.15,375
1719462142088,1.1,75
1719462142782,1.15,50
1719462142782,1.15,50
1719462143770,1.15,350
1719462144020,1.15,75
1719462144230,1.15,325
1719462144860,1.15,350
1719462145406,1.15,25
1719462145908,1.15,150
1719462146040,1.15,175
1719462146634,1.15,75
1719462147332,1.1,350
1719462147910,1.15,350
1719462148808,1.15,25
1719462148914,1.15,25
1719462149530,1.15,25
1719462149911,1.15,25
1719462150579,1.15,25
1719462150902,1.1,500
1719462151708,1.15,25
1719462151920,1.15,25
1719462152446,1.15,25
1719462152910,1.15,25
1719462153441,1.15,500
1719462153810,1.15,25
1719462154573,1.15,25
1719462154895,1.15,25
1719462155639,1.15,25
1719462155936,1.15,25
1719462156861,1.1,500
1719462156918,1.15,25
1719462157821,1.15,25
1719462157910,1.15,25
1719462158259,1.15,25
1719462158912,1.15,25
1719462159371,1.15,25
1719462159941,1.15,100
1719462160235,1.15,50
1719462160900,1.15,25
1719462161423,1.15,25
1719462161919,1.2,25
1719462162662,1.2,25
1719462162912,1.2,25
1719462163813,1.2,25
1719462163931,1.2,25
1719462164245,1.2,25
1719462164956,1.2,25
1719462165237,1.2,25
1719462165930,1.2,25
1719462166468,1.2,25
1719462166943,1.2,25
1719462167594,1.2,25
1719462167945,1.2,25
1719462168659,1.2,25
1719462168764,1.2,25
1719462169887,1.2,25
1719462170148,1.2,25
1719462170934,1.2,25
1719462171918,1.2,25
1719462172890,1.2,25
1719462172940,1.2,25
1719462173924,1.2,25
1719462174700,1.2,25
1719462174953,1.2,25
1719462175886,1.2,25
1719462175948,1.2,25
1719462176893,1.2,25
1719462176959,1.2,25
1719462177488,1.2,25
1719462177947,1.2,25
1719462178683,1.2,25
1719462178947,1.2,25
1719462179501,1.2,25
1719462179948,1.2,25
1719462180073,1.2,25
1719462180698,1.2,25
1719462180950,1.2,25
1719462181677,1.2,25
1719462181966,1.2,25
1719462182692,1.2,25
1719462182964,1.2,25
1719462183954,1.2,25
1719462184700,1.2,25
1719462184952,1.2,25
1719462185678,1.2,25
1719462185912,1.2,25
1719462186708,1.2,25
1719462186946,1.2,25
1719462187699,1.2,25
1719462187931,1.2,25
1719462188694,1.2,25
1719462188954,1.2,25
1719462189968,1.2,25
1719462190949,1.2,25
1719462191649,1.2,25
1719462191947,1.2,25
1719462192959,1.2,25
1719462193715,1.2,25
1719462193955,1.2,25
1719462194903,1.2,25
1719462194965,1.2,25
1719462195317,1.2,25
1719462195951,1.2,25
1719462196512,1.2,25
1719462196952,1.2,25
1719462197727,1.2,25
1719462197956,1.2,25
1719462198689,1.2,25
1719462198979,1.2,25
1719462199717,1.2,25
1719462199879,1.2,25
1719462200929,1.2,25
1719462200949,1.2,25
1719462201313,1.2,25
1719462201952,1.2,25
1719462202304,1.2,25
1719462202913,1.2,25
1719462203533,1.2,25
1719462203964,1.2,25
1719462204737,1.2,25
1719462204972,1.2,25
1719462205642,1.2,25
1719462205967,1.2,25
1719462206729,1.2,25
1719462206962,1.2,25
1719462207981,1.2,25
1719462208721,1.2,25
1719462208974,1.2,25
1719462209753,1.2,25
1719462209972,1.2,25
1719462210732,1.2,25
1719462210895,1.2,25
1719462211730,1.2,25
1719462211961,1.2,25
1719462212712,1.2,25
1719462212974,1.2,25
1719462213963,1.2,25
1719462214945,1.2,25
1719462215754,1.2,25
1719462215959,1.2,25
1719462216944,1.2,25
1719462217360,1.2,25
1719462217969,1.2,25
1719462218493,1.2,25
1719462218983,1.2,25
1719462219733,1.2,25
1719462219922,1.2,25
1719462220936,1.2,25
1719462221964,1.2,25
1719462222855,1.2,250
1719462223997,1.2,25
1719462224546,1.2,25
1719462224908,1.2,25
1719462225714,1.2,25
1719462225955,1.2,25
1719462226991,1.2,25
1719462227690,1.2,25
1719462227988,1.2,25
1719462228744,1.2,25
1719462229004,1.2,25
1719462229970,1.2,25
1719462230359,1.15,550
1719462230974,1.2,25
1719462231776,1.15,125
1719462231972,1.2,25
1719462232775,1.2,25
1719462232955,1.2,25
1719462233762,1.2,25
1719462234165,1.2,25
1719462234732,1.2,25
1719462234911,1.2,25
1719462235461,1.15,25
1719462235969,1.2,25
1719462236975,1.2,25
1719462237322,1.2,25
1719462237913,1.2,25
1719462238513,1.2,25
1719462238970,1.2,25
1719462239771,1.2,25
1719462239964,1.2,25
1719462240748,1.2,25
1719462240960,1.2,25
1719462241658,1.2,25
1719462241978,1.2,25
1719462242797,1.2,500
1719462243470,1.15,100
1719462243470,1.15,100
1719462244673,1.15,100
1719462244673,1.15,100
1719462245488,1.1,225
1719462245488,1.1,225
1719462245488,1.1,225
1719462247315,1.15,125
1719462247499,1.15,25
1719462247499,1.15,25
1719462247499,1.15,25
1719462247499,1.15,25
1719462250045,1.15,25
1719462250824,1.15,375
1719462250824,1.15,375
1719462252030,1.15,350
1719462252030,1.15,350
1719462252030,1.15,350
1719462253980,1.15,1025
1719462253980,1.15,1025
1719462255265,1.1,25
1719462255897,1.15,50
1719462255897,1.15,50
1719462255897,1.15,50
1719462255897,1.15,50
1719462257987,1.1,250
1719462258671,1.15,450
1719462258671,1.15,450
1719462259681,1.15,450
1719462259681,1.15,450
1719462259681,1.15,450
1719462261027,1.15,450
1719462261752,1.1,250
1719462262423,1.15,1650
1719462263927,1.1,25
1719462264334,1.15,50
1719462265015,1.15,50
1719462265454,1.1,475
1719462266339,1.1,25
1719462266866,1.15,50
1719462267600,1.1,25
1719462267805,1.1,25
1719462268810,1.15,25
1719462269005,1.15,25
1719462269803,1.15,25
1719462270031,1.1,25
1719462270837,1.1,25
1719462271010,1.15,75
1719462272039,1.1,25
1719462272395,1.15,50
1719462272395,1.15,50
1719462272395,1.15,50
1719462274101,1.15,75
1719462274375,1.1,150
1719462274375,1.1,150
1719462274375,1.1,150
1719462275922,1.15,325
1719462276269,1.15,25
1719462276269,1.15,25
1719462277494,1.1,350
1719462279020,1.1,50
1719462279214,1.1,25
1719462280264,1.1,75
1719462280264,1.1,75
1719462280264,1.1,75
1719462281542,1.15,150
1719462282626,1.1,25
1719462282626,1.1,25
1719462283025,1.1,350
1719462283025,1.1,350
1719462283025,1.1,350
1719462283025,1.1,350
1719462286378,1.15,300
1719462286378,1.15,300
1719462287285,1.15,450
1719462287285,1.15,450
1719462288175,1.15,400
1719462288721,1.1,650
1719462289009,1.15,25
1719462289779,1.1,375
1719462289779,1.1,375
1719462289779,1.1,375
1719462292126,1.1,25
1719462293004,1.1,25
1719462293165,1.1,375
1719462293867,1.1,1800
1719462294679,1.1,1500
1719462294679,1.1,1500
1719462295502,1.1,275
1719462296071,1.1,25
1719462296816,1.15,25
1719462297551,1.1,250
1719462297551,1.1,250
1719462298809,1.15,1100
1719462298809,1.15,1100
1719462300062,1.15,25
1719462301072,1.1,425
1719462301810,1.1,350
1719462302135,1.15,250
1719462302135,1.15,250
1719462302787,1.1,25
1719462303378,1.15,650
1719462303378,1.15,650
1719462303378,1.15,650
1719462303378,1.15,650
1719462306040,1.15,25
1719462306048,1.15,25
1719462306048,1.15,25
1719462307306,1.15,500
1719462307306,1.15,500
1719462308897,1.1,25
1719462309359,1.1,25
1719462310307,1.15,100
1719462311043,1.1,25
1719462312111,1.1,350
1719462313099,1.1,50
1719462313245,1.1,50
1719462313837,1.1,300
1719462313837,1.1,300
1719462328042,1.1,275
1719462328230,1.15,25
1719462329036,1.15,50
1719462329036,1.15,50
1719462331114,1.15,100
1719462331192,1.1,50
1719462331628,1.1,25
1719462331628,1.1,25
1719462332243,1.1,200
1719462332243,1.1,200
1719462334133,1.1,150
1719462334985,1.1,775
1719462335113,1.1,150
1719462335890,1.15,25
1719462336226,1.1,400
1719462336226,1.1,400
1719462336675,1.15,225
1719462336675,1.15,225
1719462337843,1.1,700
1719462339249,1.1,300
1719462340044,1.1,300
1719462340343,1.1,300
1719462340541,1.1,300
1719462340844,1.1,125
1719462341470,1.1,300
1719462341996,1.15,475
1719462342724,1.1,25
1719462348100,1.1,75
1719462349706,1.1,1725
1719462351161,1.1,25
1719462351161,1.1,25
1719462351832,1.1,200
1719462351832,1.1,200
1719462353057,1.1,25
1719462353729,1.15,250
1719462353729,1.15,250
1719462354920,1.1,350
1719462354920,1.1,350
1719462355796,1.1,25
1719462355796,1.1,25
1719462355796,1.1,25
1719462357013,1.1,25
1719462357671,1.1,25
1719462357671,1.1,25
1719462358697,1.1,75
1719462358873,1.1,75
1719462360063,1.1,75
1719462361267,1.1,100
1719462361295,1.1,375
1719462361890,1.1,100
1719462361890,1.1,100
1719462363408,1.1,25
1719462363408,1.1,25
1719462363408,1.1,25
1719462364899,1.1,275
1719462366045,1.05,25
1719462366585,1.05,75
1719462366585,1.05,75
1719462367595,1.05,300
1719462369151,1.05,200
1719462369151,1.05,200
1719462369298,1.05,200
1719462369298,1.05,200
1719462370207,1.1,200
1719462370207,1.1,200
1719462371398,1.05,375
1719462371677,1.05,575
1719462371677,1.05,575
1719462372904,1.1,475
1719462405727,1.05,400
1719462405727,1.05,400
1719462407045,1.0,1000
1719462407045,1.0,1000
1719462408082,1.0,1450
1719462408082,1.0,1450
1719462409065,1.0,125
1719462409065,1.0,125
1719462409324,1.05,50
1719462409324,1.05,50
1719462411070,1.05,100
1719462411242,1.05,275
1719462412075,1.05,25
1719462412269,1.0,375
1719462412269,1.0,375
1719462413056,1.05,625
1719462413849,1.0,125
1719462414218,1.0,75
1719462414701,1.0,75
1719462414701,1.0,75
1719462415787,1.0,75
1719462416053,1.0,25
1719462417069,1.0,25
1719462418303,1.0,75
1719462419100,1.0,250
1719462419182,1.05,675
1719462419995,1.05,25
1719462419995,1.05,25
1719462420591,1.05,25
1719462421126,1.0,50
1719462421862,1.0,25
1719462421984,1.0,25
1719462422951,1.0,25
1719462422951,1.0,25
1719462424146,1.0,25
1719462424146,1.0,25
1719462424878,1.0,50
1719462425392,1.05,25
1719462425998,1.0,25
1719462426238,1.05,250
1719462427251,1.0,25
1719462427251,1.0,25
1719462428099,1.05,100
1719462429100,1.0,225
1719462430110,1.05,50
1719462431101,1.05,25
1719462431344,1.0,300
1719462431684,1.05,25
1719462432316,1.0,50
1719462432327,1.0,175
1719462433036,1.05,25
1719462434068,1.05,25
1719462435103,1.05,25
1719462436080,1.05,25
1719462437052,1.05,500
1719462437170,1.05,25
1719462438021,1.05,25
1719462439066,1.05,25
1719462440087,1.05,25
1719462440318,1.05,25
1719462441267,1.05,25
1719462442051,1.05,25
1719462443093,1.05,25
1719462443469,1.0,1325
1719462443695,1.05,25
1719462444069,1.05,25
1719462444879,1.05,25
1719462445293,1.05,25
1719462446102,1.0,25
1719462447072,1.05,25
1719462448094,1.05,25
1719462448262,1.05,25
1719462449118,1.05,25
1719462450121,1.0,25
1719462450284,1.05,25
1719462451277,1.05,25
1719462452123,1.05,125
1719462452300,1.05,125
1719462453097,1.05,25
1719462454073,1.05,25
1719462454259,1.05,25
1719462455110,1.0,250
1719462455324,1.05,25
1719462457067,1.05,25
1719462457313,1.05,25
1719462458123,1.05,25
1719462459048,1.05,25
1719462459290,1.05,25
1719462460062,1.05,25
1719462460297,1.05,25
1719462461125,1.05,325
1719462461330,1.05,25
1719462462057,1.05,25
1719462462295,1.05,25
1719462463059,1.0,25
1719462464143,1.05,25
1719462464283,1.05,25
1719462465123,1.0,625
1719462466106,1.05,25
1719462466535,1.05,25
1719462467335,1.0,1225
1719462467506,1.05,25
1719462467686,1.0,25
1719462468138,1.05,25
1719462468918,1.05,25
1719462469096,1.0,300
1719462470102,1.0,75
1719462471154,1.05,500
1719462471315,1.05,1325
1719462472121,1.05,25
1719462472529,1.0,150
1719462473189,1.05,25
1719462473376,1.0,100
1719462474285,1.05,25
1719462474702,1.05,25
1719462475291,1.0,25
1719462475946,1.05,25
1719462476134,1.05,25
1719462477159,1.05,25
1719462478333,1.05,25
1719462478504,1.0,75
1719462479122,1.05,25
1719462480138,1.0,50
1719462480343,1.05,25
1719462481318,1.05,25
1719462481538,1.0,75
1719462481739,1.05,25
1719462482138,1.0,125
1719462482956,1.0,25
1719462483050,1.05,25
1719462486145,1.05,25
1719462486345,1.0,25
1719462487266,1.05,25
1719462487535,1.05,25
1719462487730,1.05,25
1719462488133,1.05,25
1719462488942,1.0,250
1719462489144,1.05,25
1719462490120,1.0,175
1719462490347,1.0,100
1719462491129,1.0,25
1719462492079,1.0,25
1719462493165,1.0,25
1719462493235,1.0,25
1719462494145,1.0,25
1719462495314,1.0,25
1719462495595,1.0,25
1719462496125,1.0,25
1719462496575,1.0,25
1719462496966,1.0,25
1719462497349,1.0,225
1719462498166,0.95,50
1719462499138,1.0,25
1719462500402,1.0,150
1719462501125,1.0,25
1719462501290,1.0,25
1719462502290,1.0,25
1719462502579,1.0,25
1719462503069,1.0,25
1719462503382,1.0,25
1719462509366,1.0,25
1719462510167,0.95,300
1719462510304,1.0,25
1719462511410,1.0,25
1719462512140,1.0,25
1719462512396,1.0,25
1719462512995,1.0,25
1719462513108,1.0,25
1719462514179,0.95,25
1719462514312,1.0,25
1719462515175,1.0,25
1719462515175,1.0,25
1719462516185,1.0,25
1719462517413,1.0,25
1719462518608,1.0,125
1719462518787,1.0,25
1719462519057,1.0,25
1719462520002,1.0,25
1719462520359,1.0,25
1719462521152,1.0,25
1719462521152,1.0,25
1719462522142,1.0,25
1719462522426,1.0,25
1719462523154,1.0,25
1719462523395,1.0,25
1719462524338,1.0,75
1719462524591,1.0,25
1719462524986,1.0,25
1719462525153,1.0,25
1719462526144,1.0,25
1719462527088,0.95,525
1719462527193,1.0,25
1719462528208,1.05,25
1719462528379,1.05,25
1719462529187,1.05,25
1719462535225,1.05,125
1719462536238,1.0,125
1719462536387,1.05,25
1719462545131,1.05,25
1719462545440,1.05,25
1719462546361,1.0,25
1719462546614,1.05,25
1719462547142,1.05,25
1719462547851,1.05,25
1719462548167,1.1,25
1719462549162,1.1,25
1719462549265,1.1,25
1719462550128,1.1,25
1719462550444,1.1,25
1719462551454,1.1,25
1719462552149,1.1,475
1719462552244,1.1,25
1719462560389,1.15,25
1719462561173,1.1,25
1719462561465,1.15,25
1719462562157,1.15,25
1719462562398,1.15,25
1719462563187,1.15,25
1719462563462,1.15,25
1719462564136,1.15,100
1719462564617,1.15,25
1719462565054,1.15,600
1719462565380,1.15,1475
1719462566140,1.15,25
1719462566232,1.15,25
1719462567140,1.15,25
1719462567284,1.1,25
1719462568133,1.15,25
1719462569390,1.15,200
1719462575156,1.15,25
1719462575275,1.15,25
1719462576166,1.15,25
1719462576285,1.15,450
1719462577411,1.15,25
1719462603460,1.05,50
1719462604390,1.05,50
1719462604515,1.1,25
1719462605148,1.05,50
1719462605543,1.05,25
1719462606236,1.1,75
1719462606478,1.05,50
1719462607221,1.1,25
1719462607658,1.05,50
1719462608143,1.05,50
1719462608420,1.05,100
1719462608884,1.05,100
1719462609200,1.1,25
1719462610131,1.05,25
1719462610182,1.1,25
1719462611147,1.05,200
1719462611215,1.1,25
1719462612327,1.05,50
1719462612445,1.05,250
1719462613185,1.05,50
1719462613361,1.05,25
1719462614189,1.05,50
1719462615218,1.0,25
1719462615473,1.05,25
1719462616120,1.05,25
1719462616548,1.05,25
1719462617207,1.05,50
1719462617481,1.05,25
1719462618180,1.05,25
1719462618690,1.05,25
1719462619178,1.05,50
1719462619355,1.05,50
1719462620224,1.0,25
1719462620314,1.05,25
1719462621160,1.05,25
1719462621311,1.0,50
1719462622148,1.05,25
1719462622306,1.05,25
1719462623260,1.0,75
1719462624206,1.05,25
1719462624375,1.05,225
1719462625434,1.05,75
1719462625551,1.0,25
1719462625943,1.05,50
1719462626245,1.0,400
1719462627235,1.05,25
1719462628089,1.05,25
1719462658436,1.05,25
1719462659161,1.05,25
1719462659593,1.05,25
1719462660242,1.05,25
1719462660572,1.05,25
1719462661379,1.05,25
1719462661598,1.05,25
1719462662208,1.05,250
1719462662313,1.05,25
1719462663398,1.05,25
1719462664232,1.05,25
1719462664403,1.05,50
1719462665454,1.05,50
1719462665598,1.05,25
1719462666181,1.05,25
1719462666782,1.05,25
1719462667017,1.05,25
1719462667242,1.05,400
1719462668176,1.05,25
1719462668416,1.05,50
1719462669205,1.05,50
1719462669630,1.05,25
1719462670195,1.05,25
1719462670599,1.05,25
1719462671231,1.05,25
1719462671647,1.05,25
1719462672446,1.05,25
1719462672794,1.05,25
1719462672905,1.05,25
1719462673200,1.05,25
1719462674255,1.05,25
1719462675159,1.0,25
1719462675370,1.05,25
1719462676168,1.05,25
1719462676542,1.05,25
1719462677427,1.05,25
1719462677549,1.05,25
1719462678175,1.0,25
1719462678569,1.05,25
1719462679445,1.05,25
1719462679842,1.0,25
1719462680053,1.05,200
1719462680256,1.05,25
1719462681269,1.05,100
1719462681471,1.05,25
1719462682426,1.05,25
1719462683245,1.05,25
1719462683612,1.05,50
1719462684427,1.05,25
1719462684663,1.05,50
1719462685206,1.05,25
1719462685647,1.0,75
1719462686277,1.05,25
1719462686551,1.05,25
1719462687474,1.05,25
1719462687648,1.05,25
1719462688242,1.05,400
1719462688820,1.05,25
1719462689069,1.05,25
1719462689284,1.05,25
1719462690228,1.05,25
1719462691430,1.0,50
1719462692271,1.05,400
1719462692491,1.0,375
1719462693213,1.05,25
1719462693420,1.05,25
1719462694440,1.05,200
1719462695226,1.05,25
1719462695395,1.0,25
1719462696178,1.0,25
1719462696340,1.05,175
1719462697387,1.05,750
1719462697520,1.05,25
1719462702819,1.05,450
1719462703267,1.05,50
1719462703791,1.0,375
1719462704447,1.05,500
1719462705305,1.0,25
1719462735468,1.05,25
1719462736041,1.0,50
1719462736214,1.0,50
1719462737276,1.0,50
1719462738329,1.05,950
1719462738482,1.05,350
1719462739304,1.0,50
1719462739480,1.0,50
1719462740252,1.0,50
1719462740727,1.05,725
1719462741473,1.0,75
1719462741748,1.0,50
1719462742288,1.0,50
1719462742896,1.0,50
1719462745281,1.0,50
1719462745501,1.0,50
1719462746211,1.0,50
1719462746448,1.0,50
1719462747309,1.05,400
1719462747724,1.0,50
1719462748511,1.0,25
1719462749268,1.0,50
1719462749682,1.0,50
1719462750283,1.0,50
1719462750767,1.05,25
1719462751270,1.05,25
1719462751698,1.05,25
1719462752297,1.05,25
1719462752488,1.0,50
1719462753340,1.0,50
1719462754295,1.0,50
1719462754535,1.05,25
1719462755439,1.0,50
1719462755740,1.0,50
1719462756316,1.0,50
1719462756730,1.0,50
1719462757250,1.0,50
1719462757935,1.0,50
1719462758281,1.0,50
1719462758956,1.0,50
1719462759282,1.0,50
1719462759481,1.0,50
1719462760297,1.0,50
1719462760489,1.0,50
1719462767220,1.0,50
1719462767377,1.0,50
1719462768374,1.0,50
1719462769557,1.0,50
1719462770222,1.0,50
1719462770741,1.05,100
1719462771133,1.0,50
1719462771266,1.05,375
1719462772321,1.0,50
1719462772660,1.0,50
1719462773392,1.05,375
1719462773692,1.05,25
1719462774314,1.0,50
1719462775314,1.0,50
1719462775527,1.0,50
1719462776519,1.0,50
1719462777308,1.05,25
1719462777515,1.05,75
1719462778223,1.05,100
1719462778444,1.0,500
1719462779158,1.05,200
1719462779723,1.05,375
1719462779907,1.05,400
1719462780737,1.05,850
1719462781246,1.0,500
1719462781755,1.0,600
1719462782296,1.0,625
1719462782888,1.05,525
1719462783488,1.0,950
1719462784380,1.05,100
1719462785545,1.05,100
1719462786310,1.05,50
1719462786596,1.05,500
1719462787223,1.05,75
1719462787223,1.05,75
1719462788312,1.05,375
1719462788750,1.1,25
1719462789526,1.1,25
1719462789797,1.1,25
1719462790326,1.1,25
1719462790583,1.1,25
1719462791272,1.1,25
1719462791792,1.1,25
1719462792322,1.1,25
1719462792790,1.1,425
1719462793556,1.1,25
1719462793994,1.1,25
1719462794341,1.1,25
1719462795322,1.1,25
1719462795410,1.1,25
1719462796353,1.05,400
1719462796543,1.1,25
1719462797321,1.1,25
1719462797788,1.05,125
1719462798461,1.1,25
1719462799008,1.05,50
1719462799332,1.1,25
1719462799781,1.1,25
1719462800302,1.1,25
1719462801010,1.05,375
1719462801152,1.1,25
1719462801325,1.1,25
1719462802542,1.05,25
1719462802580,1.05,75
1719462803339,1.05,25
1719462803817,1.05,25
1719462804344,1.0,50
1719462804796,1.0,50
1719462805523,1.0,50
1719462805922,1.0,50
1719462806337,1.0,50
1719462807311,1.0,50
1719462807421,1.0,50
1719462808385,1.0,275
1719462808495,1.0,50
1719462809342,1.05,50
1719462809617,1.0,50
1719462810270,1.0,50
1719462810562,1.0,50
1719462811504,1.0,50
1719462811773,1.0,25
1719462812354,1.0,50
1719462813017,1.0,50
1719462813240,1.0,50
1719462813348,1.0,50
1719462814198,1.05,700
1719462814522,1.0,50
1719462815336,1.0,50
1719462815629,1.0,50
1719462816503,1.0,50
1719462816590,1.0,275
1719462817236,1.0,50
1719462817667,1.0,50
1719462818301,1.0,50
1719462818767,1.0,50
1719462819347,1.0,125
1719462819843,1.05,150
1719462820299,1.0,50
1719462821036,1.05,50
1719462821359,1.0,50
1719462821497,1.0,50
1719462822344,1.0,75
1719462822826,1.05,100
1719462823291,1.0,50
1719462823845,1.0,50
1719462824534,1.0,50
1719462824838,1.0,50
1719462825323,1.0,50
1719462825818,1.0,50
1719462826435,1.0,50
1719462827011,1.0,50
1719462827302,1.0,50
1719462827834,1.0,775
1719462828309,1.0,50
1719462828993,1.0,50
1719462829258,1.0,50
1719462829485,1.0,50
1719462830130,1.0,50
1719462830365,1.05,500
1719462831356,1.05,450
1719462831435,1.0,50
1719462832359,1.05,1775
1719462832863,1.0,300
1719462833543,1.0,50
1719462833815,1.0,25
1719462834331,1.0,25
1719462834827,1.05,225
1719462835353,1.0,50
1719462836016,1.0,50
1719462836353,1.0,50
1719462837064,1.0,75
1719462837412,1.0,50
1719462837561,1.0,50
1719462838316,1.0,50
1719462838648,1.0,25
1719462839255,1.0,50
1719462839659,1.0,50
1719462840347,1.0,50
1719462840622,1.0,50
1719462841345,1.0,50
1719462841664,1.0,150
1719462842321,1.0,50
1719462842594,1.0,50
1719462843538,1.0,50
1719462843855,1.0,50
1719462844320,1.0,50
1719462844849,1.0,50
1719462845289,1.0,50
1719462845289,1.0,50
1719462845961,1.05,100
1719462846962,1.0,100
1719462847256,1.0,100
1719462847339,1.0,100
1719462848343,1.0,100
1719462849363,1.05,25
1719462849363,1.05,25
1719462849641,1.05,200
1719462850842,1.0,100
1719462851243,1.05,225
1719462851243,1.05,225
1719462852352,1.05,25
1719462852352,1.05,25
1719462853111,1.0,25
1719462853597,1.0,300
1719462853839,1.0,1400
1719462854696,1.0,25
1719462855164,1.0,200
1719462855895,1.05,50
1719462855895,1.05,50
1719462856345,1.05,125
1719462857053,1.05,500
1719462857053,1.05,500
1719462858694,1.0,275
1719462859312,1.05,125
1719462859565,1.05,1075
1719462859565,1.05,1075
1719462859565,1.05,1075
1719462861422,1.05,50
1719462861422,1.05,50
1719462862293,1.0,250
1719462862969,1.0,25
1719462863274,1.0,75
1719462863274,1.0,75
1719462864415,1.0,50
1719462865333,1.05,25
1719462865524,1.05,500
1719462866352,1.05,25
1719462866352,1.05,25
1719462867909,1.0,25
1719462868183,1.05,1525
1719462868910,1.05,150
1719462869121,1.0,75
1719462870015,1.05,875
1719462870385,1.05,50
1719462870886,1.05,300
1719462871447,1.05,25
1719462871447,1.05,25
1719462871447,1.05,25
1719462872579,1.0,375
1719462872579,1.0,375
1719462872579,1.0,375
1719462874273,1.0,575
1719462874273,1.0,575
1719462875393,1.0,50
1719462875607,1.05,250
1719462876168,1.0,100
1719462876629,1.05,275
1719462877369,1.05,1125
1719462877926,1.05,50
1719462878330,1.05,250
1719462878439,1.05,300
1719462879248,1.0,425
1719462879248,1.0,425
1719462880495,1.0,500
1719462880718,1.05,575
1719462881158,1.05,900
1719462881949,1.0,100
1719462882369,1.05,125
1719462883050,1.0,75
1719462883349,1.05,25
1719462883866,1.0,25
1719462884237,1.05,825
1719462884715,1.0,275
1719462885150,1.05,25
1719462886131,1.0,75
1719462886329,1.0,75
1719462886811,1.0,50
1719462887325,1.0,75
1719462887835,1.0,75
1719462888146,1.0,575
1719462888906,1.0,50
1719462889324,1.0,25
1719462889935,1.0,200
1719462890593,1.05,925
1719462890593,1.05,925
1719462891054,1.0,175
1719462891792,1.05,50
1719462892381,1.05,250
1719462892543,1.0,100
1719462893115,1.0,50
1719462893426,1.0,100
1719462894209,1.0,900
1719462894886,1.05,25
1719462895062,1.0,200
1719462895933,1.0,550
1719462896510,1.05,25
1719462897117,1.05,25
1719462897370,1.05,250
1719462897889,1.0,25
1719462898124,1.0,25
1719462899066,1.0,75
1719462899066,1.0,75
1719462899940,1.0,125
1719462900560,1.05,300
1719462900909,1.0,1025
1719462900909,1.0,1025
1719462901523,1.05,200
1719462902364,1.05,125
1719462902666,1.0,125
1719462903345,1.0,125
1719462903642,1.05,150
1719462904349,1.0,100
1719462904630,1.0,75
1719462905298,1.0,75
1719462905953,1.05,250
1719462906204,1.05,500
1719462907162,1.05,500
1719462907295,1.0,200
1719462907562,1.05,25
1719462908417,1.05,625
1719462909105,1.05,25
1719462909105,1.05,25
1719462909491,1.05,400
1719462910066,1.05,25
1719462910066,1.05,25
1719462911204,1.0,50
1719462911501,1.0,50
1719462912354,1.05,925
1719462912966,1.0,275
1719462913142,1.05,25
1719462913142,1.05,25
1719462914163,1.05,25
1719462914938,1.05,50
1719462915371,1.0,25
1719462916166,1.05,25
1719462916330,1.0,400
1719462917074,1.05,25
1719462917393,1.05,25
1719462917393,1.05,25
1719462917691,1.05,625
1719462917691,1.05,625
1719462919121,1.05,50
1719462919466,1.05,625
1719462920259,1.05,225
1719462920746,1.05,200
1719462921190,1.05,50
1719462921728,1.05,75
1719462922354,1.05,725
1719462923219,1.05,925
1719462923292,1.0,275
1719462924344,1.05,25
1719462924344,1.05,25
1719462924622,1.0,100
1719462926277,1.05,100
1719462926534,1.05,500
1719462927140,1.05,675
1719462927140,1.05,675
1719462927140,1.05,675
1719462929536,1.05,25
1719462929766,1.0,1200
1719462930234,1.05,25
1719462930234,1.05,25
1719462931404,1.0,25
1719462932000,1.05,75
1719462932356,1.0,25
1719462933131,1.05,1000
1719462933131,1.05,1000
1719462934205,1.0,900
1719462934205,1.0,900
1719462935000,1.05,100
1719462935797,1.05,500
1719462936174,1.05,150
1719462936712,1.05,400
1719462937392,1.0,25
1719462938000,1.05,350
1719462938603,1.05,500
1719462939000,1.05,500
1719462939348,1.05,25
1719462940000,1.05,500
1719462941191,1.05,500
1719462941591,1.05,75
1719462942581,1.05,100
1719462943376,1.05,625
1719462943574,1.05,25
1719462944385,1.05,250
1719462944552,1.05,500
1719462945422,1.05,1250
1719462946000,1.0,500
1719462946357,1.0,250
1719462947000,1.0,500
1719462947304,1.0,25
1719462948000,1.0,75
1719462948434,1.0,875
1719462948540,1.05,650
1719462949622,1.05,900
1719462949622,1.05,900
1719462950436,1.05,500
1719462951000,1.0,25
1719462951111,1.05,775
1719462952000,1.0,100
1719462952409,1.0,175
1719462952710,1.05,1225
1719462953178,1.05,125
1719462953757,1.05,225
1719462954225,1.0,25
1719462954572,1.05,350
1719462955461,1.05,50
1719462955788,1.0,50
1719462956233,1.05,400
1719462956948,1.05,500
1719462956948,1.05,500
1719462958261,1.05,25
1719462959268,1.05,25
1719462959268,1.05,25
1719462960517,1.0,75
1719462961015,1.05,850
1719462961383,1.0,125
1719462962212,1.05,200
1719462962404,1.05,25
1719462963078,1.0,1250
1719462963345,1.0,25
1719462964234,1.05,25
1719462964709,1.05,100
1719462965279,1.05,375
1719462965279,1.05,375
1719462966000,1.05,25
1719462966000,1.05,25
1719462967443,1.0,100
1719462967833,1.0,375
1719462968251,1.05,500
1719462968504,1.05,500
1719462969194,1.05,625
1719462970011,1.0,25
1719462970606,1.0,200
1719462971000,1.1,50
1719462971427,1.05,575
1719462972037,1.1,25
1719462972037,1.1,25
1719462973000,1.1,250
1719462973000,1.1,250
1719462974419,1.05,500
1719462974419,1.05,500
1719462975391,1.05,50
1719462975821,1.05,100
1719462975821,1.05,100
1719462976792,1.05,125
1719462977322,1.05,600
1719462978000,1.05,300
1719462978345,1.05,725
1719462978984,1.05,400
1719462979402,1.05,225
1719462979815,1.0,200
1719462979815,1.0,200
1719462979815,1.0,200
1719462979815,1.0,200
1719462981912,1.0,25
1719462982305,1.05,25
1719462982305,1.05,25
1719462983341,1.05,25
1719462983648,1.05,100
1719462984288,1.05,875
1719462984812,1.0,25
1719462985384,1.05,125
1719462985923,1.05,25
1719462986296,1.05,500
1719462987043,1.0,175
1719462987043,1.0,175
1719462987043,1.0,175
1719462988473,1.05,700
1719462988473,1.05,700
1719462988916,1.05,125
1719462988916,1.05,125
1719462990391,1.0,25
1719462990391,1.0,25
1719462990955,1.05,500
1719462992091,1.0,25
1719462992431,1.05,50
1719462992969,1.05,100
1719462993338,1.05,700
1719462994001,1.0,175
1719462994360,1.05,525
1719462994360,1.05,525
1719462995125,1.0,125
1719462996089,1.05,675
1719462996298,1.05,75
1719462996298,1.05,75
1719462997691,1.0,50
1719462997814,1.0,25
1719462997814,1.0,25
1719462999445,1.05,25
1719462999913,1.05,25
1719463000080,1.05,25
1719463000080,1.05,25
1719463001337,1.05,975
1719463001466,1.05,25
1719463002336,1.0,750
1719463002336,1.0,750
1719463017021,1.05,25
1719463017800,1.05,500
1719463018314,1.05,25
1719463018897,1.05,500
1719463019438,1.05,375
1719463019915,1.05,500
1719463020247,1.05,1175
1719463020819,1.05,500
1719463021238,1.0,475
1719463021894,1.05,100
1719463022450,1.05,50
1719463022583,1.05,300
1719463023449,1.0,100
1719463024332,1.0,100
1719463024491,1.0,100
1719463025444,1.0,150
1719463025731,1.05,825
1719463025731,1.05,825
1719463026845,1.0,50
1719463027297,1.05,500
1719463027940,1.0,250
1719463028282,1.05,275
1719463028736,1.05,25
1719463029222,1.0,400
1719463029222,1.0,400
1719463030544,1.05,475
1719463031123,1.05,100
1719463031396,1.05,750
1719463031396,1.05,750
1719463032456,1.0,75
1719463032660,1.0,75
1719463033346,1.05,25
1719463033795,1.05,350
1719463034438,1.05,300
1719463034438,1.05,300
1719463035684,1.05,25
1719463036151,1.0,25
1719463036316,1.05,900
1719463037102,1.05,50
1719463037102,1.05,50
1719463037905,1.05,500
1719463038480,1.0,50
1719463039315,1.05,700
1719463039353,1.05,25
1719463040766,1.0,100
1719463041477,1.0,50
1719463041968,1.0,100
1719463042427,1.0,100
1719463048318,1.05,500
1719463048944,1.05,225
1719463049376,1.05,500
1719463049931,1.0,50
1719463049931,1.0,50
1719463049931,1.0,50
1719463051373,1.0,25
1719463051760,1.05,75
1719463052469,1.05,25
1719463052527,1.05,25
1719463053285,1.05,500
1719463053683,1.05,25
1719463054387,1.05,25
1719463054500,1.05,25
1719463055169,1.05,500
1719463055841,1.05,175
1719463056289,1.0,25
1719463056650,1.05,125
1719463056650,1.05,125
1719463057920,1.05,25
1719463058311,1.0,250
1719463058597,1.0,250
1719463058597,1.0,250
1719463060119,1.0,25
1719463060359,1.0,25
1719463061078,1.05,25
1719463061395,1.0,25
1719463061395,1.0,25
1719463062452,1.05,100
1719463063232,1.05,25
1719463063497,1.05,775
1719463063714,1.05,100
1719463063714,1.05,100
1719463065453,1.0,25
1719463065453,1.0,25
1719463066760,1.05,100
1719463067270,1.05,600
1719463067933,1.0,75
1719463067933,1.0,75
1719463068902,1.05,25
1719463069274,1.05,25
1719463069980,1.05,625
1719463070389,1.05,50
1719463071142,1.05,50
1719463071210,1.05,50
1719463072160,1.0,125
1719463072563,1.0,200
1719463073223,1.05,25
1719463073223,1.05,25
1719463074375,1.0,25
1719463074595,1.0,50
1719463075045,1.0,200
1719463075681,1.05,50
1719463075681,1.05,50
1719463076936,1.05,75
1719463076936,1.05,75
1719463078181,1.05,200
1719463078476,1.05,25
1719463079201,1.05,50
1719463079201,1.05,50
1719463079744,1.05,100
1719463080306,1.0,25
1719463081012,1.05,50
1719463081298,1.0,75
1719463082030,1.05,525
1719463082097,1.0,25
1719463082887,1.05,1325
1719463082887,1.05,1325
1719463084139,1.05,125
1719463084687,1.05,100
1719463084846,1.05,50
1719463084846,1.05,50
1719463084846,1.05,50
1719463086601,1.05,25
1719463086664,1.05,25
1719463087454,1.05,25
1719463088036,1.05,25
1719463088152,1.05,25
1719463088152,1.05,25
1719463089452,1.05,100
1719463089452,1.05,100
1719463091088,1.05,25
1719463091225,1.05,25
1719463091498,1.05,25
1719463092201,1.05,25
1719463092518,1.05,25
1719463093223,1.05,25
1719463093475,1.05,25
1719463093610,1.05,100
1719463094503,1.05,25
1719463094761,1.05,25
1719463095376,1.0,375
1719463095698,1.05,25
1719463096383,1.0,75
1719463097039,1.0,75
1719463097039,1.0,75
1719463098048,1.0,625
1719463098521,1.0,425
1719463099047,1.05,250
1719463099126,1.0,25
1719463099981,1.0,25
1719463099981,1.0,25
1719463100558,1.05,700
1719463100558,1.05,700
1719463100558,1.05,700
1719463102742,1.05,275
1719463102742,1.05,275
1719463103583,1.05,100
1719463103583,1.05,100
1719463103862,1.0,225
1719463104655,1.05,25
1719463104655,1.05,25
1719463105654,1.0,50
1719463106374,1.0,800
1719463107139,1.0,25
1719463107499,1.0,25
1719463107900,1.05,200
1719463108394,1.0,25
1719463108394,1.0,25
1719463109330,1.05,400
1719463110169,1.05,25
1719463110484,1.05,1675
1719463110953,1.0,275
1719463111405,1.0,350
1719463112208,1.0,25
1719463112427,1.0,25
1719463113077,1.05,25
1719463113077,1.05,25
1719463114442,1.0,1450
1719463114442,1.0,1450
1719463115478,1.05,125
1719463115878,1.05,200
1719463116367,1.05,200
1719463116911,1.0,25
1719463117429,1.0,225
1719463117429,1.0,225
1719463118256,1.0,1750
1719463119043,1.0,25
1719463119043,1.0,25
1719463119043,1.0,25
1719463120645,1.0,1025
1719463121268,1.05,300
1719463121532,1.05,300
1719463122514,1.1,400
1719463123169,1.05,275
1719463124172,1.1,100
1719463124537,1.05,50
1719463124685,1.05,75
1719463124685,1.05,75
1719463127142,1.1,50
1719463127422,1.05,75
1719463127542,1.05,50
1719463128031,1.05,900
1719463128517,1.0,50
1719463128517,1.0,50
1719463129323,1.05,25
1719463130470,1.05,250
1719463130470,1.05,250
1719463130649,1.05,500
1719463131456,1.05,250
1719463131456,1.05,250
1719463132537,1.05,1500
1719463132730,1.05,100
1719463133491,1.05,50
1719463134294,1.0,500
1719463134472,1.0,200
1719463134472,1.0,200
1719463135470,1.05,550
1719463135647,1.05,100
1719463136372,1.0,25
1719463136372,1.0,25
1719463137315,1.0,500
1719463137662,1.05,75
1719463138479,1.05,175
1719463139298,1.05,50
1719463139525,1.05,50
1719463140262,1.05,25
1719463140329,1.0,25
1719463140993,1.05,125
1719463140993,1.05,125
1719463140993,1.05,125
1719463142244,1.0,150
1719463142774,1.05,300
1719463142774,1.05,300
1719463144012,1.0,1050
1719463144012,1.0,1050
1719463145259,1.05,50
1719463145665,1.05,100
1719463145758,1.05,25
1719463145758,1.05,25
1719463147499,1.05,25
1719463147647,1.05,25
1719463148478,1.0,75
1719463149484,1.0,75
1719463149484,1.0,75
1719463149633,1.0,250
1719463150493,1.05,25
1719463150820,1.05,875
1719463151498,1.0,75
1719463152136,1.05,25
1719463152214,1.05,25
1719463152926,1.0,150
1719463153448,1.05,25
1719463154307,1.0,50
1719463154510,1.05,50
1719463154951,1.0,175
1719463154951,1.0,175
1719463156042,1.05,50
1719463156308,1.0,1325
1719463156954,1.05,50
1719463157405,1.0,250
1719463157734,1.0,475
1719463158132,1.05,500
1719463158692,1.05,1700
1719463159338,1.05,25
1719463160115,1.0,1000
1719463160115,1.0,1000
1719463160965,1.05,125
1719463160965,1.05,125
1719463162181,1.0,700
1719463162455,1.05,100
1719463163095,1.0,150
1719463163095,1.0,150
1719463163095,1.0,150
1719463164711,1.0,1000
1719463164956,1.05,550
1719463166510,1.05,50
1719463166696,1.0,975
1719463167581,1.0,175
1719463167581,1.0,175
1719463168447,1.05,125
1719463168447,1.05,125
1719463168447,1.05,125
1719463169990,1.05,25
1719463170670,1.0,375
1719463170864,1.05,100
1719463171215,1.0,50
1719463171646,1.05,200
1719463171646,1.05,200
1719463173177,1.0,25
1719463173177,1.0,25
1719463174194,1.0,50
1719463174194,1.0,50
1719463175077,1.0,400
1719463175338,1.0,175
1719463175805,1.05,375
1719463176343,1.0,175
1719463176886,1.05,50
1719463176886,1.05,50
1719463178347,1.05,25
1719463178560,1.0,125
1719463179258,1.0,125
1719463179521,1.0,125
1719463180553,1.0,125
1719463181476,1.0,75
1719463181785,1.0,125
1719463182569,1.0,125
1719463182780,1.0,25
1719463183790,1.0,125
1719463184530,1.0,125
1719463184760,1.0,125
1719463185541,1.0,125
1719463185951,1.0,125
1719463186114,1.0,125
1719463186950,1.0,125
1719463187587,1.0,125
1719463187587,1.0,125
1719463187587,1.0,125
1719463189120,1.05,300
1719463189359,1.05,25
1719463190380,1.0,125
1719463190548,1.0,125
1719463190964,1.05,325
1719463191498,1.0,1400
1719463191994,1.05,500
1719463191994,1.05,500
1719463193162,1.05,25
1719463193461,1.05,25
1719463193461,1.05,25
1719463194762,1.05,25
1719463195192,1.0,25
1719463195192,1.0,25
1719463195643,1.0,25
1719463196352,1.05,775
1719463197180,1.0,125
1719463197180,1.0,125
1719463197180,1.0,125
1719463198682,1.05,1000
1719463199305,1.0,125
1719463199544,1.0,125
1719463200361,1.0,125
1719463200518,1.0,150
1719463201581,1.0,25
1719463201960,1.0,125
1719463202587,1.0,125
1719463203201,1.0,125
1719463203770,1.0,125
1719463204176,1.0,50
1719463204481,1.0,1000
1719463204818,1.0,125
1719463205505,1.0,125
1719463206217,1.05,200
1719463206505,1.0,25
1719463207164,1.0,1250
1719463207567,1.0,125
1719463207913,1.0,600
1719463208581,1.0,475
1719463209341,1.0,850
1719463209341,1.0,850
1719463209341,1.0,850
1719463210358,1.05,475
1719463210764,1.05,25
1719463211596,1.0,525
1719463212007,1.05,525
1719463212454,1.05,125
1719463212454,1.05,125
1719463213500,1.05,725
1719463214001,1.0,25
1719463214001,1.0,25
1719463214971,1.05,1000
1719463215546,1.0,75
1719463216133,1.05,450
1719463216493,1.0,50
1719463217001,1.05,25
1719463217581,1.0,25
1719463217581,1.0,25
1719463218958,1.0,1000
1719463218958,1.0,1000
1719463219367,1.0,25
1719463220164,1.05,300
1719463220513,1.05,50
1719463220640,1.0,250
1719463220640,1.0,250
1719463221627,1.0,150
1719463222352,1.0,25
1719463223179,1.05,300
1719463223179,1.05,300
1719463224127,1.0,150
1719463224833,1.05,500
1719463224833,1.05,500
1719463225987,1.0,50
1719463225987,1.0,50
1719463227105,1.05,50
1719463227464,1.05,100
1719463227637,1.05,1750
1719463227637,1.05,1750
1719463229449,1.0,100
1719463229591,1.0,500
1719463230404,1.05,25
1719463230505,1.05,50
1719463231227,1.0,500
1719463231227,1.0,500
1719463232367,1.0,250
1719463232596,1.0,525
1719463233540,1.0,25
1719463233688,1.05,625
1719463233688,1.05,625
1719463233688,1.05,625
1719463234858,1.0,875
1719463235845,1.05,25
1719463236488,1.0,825
1719463236717,1.0,25
1719463237235,1.0,100
1719463237235,1.0,100
1719463238363,1.0,25
1719463239247,1.05,250
1719463239545,1.05,25
1719463254215,1.0,50
1719463254605,1.0,200
1719463254875,0.95,500
1719463255447,1.0,475
1719463255760,1.0,75
1719463256575,0.95,175
1719463256736,0.95,100
1719463257506,0.95,125
1719463258133,1.0,1400
1719463258133,1.0,1400
1719463259303,0.95,1000
1719463259499,1.0,25
1719463259831,0.95,75
1719463259831,0.95,75
1719463260453,1.0,50
1719463261460,1.0,1450
1719463261534,1.0,50
1719463262286,0.95,25
1719463262592,0.95,150
1719463263597,0.95,25
1719463263597,0.95,25
1719463264397,0.95,100
1719463264962,1.0,325
1719463264962,1.0,325
1719463265984,1.0,50
1719463265984,1.0,50
1719463267183,0.95,100
1719463267183,0.95,100
1719463281492,0.95,25
1719463281842,0.95,125
1719463282693,0.95,125
1719463282912,0.95,125
1719463283638,0.95,125
1719463284107,0.95,125
1719463284570,0.95,125
1719463285124,0.95,125
1719463285571,0.95,125
1719463286111,0.95,1000
1719463286580,0.95,125
1719463287298,0.95,125
1719463287567,0.95,125
1719463288272,0.95,125
1719463288491,0.95,50
1719463289119,0.95,75
1719463290368,1.0,1225
1719463290368,1.0,1225
1719463291157,1.0,75
1719463291612,1.0,1575
1719463292181,0.95,50
1719463292181,0.95,50
1719463294119,1.0,200
1719463294200,1.0,25
1719463294301,1.0,50
1719463294301,1.0,50
1719463295514,1.0,175
1719463295514,1.0,175
1719463296538,1.0,50
1719463297089,0.95,25
1719463297089,0.95,25
1719463298509,0.95,1550
1719463299294,0.95,125
1719463300427,0.95,875
1719463300600,0.95,125
1719463301504,1.0,250
1719463304561,0.95,25
1719463304561,0.95,25
1719463305469,1.0,25
1719463305469,1.0,25
1719463306404,0.95,500
1719463306404,0.95,500
1719463308673,1.0,200
1719463309290,0.95,75
1719463309290,0.95,75
1719463310011,1.0,550
1719463310011,1.0,550
1719463311365,0.95,200
1719463311380,0.95,25
1719463312370,1.0,25
1719463312804,1.0,275
1719463313282,0.95,400
1719463314636,0.95,25
1719463314636,0.95,25
1719463314636,0.95,25
1719463315556,0.95,25
1719463315556,0.95,25
1719463316810,0.95,25
1719463316810,0.95,25
1719463316810,0.95,25
1719463319257,1.0,50
1719463319273,1.0,300
1719463319273,1.0,300
1719463320332,1.0,700
1719463329416,0.95,25
1719463329416,0.95,25
1719463329996,1.0,50
1719463330501,1.0,300
1719463331126,1.0,475
1719463331126,1.0,475
1719463357768,0.95,100
1719463358816,1.0,25
1719463358816,1.0,25
1719463360141,1.0,250
1719463360612,1.0,150
1719463361227,1.0,25
1719463361332,1.0,25
1719463362211,1.0,25
1719463362627,1.0,25
1719463363374,1.0,25
1719463363625,1.0,25
1719463364512,0.95,25
1719463364684,0.95,25
1719463365461,1.0,25
1719463366194,1.0,250
1719463366194,1.0,250
1719463367399,0.95,25
1719463367805,1.0,1050
1719463367805,1.0,1050
1719463368665,1.0,25
1719463368912,0.95,25
1719463368912,0.95,25
1719463368912,0.95,25
1719463370567,1.0,25
1719463370567,1.0,25
1719463371774,0.95,1175
1719463372310,0.95,1475
1719463373270,1.0,1600
1719463373270,1.0,1600
1719463374143,0.95,100
1719463379283,0.95,125
1719463379821,1.0,25
1719463380333,1.0,1175
1719463381696,1.0,100
1719463382679,0.95,1200
1719463383517,1.0,25
1719463383517,1.0,25
1719463384045,0.95,375
1719463384562,1.0,25
1719463385264,0.95,25
1719463385670,1.0,25
1719463386445,1.0,25
1719463386682,0.95,675
1719463387505,0.95,475
1719463388504,1.0,400
1719463389356,1.0,200
1719463389356,1.0,200
1719463390604,1.0,200
1719463391631,1.0,400
1719463391631,1.0,400
1719463392640,1.0,25
1719463393324,1.0,25
1719463393696,1.0,25
1719463394468,1.0,25
1719463394468,1.0,25
1719463394987,0.95,250
1719463395469,1.0,25
1719463396030,1.0,50
1719463396030,1.0,50
1719463396030,1.0,50
1719463398509,1.0,25
1719463398551,1.0,25
1719463399700,1.0,25
1719463399700,1.0,25
1719463400689,1.0,25
1719463401530,0.95,200
1719463401530,0.95,200
1719463402678,0.95,75
1719463402831,0.95,25
1719463403174,1.0,500
1719463403681,0.95,50
1719463404255,0.95,75
1719463404716,0.95,100
1719463405181,0.95,25
1719463405552,0.95,750
1719463406450,1.0,675
1719463406687,1.0,25
1719463407378,0.95,50
1719463407378,0.95,50
1719463408704,0.95,25
1719463408704,0.95,25
1719463409923,1.0,500
1719463410255,1.0,950
1719463410255,1.0,950
1719463410255,1.0,950
1719463411813,0.95,50
1719463412006,1.0,275
1719463412006,1.0,275
1719463412006,1.0,275
1719463414217,0.95,200
1719463414403,0.95,100
1719463414403,0.95,100
1719463414403,0.95,100
1719463415571,0.95,25
1719463416304,1.0,25
1719463416304,1.0,25
1719463417489,1.0,75
1719463417706,1.0,75
1719463418300,1.0,100
1719463418300,1.0,100
1719463419259,1.0,25
1719463420629,1.0,150
1719463421710,1.0,50
1719463422723,1.0,25
1719463423540,1.05,150
1719463424356,1.0,250
1719463424356,1.0,250
1719463425131,1.0,50
1719463425613,1.05,975
1719463425913,1.05,1650
1719463426647,1.0,300
1719463426647,1.0,300
1719463428094,1.0,300
1719463428549,1.05,750
1719463428914,1.0,75
1719463429881,1.05,25
1719463430709,1.05,25
1719463431127,1.05,25
1719463431708,1.05,25
1719463432123,1.05,25
1719463432707,1.05,25
1719463433467,1.05,25
1719463433717,1.05,25
1719463434546,1.05,25
1719463434713,1.05,275
1719463435707,1.05,25
1719463435871,1.05,25
1719463436700,1.05,25
1719463437687,1.05,25
1719463438454,1.05,50
1719463438755,1.0,1000
1719463439303,1.0,375
1719463439303,1.0,375
1719463439769,1.0,25
1719463440428,1.0,50
1719463440791,1.0,500
1719463441704,1.05,1050
1719463442728,1.0,500
1719463443426,1.0,100
1719463444183,1.05,175
1719463445531,1.05,300
1719463466103,1.0,150
1719463466730,1.0,50
1719463467128,1.0,150
1719463467600,1.0,25
1719463468467,1.0,25
1719463468467,1.0,25
1719463469123,1.0,375
1719463469123,1.0,375
1719463470573,1.0,225
1719463470627,1.05,25
1719463471239,1.05,700
1719463471239,1.05,700
1719463472782,1.05,25
1719463473779,1.05,25
1719463473945,1.05,25
1719463474690,1.05,25
1719463474774,1.05,25
1719463475682,1.05,25
1719463476265,1.05,25
1719463476676,1.0,1250
1719463477391,1.0,75
1719463477469,1.05,25
1719463478518,1.0,75
1719463478719,1.0,750
1719463479546,1.0,75
1719463479763,1.05,50
1719463480550,1.0,75
1719463480550,1.0,75
1719463481587,1.0,75
1719463481620,1.05,375
1719463482600,1.0,75
1719463482746,1.0,75
1719463483753,1.0,75
1719463483803,1.0,75
1719463484227,1.05,350
1719463484762,1.0,75
1719463485611,1.05,150
1719463485958,1.0,1225
1719463486597,1.05,25
1719463486765,1.05,25
1719463487766,1.05,25
1719463487766,1.05,25
1719463488763,1.05,25
1719463489547,1.0,75
1719463489703,1.0,75
1719463490776,1.0,100
1719463490817,1.0,100
1719463491418,1.0,100
1719463491714,1.0,75
1719463492000,1.0,75
1719463492736,1.05,450
1719463493177,1.0,25
1719463493177,1.0,25
1719463495705,1.0,375
1719463495705,1.0,375
1719463497293,1.0,100
1719463497293,1.0,100
1719463497718,1.0,25
1719463498290,0.95,25
1719463498488,1.0,1000
1719463499590,1.0,25
1719463499755,1.0,25
1719463500005,1.0,25
1719463500588,1.0,25
1719463500761,1.0,525
1719463501782,1.0,425
1719463501782,1.0,425
1719463502520,0.95,900
1719463502827,1.0,50
1719463503174,1.0,200
1719463504686,1.0,200
1719463505000,0.95,75
1719463505000,0.95,75
1719463505600,0.95,25
1719463506329,0.95,100
1719463506573,1.0,200
1719463507480,1.0,200
1719463507480,1.0,200
1719463508542,0.95,100
1719463508542,0.95,100
1719463509745,0.95,100
1719463509745,0.95,100
1719463510848,0.95,100
1719463511058,0.95,100
1719463511058,0.95,100
1719463512784,1.0,200
1719463512874,1.0,225
1719463513100,0.95,25
1719463513283,1.0,675
1719463514369,0.95,1800
1719463514747,1.0,50
1719463514747,1.0,50
1719463515950,0.95,25
1719463515950,0.95,25
1719463515950,0.95,25
1719463518525,1.0,125
1719463518525,1.0,125
1719463519006,0.95,50
1719463519437,1.0,1775
1719463519437,1.0,1775
1719463519437,1.0,1775
1719463519437,1.0,1775
1719463522222,0.95,200
1719463522622,0.95,500
1719463523420,0.95,100
1719463523956,0.95,100
1719463524195,0.95,100
1719463524475,0.95,100
1719463525447,0.95,100
1719463525569,0.95,325
1719463526452,0.95,100
1719463526452,0.95,100
1719463527457,0.95,100
1719463527457,0.95,100
1719463528628,0.95,125
1719463528719,0.95,125
1719463529756,1.0,25
1719463530509,1.0,25
1719463530509,1.0,25
1719463531335,1.0,25
1719463532281,0.95,250
1719463532281,0.95,250
1719463532281,0.95,250
1719463534236,0.95,1275
1719463534543,0.95,1275
1719463534543,0.95,1275
1719463534543,0.95,1275
1719463534543,0.95,1275
1719463534543,0.95,1275
1719463538660,0.95,100
1719463539438,1.0,25
1719463539438,1.0,25
1719463539834,1.0,125
1719463540788,1.0,100
1719463541682,0.95,125
1719463541682,0.95,125
1719463541992,1.0,250
1719463541992,1.0,250
1719463543001,0.95,1750
1719463543589,0.95,950
1719463544796,1.0,25
1719463544796,1.0,25
1719463544796,1.0,25
1719463545922,0.95,400
1719463547118,0.95,450
1719463550108,0.95,500
1719463551012,0.95,50
1719463551567,0.95,50
1719463552563,0.95,50
1719463552563,0.95,50
1719463553595,0.95,50
1719463553595,0.95,50
1719463554498,1.0,225
1719463555360,1.0,25
1719463555360,1.0,25
1719463556070,1.0,100
1719463556070,1.0,100
1719463556070,1.0,100
1719463556070,1.0,100
1719463556070,1.0,100
1719463559726,0.95,250
1719463560506,1.0,325
1719463560506,1.0,325
1719463561329,1.0,275
1719463561329,1.0,275
1719463562445,0.95,175
1719463563052,1.0,475
1719463564415,0.95,900
1719463564864,1.0,50
1719463565510,0.95,750
1719463565510,0.95,750
1719463566803,1.0,50
1719463566803,1.0,50
1719463567015,0.95,50
1719463567015,0.95,50
1719463568411,0.95,50
1719463568411,0.95,50
1719463569102,0.95,25
1719463569946,0.95,1050
1719463569946,0.95,1050
1719463569946,0.95,1050
1719463569946,0.95,1050
1719463569946,0.95,1050
1719463572545,0.95,325
1719463572848,1.0,25
1719463572848,1.0,25
1719463573608,0.95,225
1719463574749,0.95,25
1719463574811,0.95,25
1719463575802,1.0,725
1719463575963,0.95,25
1719463576726,0.95,25
1719463576804,0.95,25
1719463577242,1.0,1250
1719463577242,1.0,1250
1719463577242,1.0,1250
1719463580203,0.95,575
1719463580641,0.95,250
1719463581000,0.95,75
1719463581000,0.95,75
1719463583022,1.0,1275
1719463583159,0.95,75
1719463583824,0.95,75
1719463583942,0.95,75
1719463584505,0.95,75
1719463584505,0.95,75
1719463585000,0.95,75
1719463585000,0.95,75
1719463585000,0.95,75
1719463585000,0.95,75
1719463588615,0.95,25
1719463588615,0.95,25
1719463589832,0.95,275
1719463589982,0.95,500
1719463590175,0.95,25
1719463590175,0.95,25
1719463590175,0.95,25
1719463592134,1.0,100
1719463592134,1.0,100
1719463592979,1.0,300
1719463593115,1.0,25
1719463593709,1.0,25
1719463594000,0.95,75
1719463594000,0.95,75
1719463594000,0.95,75
1719463594000,0.95,75
1719463598398,1.0,25
1719463598398,1.0,25
1719463598684,1.0,500
1719463598684,1.0,500
1719463599851,0.95,250
1719463600080,1.0,250
1719463600080,1.0,250
1719463601281,0.95,25
1719463601957,1.0,100
1719463609413,0.95,300
1719463610200,0.95,25
1719463610200,0.95,25
1719463611802,1.0,50
1719463612824,1.0,25
1719463613805,1.0,25
1719463613805,1.0,25
1719463614505,1.0,25
1719463615000,0.95,75
1719463615688,1.0,25
1719463615688,1.0,25
1719463616775,0.95,500
1719463616914,0.95,500
1719463617474,1.0,25
1719463617970,1.0,25
1719463618814,1.0,25
1719463618961,1.0,25
1719463619805,1.0,25
1719463619959,1.0,25
1719463620765,0.95,1000
1719463620765,0.95,1000
1719463621834,0.95,25
1719463621834,0.95,25
1719463622354,1.0,200
1719463623072,1.0,600
1719463623072,1.0,600
1719463623536,1.0,25
1719463624317,1.0,75
1719463624787,1.0,175
1719463625465,1.0,950
1719463625645,0.95,900
1719463626613,0.95,600
1719463626613,0.95,600
1719463626613,0.95,600
1719463628005,1.0,375
1719463628751,1.0,100
1719463628751,1.0,100
1719463629300,1.0,500
1719463630536,1.0,75
1719463630536,1.0,75
1719463631509,1.0,25
1719463631509,1.0,25
1719463632989,0.95,125
1719463633748,0.95,700
1719463633748,0.95,700
1719463633748,0.95,700
1719463633748,0.95,700
1719463633748,0.95,700
1719463636735,1.0,475
1719463637389,0.95,500
1719463637389,0.95,500
1719463638000,0.95,250
1719463638000,0.95,250
1719463639129,0.95,25
1719463640408,1.0,25
1719463641774,0.95,200
1719463641989,1.0,100
1719463642814,0.95,450
1719463643122,0.95,300
1719463643311,0.95,125
1719463643602,1.0,25
1719463644498,1.0,25
1719463644498,1.0,25
1719463645409,1.0,25
1719463645409,1.0,25
1719463646729,1.0,25
1719463647178,1.0,25
1719463647178,1.0,25
1719463668800,0.9,225
1719463669450,0.95,25
1719463670294,0.95,25
1719463671292,0.9,1400
1719463671292,0.9,1400
1719463671292,0.9,1400
1719463673816,0.9,1400
1719463673816,0.9,1400
1719463674572,0.9,600
1719463674912,0.9,600
1719463675329,0.9,600
1719463675696,0.9,600
1719463676720,0.95,25
1719463677000,0.9,250
1719463688004,0.9,150
1719463690509,0.95,100
1719463690509,0.95,100
1719463691048,0.9,25
1719463691048,0.9,25
1719463691048,0.9,25
1719463691048,0.9,25
1719463694618,0.9,100
1719463694618,0.9,100
1719463694618,0.9,100
1719463694618,0.9,100
1719463696582,0.9,75
1719463697040,0.9,25
1719463697354,0.95,250
1719463697354,0.95,250
1719463698687,0.9,500
1719463699845,0.9,25
1719463699845,0.9,25
1719463700831,0.9,425
1719463701378,0.95,225
1719463701378,0.95,225
1719463703079,0.9,25
1719463703134,0.95,25
1719463703389,0.9,325
1719463703856,0.9,500
1719463703973,0.95,25
1719463704888,0.95,400
1719463705019,0.95,100
1719463705019,0.95,100
1719463705019,0.95,100
1719463707633,0.9,625
1719463707841,0.95,125
1719463708106,0.9,325
1719463708106,0.9,325
1719463709262,0.9,50
1719463709262,0.9,50
1719463710257,0.9,1550
1719463710257,0.9,1550
1719463711765,0.9,25
1719463711913,0.9,1600
1719463712369,0.9,700
1719463713099,0.95,100
1719463713725,0.95,175
1719463714005,0.95,25
1719463714590,0.95,25
1719463714932,0.95,75
1719463715857,0.95,75
1719463716049,0.95,375
1719463716194,0.95,25
1719463716784,0.95,75
1719463717710,0.95,75
1719463717710,0.95,75
1719463718555,0.9,100
1719463718635,0.95,75
1719463719569,0.95,25
1719463719791,0.9,800
1719463720838,0.9,200
1719463721904,0.9,1000
1719463722124,0.9,1000
1719463722605,0.95,75
1719463722605,0.95,75
1719463723605,0.95,50
1719463724041,0.95,375
1719463724192,0.95,50
1719463724793,0.95,25
1719463725617,0.9,575
1719463725617,0.9,575
1719463726214,0.9,25
1719463727480,0.9,1000
1719463727480,0.9,1000
1719463728498,0.95,200
1719463729303,0.95,100
1719463729303,0.95,100
1719463730245,0.9,75
1719463730245,0.9,75
1719463730245,0.9,75
1719463731884,0.9,100
1719463732425,0.95,25
1719463732425,0.95,25
1719463733388,0.9,25
1719463733388,0.9,25
1719463734541,0.9,1375
1719463734876,0.95,75
1719463735825,0.9,50
1719463736540,0.9,125
1719463736540,0.9,125
1719463737336,0.95,100
1719463738203,0.9,75
1719463738928,0.9,25
1719463739195,0.9,225
1719463739603,0.9,450
1719463739806,0.9,150
1719463740762,0.95,25
1719463740892,0.9,425
1719463741913,0.9,25
1719463742910,0.95,25
1719463742961,0.95,25
1719463743509,0.9,25
1719463743509,0.9,25
1719463743509,0.9,25
1719463745475,0.9,600
1719463745630,0.9,750
1719463746056,0.9,100
1719463746518,0.9,25
1719463746518,0.9,25
1719463747317,0.9,425
1719463747317,0.9,425
1719463748283,0.9,25
1719463748283,0.9,25
1719463749069,0.9,675
1719463750181,0.9,775
1719463750181,0.9,775
1719463750181,0.9,775
1719463751499,0.9,500
1719463751813,0.9,500
1719463751813,0.9,500
1719463753281,0.95,400
1719463753281,0.95,400
1719463754347,0.95,75
1719463754347,0.95,75
1719463756072,0.9,25
1719463760860,0.9,875
1719463760860,0.9,875
1719463761907,0.95,150
1719463762104,0.95,25
1719463762104,0.95,25
1719463763200,0.95,50
1719463763250,0.9,25
1719463764722,0.9,25
1719463764722,0.9,25
1719463765546,0.9,850
1719463765546,0.9,850
1719463766928,0.9,1200
1719463767759,0.9,300
1719463767759,0.9,300
1719463768885,0.9,100
1719463770207,0.9,225
1719463770598,0.95,450
1719463770598,0.95,450
1719463776825,0.9,500
1719463776915,0.9,1425
1719463777140,0.95,25
1719463778058,0.9,50
1719463778058,0.9,50
1719463779340,0.9,500
1719463779340,0.9,500
1719463780457,0.95,525
1719463781273,0.9,50
1719463781273,0.9,50
1719463781273,0.9,50
1719463784241,0.95,300
1719463784906,0.95,75
1719463785787,0.9,100
1719463786027,0.9,75
1719463786898,0.9,100
1719463787068,0.9,75
1719463787719,0.9,100
1719463787990,0.9,100
1719463788485,0.9,75
1719463788802,0.9,75
1719463789762,0.9,250
1719463790719,0.95,25
1719463790719,0.95,25
1719463791665,0.9,150
1719463792348,0.9,25
1719463792348,0.9,25
1719463793933,0.95,25
1719463794836,0.9,1000
1719463795901,0.9,125
1719463795901,0.9,125
1719463796824,0.9,25
1719463796824,0.9,25
1719463796824,0.9,25
1719463798534,0.9,1000
1719463798534,0.9,1000
1719463799510,0.9,775
1719463799510,0.9,775
1719463799987,0.95,100
1719463800896,0.9,25
1719463801853,0.9,200
1719463801853,0.9,200
1719463802275,0.9,150
1719463803147,0.9,25
1719463803599,0.95,75
1719463803599,0.95,75
1719463804673,0.95,25
1719463805265,0.9,500
1719463805555,0.9,350
1719463805555,0.9,350
1719463806818,0.9,500
1719463806818,0.9,500
1719463806818,0.9,500
1719463807985,0.95,150
1719463807985,0.95,150
1719463809352,0.9,50
1719463809687,0.95,75
1719463810946,0.95,175
1719463810946,0.95,175
1719463811390,0.9,750
1719463811390,0.9,750
1719463815173,0.9,200
1719463815173,0.9,200
1719463815173,0.9,200
1719463817462,0.95,800
1719463817462,0.95,800
1719463818208,0.9,1000
1719463818208,0.9,1000
1719463819741,0.9,25
1719463819882,0.9,350
1719463819882,0.9,350
1719463820937,0.95,1675
1719463820937,0.95,1675
1719463821324,0.95,50
1719463822100,0.9,1000
1719463822100,0.9,1000
1719463823185,0.9,200
1719463823534,0.9,200
1719463824150,0.9,650
1719463824475,0.9,500
1719463824938,0.9,25
1719463825870,0.9,50
1719463825870,0.9,50
1719463826915,0.9,75
1719463827232,0.9,75
1719463827966,0.95,1550
1719463828527,0.9,25
1719463828650,0.9,100
1719463828957,0.9,100
1719463829888,0.95,50
1719463830027,0.9,125
1719463830929,0.95,150
1719463831690,0.95,175
1719463832589,0.95,150
1719463832589,0.95,150
1719463832589,0.95,150
1719463832589,0.95,150
1719463835152,0.95,750
1719463835812,0.9,250
1719463836305,0.95,425
1719463836492,0.95,25
1719463836492,0.95,25
1719463837975,0.9,700
1719463838287,0.9,500
1719463838894,0.9,500
1719463838894,0.9,500
1719463839941,0.9,500
1719463840979,0.9,175
1719463841832,0.9,500
1719463842041,0.9,325
1719463842893,0.95,50
1719463843302,0.9,500
1719463843957,0.9,25
1719463844170,0.9,500
1719463844976,0.9,500
1719463845172,0.9,500
1719463845931,0.95,50
1719463846235,0.9,500
1719463846851,0.9,500
1719463847473,0.9,500
1719463847682,0.9,100
1719463847867,0.9,475
1719463848922,0.9,275
1719463849338,0.9,375
1719463849538,0.9,225
1719463849969,0.9,500
1719463850584,0.9,500
1719463850797,0.9,500
1719463851848,0.9,500
1719463852242,0.9,500
1719463852879,0.9,500
1719463853288,0.9,400
1719463853708,0.9,500
1719463853918,0.9,100
1719463854963,0.9,500
1719463855616,0.95,1475
1719463855616,0.95,1475
1719463857056,0.95,200
1719463857253,0.95,875
1719463857253,0.95,875
1719463859136,0.95,75
1719463859136,0.95,75
1719463859960,0.9,500
1719463859960,0.9,500
1719463859960,0.9,500
1719463860739,0.95,500
1719463860739,0.95,500
1719463860739,0.95,500
1719463862360,0.9,150
1719463862360,0.9,150
1719463862938,0.95,150
1719463863402,0.9,1000
1719463863815,0.9,25
1719463865054,0.9,300
1719463865054,0.9,300
1719463865601,0.9,50
1719463865601,0.9,50
1719463866509,0.9,1000
1719463866509,0.9,1000
1719463867619,0.95,375
1719463868030,0.95,25
1719463868817,0.95,25
1719463868817,0.95,25
1719463869654,0.9,350
1719463870299,0.9,25
1719463870547,0.95,50
1719463871019,0.9,325
1719463871930,0.95,375
1719463871930,0.95,375
1719463871930,0.95,375
1719463871930,0.95,375
1719463874388,0.9,500
1719463874797,0.9,25
1719463875207,0.9,300
1719463875207,0.9,300
1719463876969,0.9,25
1719463877076,0.9,500
1719463877609,0.95,25
1719463878301,0.95,200
1719463878908,0.9,775
1719463879297,0.9,100
1719463879682,0.9,700
1719463879962,0.9,875
1719463880177,0.9,25
1719463880177,0.9,25
1719463880177,0.9,25
1719463882189,0.95,25
1719463925295,0.9,500
1719463925770,0.85,50
1719463925770,0.85,50
1719463926976,0.9,75
1719463928005,0.85,375
1719463928049,0.85,1200
1719463928419,0.9,500
1719463929167,0.9,100
1719463929777,0.85,100
1719463930090,0.9,100
1719463930683,0.9,525
1719463930683,0.9,525
1719463932112,0.85,375
1719463932112,0.85,375
1719463932754,0.85,1000
1719463932754,0.85,1000
1719463933822,0.9,200
1719463934460,0.9,100
1719463936098,0.9,1350
1719463936318,0.9,50
1719463937011,0.9,450
1719463937446,0.9,600
1719463937660,0.9,325
1719463938130,0.9,50
1719463939000,0.9,250
1719463943004,0.9,25
1719463946047,0.9,125
1719463946047,0.9,125
1719463946443,0.85,100
1719463948074,0.9,75
1719463948348,0.85,25
1719463953314,0.9,750
1719463953314,0.9,750
1719463954758,0.85,150
1719463955244,0.85,100
1719463955244,0.85,100
1719463955244,0.85,100
1719463956889,0.9,150
1719463956889,0.9,150
1719463957406,0.85,100
1719463957406,0.85,100
1719463958902,0.9,25
1719463959922,0.85,100
1719463959922,0.85,100
1719463961028,0.9,525
1719463961212,0.85,25
1719463961881,0.85,25
1719463962230,0.85,25
1719463963058,0.85,1400
1719463963058,0.85,1400
1719463963800,0.9,675
1719463963800,0.9,675
1719463964772,0.85,100
1719463964772,0.85,100
1719463966065,0.85,1400
1719463966065,0.85,1400
1719463967204,0.9,50
1719463967937,0.9,200
1719463967937,0.9,200
1719463968938,0.9,200
1719463968938,0.9,200
1719463969910,0.9,200
1719463970508,0.9,200
1719463970508,0.9,200
1719463970508,0.9,200
1719463971520,0.9,100
1719463972494,0.9,525
1719463972494,0.9,525
1719463973460,0.9,500
1719463973460,0.9,500
1719463973460,0.9,500
1719463973460,0.9,500
1719463975812,0.85,25
1719463975812,0.85,25
1719463976521,0.9,200
1719463976521,0.9,200
1719463978178,0.85,25
1719463978178,0.85,25
1719463978178,0.85,25
1719463978178,0.85,25
1719463978178,0.85,25
1719463981671,0.85,50
1719463982050,0.85,25
1719463982050,0.85,25
1719463983013,0.85,50
1719463983102,0.9,50
1719463983102,0.9,50
1719463983102,0.9,50
1719463984697,0.9,25
1719463985435,0.85,750
1719463985783,0.9,1700
1719463986175,0.85,25
1719463986811,0.85,100
1719463987290,0.9,1675
1719463987290,0.9,1675
1719463987290,0.9,1675
1719463987290,0.9,1675
1719463989632,0.85,100
1719463989632,0.85,100
1719463989632,0.85,100
1719463989632,0.85,100
1719463992594,0.85,25
1719463993131,0.9,25
1719463993131,0.9,25
1719463993615,0.85,75
1719463993615,0.85,75
1719463994851,0.85,200
1719463994851,0.85,200
1719463995406,0.85,275
1719463995406,0.85,275
1719463996883,0.9,125
1719463997424,0.9,250
1719463997424,0.9,250
1719463998224,0.9,100
1719463999360,0.9,475
1719463999787,0.9,50
1719463999787,0.9,50
1719464000915,0.9,650
1719464000915,0.9,650
1719464001399,0.85,250
1719464001399,0.85,250
1719464003507,0.9,400
1719464004584,0.9,100
1719464004584,0.9,100
1719464006138,0.9,25
1719464006535,0.85,450
1719464007060,0.9,25
1719464007243,0.9,25
1719464007690,0.9,1100
1719464008300,0.85,200
1719464008756,0.9,200
1719464009248,0.9,25
1719464009248,0.9,25
1719464010526,0.9,25
1719464010962,0.9,25
1719464011058,0.9,25
1719464011058,0.9,25
1719464012222,0.9,1075
1719464012953,0.9,25
1719464012953,0.9,25
1719464012953,0.9,25
1719464015639,0.9,100
1719464016229,0.9,100
1719464016229,0.9,100
1719464016988,0.9,575
1719464016988,0.9,575
1719464016988,0.9,575
1719464019433,0.85,125
1719464019433,0.85,125
1719464020232,0.9,275
1719464020664,0.85,25
1719464020664,0.85,25
1719464020664,0.85,25
1719464023299,0.85,1800
1719464023299,0.85,1800
1719464023299,0.85,1800
1719464025463,0.85,550
1719464025503,0.9,75
1719464025503,0.9,75
1719464025503,0.9,75
1719464025503,0.9,75
1719464027458,0.9,25
1719464028267,0.9,50
1719464029576,0.85,25
1719464029576,0.85,25
1719464029576,0.85,25
1719464029576,0.85,25
1719464031797,0.9,300
1719464031946,0.9,1325
1719464031946,0.9,1325
1719464032359,0.85,600
1719464033162,0.9,1350
1719464034107,0.85,125
1719464034907,0.85,125
1719464035307,0.85,125
1719464036074,0.85,50
1719464036381,0.9,75
1719464037027,0.85,125
1719464037027,0.85,125
1719464037027,0.85,125
1719464037027,0.85,125
1719464037027,0.85,125
1719464040082,0.85,50
1719464041109,0.9,425
1719464041775,0.85,150
1719464041775,0.85,150
1719464043025,0.9,50
1719464043025,0.9,50
1719464044304,0.9,350
1719464044327,0.9,1450
1719464044327,0.9,1450
1719464045505,0.85,450
1719464045505,0.85,450
1719464045505,0.85,450
1719464046880,0.9,100
1719464047526,0.85,75
1719464047526,0.85,75
1719464047526,0.85,75
1719464049753,0.9,1700
1719464049753,0.9,1700
1719464049753,0.9,1700
1719464050965,0.85,125
1719464051336,0.85,125
1719464052204,0.85,125
1719464052422,0.85,125
1719464053041,0.85,125
1719464053622,0.85,125
1719464054097,0.9,75
1719464054338,0.85,125
1719464055080,0.9,500
1719464055515,0.9,400
1719464056109,0.9,200
1719464056522,0.9,375
1719464056832,0.9,125
1719464056832,0.9,125
1719464056832,0.9,125
1719464056832,0.9,125
1719464059877,0.9,250
1719464059877,0.9,250
1719464060747,0.9,100
1719464061052,0.85,50
1719464061111,0.85,50
1719464061489,0.85,25
1719464061489,0.85,25
1719464061489,0.85,25
1719464063671,0.85,600
1719464063671,0.85,600
1719464073813,0.9,725
1719464074593,0.9,50
1719464074593,0.9,50
1719464075601,0.85,50
1719464075601,0.85,50
1719464077326,0.85,100
1719464077759,0.9,500
1719464078019,0.9,1275
1719464078488,0.85,75
1719464078488,0.85,75
1719464079642,0.9,1225
1719464080264,0.9,25
1719464080427,0.9,25
1719464081421,0.9,25
1719464081571,0.9,25
1719464082167,0.9,225
1719464082897,0.9,50
1719464082897,0.9,50
1719464082897,0.9,50
1719464088587,0.9,1300
1719464089467,0.9,50
1719464089467,0.9,50
1719464089467,0.9,50
1719464091032,0.9,25
1719464091032,0.9,25
1719464092147,0.9,500
1719464092147,0.9,500
1719464092914,0.9,25
1719464093230,0.9,1500
1719464093230,0.9,1500
1719464094330,0.85,1250
1719464094330,0.85,1250
1719464095783,0.9,300
1719464095783,0.9,300
1719464097000,0.85,250
1719464097000,0.85,250
1719464098311,0.9,100
1719464098311,0.9,100
1719464099172,0.9,100
1719464099172,0.9,100
1719464099172,0.9,100
1719464100756,0.9,125
1719464101124,0.9,325
1719464101958,0.9,375
1719464101958,0.9,375
1719464120456,0.85,175
1719464120456,0.85,175
1719464121111,0.85,250
1719464121255,0.9,25
1719464121255,0.9,25
1719464122189,0.9,500
1719464122967,0.85,175
1719464123262,0.85,75
1719464123782,0.9,25
1719464123782,0.9,25
1719464123782,0.9,25
1719464123782,0.9,25
1719464126861,0.9,1675
1719464126977,0.9,675
1719464126977,0.9,675
1719464126977,0.9,675
1719464129361,0.9,25
1719464129361,0.9,25
1719464130523,0.9,700
1719464130523,0.9,700
1719464131146,0.85,25
1719464131146,0.85,25
1719464159177,0.85,275
1719464159177,0.85,275
1719464159177,0.85,275
1719464160215,0.85,275
1719464161206,0.85,275
1719464161690,0.85,500
1719464162180,0.85,150
1719464162542,0.9,1500
1719464163240,0.85,25
1719464163240,0.85,25
1719464163240,0.85,25
1719464164227,0.85,25
1719464164785,0.9,175
1719464165269,0.85,25
1719464166030,0.85,625
1719464166261,0.85,100
1719464166261,0.85,100
1719464167355,0.9,1625
1719464167355,0.9,1625
1719464168654,0.85,25
1719464168654,0.85,25
1719464168654,0.85,25
1719464170692,0.85,50
1719464171220,0.85,125
1719464172195,0.85,1125
1719464173333,0.85,1125
1719464173567,0.85,100
1719464173567,0.85,100
1719464174422,0.85,400
1719464174422,0.85,400
1719464175510,0.9,1625
1719464175510,0.9,1625
1719464176948,0.9,75
1719464176948,0.9,75
1719464177408,0.85,25
1719464177408,0.85,25
1719464178320,0.85,25
1719464178320,0.85,25
1719464178320,0.85,25
1719464180807,0.9,75
1719464181390,0.85,25
1719464181390,0.85,25
1719464181390,0.85,25
1719464183157,0.85,25
1719464183157,0.85,25
1719464184534,0.9,250
1719464185153,0.9,350
1719464185729,0.9,50
1719464185729,0.9,50
1719464185729,0.9,50
1719464185729,0.9,50
1719464185729,0.9,50
1719464185729,0.9,50
1719464190153,0.85,25
1719464190153,0.85,25
1719464190153,0.85,25
1719464191964,0.85,75
1719464192180,0.9,575
1719464192631,0.9,50
1719464193049,0.9,625
1719464193049,0.9,625
1719464194199,0.9,50
1719464194263,0.85,25
1719464194263,0.85,25
1719464195620,0.85,125
1719464195948,0.85,25
1719464196330,0.9,225
1719464196330,0.9,225
1719464196330,0.9,225
1719464198200,0.9,1175
1719464198200,0.9,1175
1719464198200,0.9,1175
1719464198200,0.9,1175
1719464200053,0.85,125
1719464200782,0.85,125
1719464201082,0.85,125
1719464205850,0.85,100
1719464205850,0.85,100
1719464206338,0.9,800
1719464206338,0.9,800
1719464206338,0.9,800
1719464206338,0.9,800
1719464209171,0.9,400
1719464209171,0.9,400
1719464210489,0.9,25
1719464210489,0.9,25
1719464210816,0.9,325
1719464210816,0.9,325
1719464210816,0.9,325
1719464213654,0.9,1000
1719464213654,0.9,1000
1719464214891,0.9,200
1719464214891,0.9,200
1719464214891,0.9,200
1719464214891,0.9,200
1719464218226,0.85,1000
1719464218226,0.85,1000
1719464218999,0.9,75
1719464218999,0.9,75
1719464218999,0.9,75
1719464221503,0.9,250
1719464221743,0.85,125
1719464222130,0.85,150
1719464222732,0.9,350
1719464222732,0.9,350
1719464222732,0.9,350
1719464224825,0.85,900
1719464225430,0.85,425
1719464225605,0.85,750
1719464226064,0.85,200
1719464226064,0.85,200
1719464227037,0.9,75
1719464227576,0.9,300
1719464228598,0.85,75
1719464229194,0.9,25
1719464229513,0.9,100
1719464229513,0.9,100
1719464230445,0.85,625
1719464232741,0.85,25
1719464232741,0.85,25
1719464232741,0.85,25
1719464234698,0.9,50
1719464234698,0.9,50
1719464234698,0.9,50
1719464234698,0.9,50
1719464237962,0.9,550
1719464238356,0.85,200
1719464238526,0.85,525
1719464238972,0.9,550
1719464238972,0.9,550
1719464240102,0.9,25
1719464240102,0.9,25
1719464240785,0.85,25
1719464240785,0.85,25
1719464242699,0.9,125
1719464242699,0.9,125
1719464242699,0.9,125
1719464242699,0.9,125
1719464242699,0.9,125
1719464245796,0.85,125
1719464245796,0.85,125
1719464245796,0.85,125
1719464248321,0.9,25
1719464248872,0.9,1400
1719464248872,0.9,1400
1719464249340,0.9,50
1719464249340,0.9,50
1719464250917,0.9,200
1719464251408,0.9,1650
1719464251702,0.85,25
1719464251702,0.85,25
1719464252702,0.85,250
1719464252702,0.85,250
1719464253606,0.85,100
1719464254380,0.85,500
1719464255149,0.9,1250
1719464255868,0.9,950
1719464256159,0.9,950
1719464256876,0.9,50
1719464257145,0.85,425
1719464257945,0.9,75
1719464258225,0.9,75
1719464259286,0.9,25
1719464260228,0.9,25
1719464260588,0.9,1750
1719464261184,0.85,300
1719464261624,0.9,300
1719464262378,0.9,425
1719464263037,0.85,25
1719464263037,0.85,25
1719464263037,0.85,25
1719464263964,0.85,300
1719464264386,0.85,100
1719464264892,0.85,125
1719464265532,0.9,1775
1719464265819,0.85,75
1719464266742,0.85,75
1719464267098,0.9,1775
1719464267555,0.9,1675
1719464267888,0.9,250
1719464268597,0.9,1425
1719464269190,0.85,25
1719464269818,0.9,350
1719464270169,0.9,50
1719464270411,0.9,150
1719464271219,0.85,75
1719464271670,0.85,25
1719464271670,0.85,25
1719464272957,0.85,150
1719464273234,0.85,25
1719464274217,0.85,75
1719464274217,0.85,75
1719464275050,0.85,50
1719464275050,0.85,50
1719464290965,0.85,25
1719464291790,0.85,500
1719464292260,0.85,125
1719464292734,0.85,125
1719464293182,0.85,125
1719464293372,0.85,125
1719464294148,0.85,500
1719464294897,0.85,125
1719464294897,0.85,125
1719464295820,0.85,50
1719464296052,0.9,975
1719464296954,0.85,125
1719464296954,0.85,125
1719464297368,0.85,125
1719464298257,0.85,125
1719464298257,0.85,125
1719464299107,0.9,1700
1719464299433,0.9,125
1719464300267,0.85,1275
1719464300780,0.85,500
1719464301206,0.85,75
1719464302277,0.85,1525
1719464302371,0.85,425
1719464303116,0.9,1675
1719464303363,0.9,975
1719464304205,0.85,125
1719464304392,0.85,625
1719464305274,0.85,175
1719464305274,0.85,175
1719464305762,0.85,125
1719464305762,0.85,125
1719464305762,0.85,125
1719464308251,0.9,1500
1719464308462,0.9,1475
1719464308462,0.9,1475
1719464309575,0.9,1475
1719464310172,0.85,100
1719464311010,0.9,200
1719464311010,0.9,200
1719464311807,0.9,500
1719464312395,0.9,800
1719464313049,0.85,175
1719464314108,0.9,1150
1719464314388,0.85,550
1719464314388,0.85,550
1719464315677,0.9,375
1719464316120,0.9,1075
1719464316425,0.9,350
1719464317081,0.9,1025
1719464317317,0.9,25
1719464318283,0.85,1250
1719464318632,0.9,450
1719464318985,0.9,450
1719464320066,0.9,25
1719464320361,0.85,25
1719464321000,0.9,150
1719464321414,0.85,125
1719464322211,0.85,125
1719464322465,0.9,1725
1719464323072,0.9,700
1719464323833,0.9,725
1719464323945,0.85,25
1719464324618,0.85,25
1719464324618,0.85,25
1719464325619,0.85,25
1719464326000,0.85,75
1719464326700,0.9,250
1719464327000,0.85,500
1719464328000,0.85,500
1719464328272,0.85,25
1719464328338,0.85,75
1719464329000,0.85,500
1719464330000,0.85,150
1719464330000,0.85,150
1719464330353,0.9,25
1719464331273,0.85,150
1719464366873,0.85,50
1719464366873,0.85,50
1719464366873,0.85,50
1719464368126,0.85,75
1719464368667,0.85,1275
1719464368708,0.9,25
1719464369651,0.9,25
1719464370155,0.85,50
1719464370704,0.9,25
1719464371224,0.9,200
1719464371666,0.9,25
1719464372273,0.9,25
1719464372673,0.9,25
1719464373323,0.9,100
1719464378282,0.85,400
1719464378767,0.9,25
1719464378767,0.9,25
1719464379852,0.9,400
1719464380116,0.85,75
1719464380896,0.85,50
1719464381103,0.85,125
1719464382107,0.85,200
1719464382107,0.85,200
1719464382107,0.85,200
1719464383034,0.85,600
1719464383034,0.85,600
1719464383813,0.9,25
1719464383813,0.9,25
1719464385105,0.85,75
1719464385816,0.9,25
1719464385985,0.9,1075
1719464386805,0.9,25
1719464386805,0.9,25
1719464387812,0.9,25
1719464388151,0.9,100
1719464388892,0.85,50
1719464389325,0.85,375
1719464389875,0.85,50
1719464390063,0.85,600
1719464391102,0.85,750
1719464391102,0.85,750
1719464391753,0.85,150
1719464392062,0.85,175
1719464392901,0.85,700
1719464393163,0.85,1400
1719464393704,0.85,550
1719464394317,0.85,700
1719464394784,0.85,275
1719464394784,0.85,275
1719464395735,0.85,25
1719464395946,0.85,1200
1719464397846,0.85,1475
1719464397846,0.85,1475
1719464398800,0.85,1000
1719464398800,0.85,1000
1719464400001,0.9,50
1719464400302,0.9,50
1719464401069,0.9,25
1719464401279,0.85,700
1719464402138,0.9,50
1719464402182,0.9,125
1719464403110,0.9,250
1719464403310,0.9,50
1719464404116,0.9,375
1719464404237,0.9,450
1719464404524,0.85,100
1719464405319,0.9,600
1719464405760,0.85,200
1719464406255,0.9,450
1719464406704,0.9,450
1719464407144,0.9,450
1719464407807,0.85,375
1719464408285,0.85,225
1719464409159,0.85,500
1719464409202,0.9,25
1719464409715,0.85,100
1719464410307,0.85,100
1719464410735,0.85,100
1719464411270,0.85,150
1719464411652,0.9,600
1719464412267,0.9,100
1719464412639,0.9,525
1719464413296,0.85,25
1719464413626,0.85,500
1719464414107,0.85,25
1719464415148,0.85,200
1719464415335,0.9,25
1719464415638,0.85,225
1719464416325,0.85,400
1719464416383,0.85,100
1719464417305,0.9,50
1719464417373,0.85,500
1719464417830,0.85,50
1719464417830,0.85,50
1719464419100,0.9,850
1719464419556,0.9,25
1719464420134,0.9,325
1719464420573,0.85,625
1719464420911,0.9,75
1719464420911,0.9,75
1719464422343,0.85,75
1719464422343,0.85,75
1719464423224,0.9,400
1719464423224,0.9,400
1719464424154,0.85,575
1719464424366,0.85,775
1719464424366,0.85,775
1719464425939,0.9,75
1719464426352,0.85,400
1719464426972,0.85,200
1719464427132,0.9,50
1719464427982,0.9,75
1719464428038,0.85,300
1719464429106,0.85,200
1719464429106,0.85,200
1719464429106,0.85,200
1719464430585,0.85,25
1719464430585,0.85,25
1719464431867,0.9,350
1719464432333,0.85,125
1719464432961,0.9,250
1719464433157,0.85,300
1719464433157,0.85,300
1719464434086,0.85,25
1719464434086,0.85,25
1719464435159,0.9,600
1719464435812,0.9,600
1719464435812,0.9,600
1719464436845,0.9,50
1719464436845,0.9,50
1719464437593,0.9,650
1719464438065,0.9,475
1719464438065,0.9,475
1719464439290,0.85,25
1719464439290,0.85,25
1719464440116,0.9,250
1719464440602,0.9,225
1719464441355,0.85,25
1719464441572,0.85,25
1719464442206,0.85,25
1719464442814,0.85,25
1719464443307,0.9,1475
1719464444011,0.9,25
1719464444225,0.85,150
1719464445211,0.85,25
1719464445351,0.85,25
1719464445496,0.85,25
1719464445496,0.85,25
1719464446795,0.85,25
1719464447337,0.85,25
1719464447929,0.85,25
1719464448347,0.9,250
1719464449170,0.85,25
1719464449249,0.9,250
1719464450106,0.9,50
1719464450106,0.9,50
1719464451213,0.85,25
1719464451330,0.85,25
1719464453218,0.85,100
1719464453347,0.85,25
1719464453584,0.85,25
1719464465400,0.85,600
1719464465400,0.85,600
1719464465400,0.85,600
1719464467029,0.85,800
1719464467029,0.85,800
1719464467029,0.85,800
1719464467029,0.85,800
1719464470874,0.9,250
1719464471077,0.85,25
1719464471077,0.85,25
1719464471077,0.85,25
1719464471746,0.9,50
1719464471746,0.9,50
1719464472695,0.85,250
1719464473780,0.85,125
1719464473780,0.85,125
1719464474825,0.85,250
1719464474937,0.85,500
1719464475848,0.85,550
1719464475848,0.85,550
1719464477004,0.85,25
1719464477004,0.85,25
1719464478165,0.85,700
1719464479003,0.85,225
1719464479003,0.85,225
1719464506727,0.85,1050
1719464506727,0.85,1050
1719464506727,0.85,1050
1719464506727,0.85,1050
1719464511476,0.9,450
1719464512247,0.85,25
1719464512368,0.85,25
1719464519462,0.85,25
1719464519462,0.85,25
1719464519462,0.85,25
1719464519462,0.85,25
1719464523189,0.9,50
1719464523384,0.9,50
1719464523732,0.9,175
1719464524217,0.9,50
1719464525025,0.85,50
1719464525025,0.85,50
1719464536687,0.85,25
1719464536897,0.9,25
1719464537205,0.9,925
1719464537205,0.9,925
1719464537981,0.85,125
1719464538954,0.9,125
1719464538954,0.9,125
1719464538954,0.9,125
1719464538954,0.9,125
1719464538954,0.9,125
1719464538954,0.9,125
1719464543099,0.85,725
1719464543099,0.85,725
1719464543099,0.85,725
1719464545494,0.9,50
1719464545494,0.9,50
1719464545494,0.9,50
1719464546989,0.85,875
1719464547197,0.9,25
1719464547197,0.9,25
1719464547197,0.9,25
1719464549583,0.9,400
1719464549583,0.9,400
1719464563238,0.85,50
1719464563954,0.85,25
1719464564353,0.85,25
1719464564730,0.85,25
1719464564730,0.85,25
1719464565965,0.9,125
1719464566913,0.85,100
1719464567467,0.9,300
1719464568189,0.9,25
1719464568189,0.9,25
1719464568189,0.9,25
1719464570321,0.85,25
1719464570321,0.85,25
1719464572162,0.85,125
1719464572350,0.85,125
1719464572494,0.85,25
1719464572494,0.85,25
1719464573537,0.85,125
1719464573953,0.85,25
1719464574146,0.85,125
1719464575050,0.85,50
1719464575419,0.9,400
1719464576117,0.85,125
1719464576321,0.9,1000
1719464577020,0.85,125
1719464577387,0.85,125
1719464578141,0.85,25
1719464586044,0.85,50
1719464587362,0.9,250
1719464587662,0.9,500
1719464587662,0.9,500
1719464587662,0.9,500
1719464589452,0.9,25
1719464589706,0.85,1250
1719464589706,0.85,1250
1719464591079,0.9,25
1719464592284,0.9,925
1719464593421,0.95,75
1719464593988,0.9,1400
1719464594654,0.9,925
1719464594654,0.9,925
1719464596804,0.9,250
1719464596804,0.9,250
1719464597240,0.95,75
1719464597887,0.9,375
1719464597887,0.9,375
1719464597887,0.9,375
1719464600903,0.9,125
1719464601386,0.95,50
1719464601482,0.9,50
1719464602450,0.9,25
1719464603399,0.9,25
1719464603766,0.9,25
1719464604138,0.9,25
1719464604575,0.9,25
1719464605661,0.9,50
1719464606017,0.9,25
1719464606417,0.9,25
1719464607124,0.9,25
1719464607640,0.9,50
1719464608185,0.9,25
1719464608465,0.95,25
1719464609249,0.9,25
1719464609249,0.9,25
1719464610652,0.9,150
1719464610796,0.9,50
1719464611692,0.95,150
1719464611692,0.95,150
1719464612648,0.95,25
1719464626278,0.9,50
1719464626531,0.95,25
1719464627327,0.9,25
1719464628447,0.9,125
1719464629393,0.95,50
1719464629393,0.95,50
1719464630073,0.9,125
1719464631065,0.95,25
1719464631422,0.95,225
1719464632036,0.95,75
1719464632416,0.95,150
1719464633207,0.95,150
1719464633352,0.95,250
1719464634252,0.95,75
1719464634479,1.0,300
1719464635458,1.0,25
1719464636000,1.0,500
1719464636636,1.0,25
1719464637213,0.95,200
1719464637213,0.95,200
1719464638408,0.95,100
1719464638548,0.95,300
1719464639666,0.95,250
1719464640008,0.95,25
1719464640229,1.0,1600
1719464641416,0.95,100
1719464641642,0.95,150
1719464642666,0.95,100
1719464642884,0.95,100
1719464643310,0.95,150
1719464644000,0.95,500
1719464644651,1.0,1425
1719464645000,0.95,500
1719464645000,0.95,500
1719464646080,0.95,1475
1719464646429,1.0,50
1719464647495,0.95,25
1719464647495,0.95,25
1719464648323,0.95,250
1719464649211,0.95,1250
1719464650400,0.95,25
1719464650400,0.95,25
1719464650400,0.95,25
1719464651500,0.95,25
1719464652169,1.0,400
