time,price,volume
1719461503392,120.55,25
1719461504508,120.9,100
1719461505082,121.05,200
1719461505761,120.8,25
1719461506559,120.4,25
1719461506839,120.8,200
1719461507533,120.65,100
1719461508343,120.85,25
1719461508343,120.85,25
1719461509483,120.5,450
1719461510162,120.6,25
1719461510162,120.6,25
1719461511582,120.45,25
1719461511637,120.75,100
1719461512483,120.95,25
1719461513564,120.4,125
1719461513619,120.65,25
1719461514480,120.95,25
1719461515269,120.85,150
1719461515412,120.6,25
1719461516538,121.6,25
1719461516538,121.6,25
1719461517437,121.0,100
1719461518466,120.15,50
1719461519366,120.0,175
1719461520211,120.5,150
1719461520385,120.4,25
1719461520628,120.5,25
1719461521456,120.3,50
1719461521829,120.25,25
1719461522559,119.95,25
1719461523688,118.9,25
1719461524000,118.7,25
1719461524961,118.2,50
1719461524961,118.2,50
1719461525367,118.4,350
1719461526592,118.0,50
1719461526933,117.4,50
1719461527467,117.3,25
1719461528517,117.05,25
1719461528517,117.05,25
1719461529195,117.5,50
1719461530259,117.7,25
1719461530259,117.7,25
1719461531360,117.7,25
1719461531360,117.7,25
1719461532748,118.05,25
1719461533841,117.8,25
1719461533945,118.0,250
1719461535277,118.0,25
1719461535612,117.85,25
1719461536312,117.9,100
1719461536856,117.5,25
1719461537609,117.45,25
1719461537759,117.8,25
1719461537759,117.8,25
1719461538948,117.75,75
1719461540139,117.4,50
1719461540745,117.05,50
1719461541894,117.15,50
1719461541894,117.15,50
1719461542611,117.1,25
1719461543260,116.7,25
1719461543747,116.4,25
1719461544385,116.55,25
1719461545140,116.4,50
1719461545573,115.75,125
1719461546203,115.25,50
1719461547083,115.95,50
1719461547188,116.0,125
1719461548780,117.0,75
1719461549523,116.65,25
1719461550075,116.55,150
1719461550394,116.5,25
1719461550394,116.5,25
1719461551306,116.65,25
1719461551306,116.65,25
1719461552742,116.65,25
1719461552967,116.45,50
1719461552967,116.45,50
1719461554658,117.0,25
1719461555322,116.75,25
1719461555635,116.8,25
1719461556292,117.0,25
1719461556953,116.75,50
1719461557510,117.4,25
1719461557510,117.4,25
1719461558964,117.5,50
1719461559794,117.0,100
1719461559794,117.0,100
1719461560488,117.4,25
1719461561296,117.3,50
1719461562063,117.0,175
1719461562570,117.15,150
1719461563272,116.0,25
1719461563272,116.0,25
1719461564840,115.85,25
1719461565367,115.5,50
1719461565610,115.65,25
1719461566474,115.9,50
1719461567114,115.8,25
1719461567114,115.8,25
1719461567863,116.0,125
1719461567863,116.0,125
1719461569293,116.15,50
1719461570027,116.0,125
1719461570027,116.0,125
1719461571510,117.0,75
1719461571510,117.0,75
1719461572791,116.85,25
1719461573611,117.05,75
1719461573611,117.05,75
1719461574591,117.05,75
1719461575134,116.95,25
1719461575134,116.95,25
1719461576848,117.55,175
1719461577214,118.0,100
1719461577490,117.85,25
1719461578559,117.8,50
1719461578739,118.1,25
1719461579660,118.15,25
1719461579660,118.15,25
1719461580448,117.8,25
1719461580779,117.6,25
1719461581185,117.65,25
1719461581185,117.65,25
1719461583181,118.0,25
1719461583569,118.0,25
1719461583569,118.0,25
1719461585051,117.7,25
1719461585844,117.4,125
1719461586362,116.95,25
1719461587228,117.2,25
1719461587660,117.05,125
1719461588456,116.85,175
1719461588456,116.85,175
1719461589269,116.85,50
1719461590038,116.45,25
1719461591072,116.25,25
1719461591072,116.25,25
1719461592845,116.3,25
1719461593251,116.3,25
1719461593251,116.3,25
1719461594472,117.0,50
1719461594773,117.0,75
1719461596457,118.0,50
1719461596791,117.65,125
1719461596791,117.65,125
1719461598542,117.9,75
1719461598823,118.05,75
1719461599575,118.25,50
1719461600320,117.95,75
1719461601583,118.3,50
1719461602078,117.55,25
1719461602078,117.55,25
1719461603367,117.2,25
1719461603367,117.2,25
1719461604223,117.0,25
1719461605089,117.25,25
1719461606597,118.0,25
1719461606919,117.6,75
1719461607455,117.55,75
1719461608262,116.8,50
1719461608713,117.25,25
1719461608713,117.25,25
1719461610567,117.2,50
1719461610567,117.2,50
1719461611501,117.9,150
1719461612080,117.5,25
1719461612539,117.75,25
1719461612539,117.75,25
1719461613950,117.45,25
1719461615027,117.2,25
1719461615617,117.15,325
1719461615617,117.15,325
1719461616555,117.35,25
1719461616732,117.7,25
1719461617635,117.3,100
1719461618277,116.75,25
1719461618805,116.95,50
1719461618805,116.95,50
1719461620648,117.5,25
1719461621756,118.25,25
1719461621756,118.25,25
1719461622805,118.0,75
1719461623627,118.3,25
1719461623627,118.3,25
1719461624967,119.25,50
1719461625284,119.3,25
1719461625284,119.3,25
1719461626341,119.6,225
1719461627280,119.25,25
1719461627568,119.3,600
1719461628626,120.0,575
1719461628626,120.0,575
1719461628952,119.4,150
1719461630492,119.65,100
1719461632008,118.6,25
1719461632008,118.6,25
1719461632705,119.95,50
1719461633853,119.6,75
1719461635043,119.65,25
1719461635267,119.4,100
1719461636612,119.6,25
1719461637008,119.75,50
1719461637356,119.65,25
1719461638696,119.35,50
1719461638696,119.35,50
1719461639684,119.3,975
1719461640403,119.25,50
1719461640749,119.05,25
1719461640749,119.05,25
1719461642232,118.95,25
1719461642577,118.75,25
1719461642577,118.75,25
1719461643935,119.35,25
1719461644405,119.6,250
1719461645736,119.1,50
1719461646539,119.3,25
1719461646945,119.7,25
1719461647688,119.35,50
1719461648426,119.2,25
1719461649634,119.25,50
1719461650200,119.25,950
1719461650200,119.25,950
1719461651363,119.6,125
1719461651363,119.6,125
1719461652926,120.0,50
1719461653478,119.95,200
1719461653791,119.7,50
1719461654758,120.25,75
1719461655253,120.5,25
1719461655253,120.5,25
1719461656684,119.65,25
1719461656684,119.65,25
1719461657216,119.9,75
1719461658678,119.2,100
1719461658716,119.1,25
1719461659304,119.15,150
1719461659832,119.35,25
1719461659832,119.35,25
1719461661477,118.9,50
1719461661919,118.55,50
1719461661919,118.55,50
1719461663127,117.9,25
1719461663878,118.0,25
1719461664542,117.85,25
1719461665400,117.75,25
1719461665400,117.75,25
1719461666683,118.4,25
1719461666683,118.4,25
1719461667409,118.9,25
1719461668277,119.3,25
1719461669369,119.15,25
1719461670532,119.65,675
1719461670532,119.65,675
1719461671333,119.5,75
1719461671820,119.6,50
1719461672468,118.95,100
1719461673393,119.25,100
1719461673983,118.8,100
1719461675446,118.9,50
1719461675446,118.9,50
1719461676708,119.2,175
1719461676708,119.2,175
1719461677811,119.4,50
1719461678167,119.0,25
1719461679138,118.45,75
1719461679138,118.45,75
1719461680780,118.2,25
1719461681610,118.85,50
1719461682104,119.1,25
1719461682596,118.9,425
1719461682926,118.85,150
1719461682926,118.85,150
1719461684641,119.35,25
1719461684945,119.65,25
1719461684945,119.65,25
1719461686422,119.4,50
1719461686855,119.6,50
1719461687712,119.4,300
1719461688754,119.15,225
1719461689574,119.3,75
1719461690566,119.4,75
1719461690566,119.4,75
1719461691374,119.8,25
1719461692275,119.65,50
1719461692571,119.75,50
1719461692963,119.25,200
1719461694625,119.7,25
1719461695341,119.8,25
1719461695341,119.8,25
1719461696689,119.55,25
1719461696689,119.55,25
1719461697291,119.8,100
1719461698647,119.1,25
1719461698647,119.1,25
1719461699537,118.7,25
1719461699537,118.7,25
1719461700656,119.15,325
1719461700656,119.15,325
1719461701699,119.6,25
1719461702041,119.7,25
1719461702684,120.25,25
1719461702925,119.65,125
1719461704802,119.65,75
1719461705599,119.0,100
1719461705599,119.0,100
1719461706944,118.7,50
1719461706944,118.7,50
1719461707736,117.85,75
1719461708467,118.3,50
1719461708467,118.3,50
1719461710128,118.25,25
1719461710244,118.8,50
1719461711645,119.35,325
1719461711645,119.35,325
1719461712925,119.0,150
1719461713542,118.8,25
1719461713542,118.8,25
1719461714591,118.6,25
1719461715545,118.55,25
1719461715545,118.55,25
1719461716685,118.05,50
1719461716923,118.35,25
1719461717653,118.45,50
1719461718594,119.0,25
1719461719929,119.5,75
1719461720352,120.0,25
1719461720352,120.0,25
1719461722290,119.3,25
1719461723365,119.05,25
1719461723365,119.05,25
1719461748371,122.95,125
1719461748371,122.95,125
1719461749609,123.0,350
1719461750644,123.2,25
1719461750959,123.45,150
1719461751718,123.75,50
1719461752192,124.0,25
1719461752720,123.95,25
1719461753885,123.2,25
1719461753885,123.2,25
1719461754539,122.95,25
1719461755412,123.45,125
1719461755711,123.3,25
1719461756559,123.7,25
1719461757004,123.75,50
1719461757760,123.25,25
1719461758548,122.7,100
1719461758821,123.4,50
1719461759613,123.05,25
1719461760591,123.45,25
1719461760889,123.8,175
1719461761698,123.8,100
1719461762296,124.35,100
1719461762396,123.9,50
1719461763561,123.9,75
1719461763561,123.9,75
1719461764772,124.75,300
1719461765514,124.1,600
1719461766920,124.0,150
1719461767300,124.05,25
1719461767745,123.9,25
1719461768781,123.85,100
1719461768781,123.85,100
1719461769717,123.8,25
1719461770644,123.8,25
1719461770644,123.8,25
1719461771778,123.75,25
1719461772215,123.0,25
1719461772534,123.15,75
1719461773333,123.35,50
1719461773333,123.35,50
1719461774833,123.0,25
1719461775531,123.5,25
1719461775981,122.95,25
1719461776615,122.85,25
1719461777262,123.35,50
1719461777513,123.35,100
1719461778763,123.15,250
1719461778763,123.15,250
1719461779673,123.15,150
1719461780610,123.0,25
1719461781680,123.4,275
1719461782319,124.1,25
1719461782932,123.55,375
1719461783698,124.15,75
1719461783698,124.15,75
1719461784522,124.0,250
1719461785707,124.2,150
1719461785707,124.2,150
1719461786866,125.25,25
1719461787210,125.35,25
1719461788158,126.35,150
1719461788727,126.1,25
1719461788935,126.5,25
1719461789447,126.9,75
1719461790718,126.95,25
1719461791765,126.2,75
1719461792297,126.35,150
1719461792792,125.85,50
1719461793896,126.1,200
1719461794633,125.5,150
1719461795476,125.6,100
1719461795476,125.6,100
1719461796826,125.5,25
1719461797326,125.7,50
1719461797743,125.6,100
1719461798673,126.35,25
1719461798673,126.35,25
1719461799409,126.4,25
1719461800662,125.95,50
1719461801633,126.25,50
1719461802271,125.55,425
1719461802930,126.0,225
1719461803690,126.35,25
1719461803807,126.55,175
1719461804947,126.35,25
1719461805737,126.0,125
1719461806755,126.3,25
1719461806755,126.3,25
1719461807727,126.05,25
1719461808955,125.6,25
1719461809584,125.95,25
1719461810801,126.35,50
1719461811657,126.2,100
1719461812302,126.0,25
1719461812536,126.15,25
1719461813687,125.75,325
1719461813687,125.75,325
1719461814605,125.95,50
1719461815430,125.6,250
1719461816673,125.75,25
1719461817138,124.35,25
1719461817723,124.65,25
1719461818777,124.95,25
1719461818944,124.65,25
1719461819685,124.4,200
1719461820704,124.85,100
1719461820704,124.85,100
1719461821278,124.9,50
1719461822211,124.5,100
1719461822211,124.5,100
1719461823781,124.6,100
1719461823959,124.55,25
1719461824732,124.0,25
1719461825165,124.3,25
1719461826657,123.55,100
1719461826998,123.95,25
1719461827632,123.8,50
1719461828263,123.6,50
1719461828867,124.05,50
1719461829814,123.9,100
1719461830468,123.6,25
1719461830468,123.6,25
1719461831915,123.45,50
1719461832111,123.45,200
1719461832333,123.5,50
1719461833815,124.6,50
1719461834936,124.9,25
1719461835550,126.0,25
1719461835813,126.15,25
1719461836756,125.6,225
1719461836975,125.55,100
1719461837594,125.55,25
1719461838648,124.8,25
1719461838648,124.8,25
1719461839792,124.35,25
1719461840341,124.25,25
1719461840948,124.1,25
1719461841554,124.05,25
1719461841934,124.0,25
1719461841934,124.0,25
1719461843604,124.65,250
1719461843990,124.35,25
1719461843990,124.35,25
1719461843990,124.35,25
1719461846100,124.6,250
1719461847233,124.9,25
1719461847819,124.8,50
1719461849015,124.8,25
1719461849514,125.0,125
1719461849514,125.0,125
1719461850700,124.35,25
1719461850700,124.35,25
1719461851383,124.9,150
1719461851914,124.8,100
1719461851914,124.8,100
1719461853598,124.1,50
1719461853598,124.1,50
1719461854312,124.4,200
1719461855105,124.7,100
1719461855105,124.7,100
1719461856397,125.15,250
1719461856397,125.15,250
1719461857724,124.6,50
1719461858761,124.65,100
1719461859031,124.7,25
1719461859031,124.7,25
1719461860412,124.1,150
1719461860796,124.25,200
1719461861637,124.6,50
1719461861637,124.6,50
1719461862475,124.9,50
1719461863663,124.5,50
1719461864063,124.7,75
1719461864063,124.7,75
1719461865644,124.95,25
1719461865644,124.95,25
1719461866505,125.5,100
1719461867204,125.05,50
1719461867933,124.75,50
1719461868913,124.9,50
1719461869284,124.65,25
1719461870652,124.25,150
1719461870652,124.25,150
1719461871480,124.5,25
1719461872261,123.95,250
1719461872282,123.85,100
1719461873943,123.85,25
1719461874901,122.85,25
1719461875666,123.4,100
1719461875666,123.4,100
1719461876961,123.3,100
1719461877224,123.05,50
1719461877839,123.25,175
1719461878634,122.95,25
1719461878986,122.9,25
1719461879805,122.8,100
1719461880480,122.8,100
1719461880480,122.8,100
1719461881641,122.9,25
1719461882174,122.15,50
1719461882932,122.4,100
1719461884083,123.0,100
1719461884681,122.8,25
1719461885384,122.95,250
1719461885708,123.2,25
1719461886020,122.95,100
1719461887225,123.1,25
1719461887509,123.2,25
1719461887889,123.3,25
1719461888932,123.15,25
1719461889557,123.2,25
1719461890120,122.65,50
1719461890120,122.65,50
1719461891800,122.3,25
1719461892267,122.1,25
1719461893028,122.1,25
1719461893607,121.95,725
1719461893932,122.2,200
1719461894513,122.35,100
1719461895078,122.05,200
1719461895775,121.9,25
1719461896833,122.2,25
1719461896833,122.2,25
1719461897727,122.0,25
1719461898533,122.0,425
1719461898911,121.55,25
1719461899780,122.0,50
1719461900505,122.65,100
1719461900839,122.25,225
1719461901579,122.85,25
1719461901952,123.2,300
1719461902677,123.35,50
1719461903858,123.4,75
1719461903927,123.15,25
1719461903927,123.15,25
1719461905599,123.1,125
1719461905718,122.7,25
1719461906456,122.25,25
1719461907214,122.2,25
1719461907934,122.55,125
1719461908563,122.25,175
1719461908563,122.25,175
1719461909776,122.4,50
1719461910657,121.9,200
1719461910657,121.9,200
1719461911574,121.3,100
1719461911574,121.3,100
1719461912932,121.6,75
1719461913561,121.95,25
1719461914089,121.4,25
1719461914573,120.95,50
1719461915654,121.3,50
1719461915654,121.3,50
1719461916468,120.7,300
1719461917038,120.95,25
1719461917407,121.05,25
1719461918692,121.05,50
1719461919096,121.1,325
1719461919730,121.4,250
1719461920150,121.2,25
1719461920150,121.2,25
1719461921846,122.5,300
1719461922264,122.55,350
1719461922777,122.1,50
1719461923838,122.25,75
1719461923948,122.0,75
1719461924823,122.1,25
1719461925627,122.4,125
1719461926070,123.2,250
1719461926070,123.2,250
1719461926070,123.2,250
1719461927546,122.85,25
1719461928861,122.85,200
1719461928909,122.5,100
1719461928909,122.5,100
1719461930196,122.75,25
1719461930853,122.65,50
1719461931233,123.0,125
1719461931233,123.0,125
1719461933229,122.35,125
1719461933229,122.35,125
1719461934404,122.55,250
1719461934740,122.25,25
1719461935579,122.6,25
1719461936604,121.95,25
1719461937256,122.3,100
1719461938032,122.2,75
1719461938519,122.35,25
1719461939116,122.35,25
1719461939467,122.65,25
1719461940802,123.0,25
1719461940802,123.0,25
1719461940948,123.0,100
1719461940948,123.0,100
1719461942534,122.4,25
1719461942934,122.35,50
1719461942934,122.35,50
1719461944525,122.5,75
1719461945095,122.85,25
1719461945095,122.85,25
1719461946877,123.1,100
1719461947314,123.1,75
1719461947395,123.1,125
1719461948439,123.25,50
1719461948439,123.25,50
1719461949608,123.8,25
1719461950890,123.45,75
1719461951461,123.65,25
1719461952146,124.0,25
1719461952490,123.55,175
1719461953700,123.8,25
1719461953700,123.8,25
1719461954563,124.1,25
1719461955309,123.8,25
1719461955309,123.8,25
1719461956816,123.95,50
1719461957347,123.8,25
1719461957886,124.25,75
1719461958574,124.65,25
1719461958574,124.65,25
1719461960036,125.0,200
1719461960873,125.85,75
1719461961866,127.5,25
1719461962012,126.4,25
1719461962823,126.75,200
1719461963648,127.05,50
1719461963648,127.05,50
1719461964131,126.75,25
1719461965508,127.4,25
1719461967280,126.65,50
1719461967280,126.65,50
1719461967621,126.85,25
1719461968835,126.55,25
1719461968835,126.55,25
1719461969689,126.6,25
1719461970346,126.95,25
1719461970874,126.8,25
1719461971957,127.05,200
1719461972424,126.95,25
1719461972668,127.25,25
1719461973756,127.15,75
1719461974022,126.75,25
1719461974216,126.8,25
1719461975795,126.55,25
1719461976848,126.75,75
1719461977162,126.45,25
1719461978040,126.7,25
1719461978857,126.0,25
1719461978857,126.0,25
1719461979709,126.0,100
1719461980215,126.2,350
1719461981890,126.5,25
1719461982412,126.7,225
1719461982850,126.8,25
1719461983976,127.75,175
1719461983976,127.75,175
1719461984893,127.75,250
1719461985425,127.55,75
1719461985910,127.75,25
1719461986851,127.75,25
1719461987421,127.45,25
1719461987689,127.35,25
1719461988787,127.6,150
1719461988787,127.6,150
1719461989871,127.6,150
1719461990691,127.6,25
1719461991248,127.7,25
1719461992388,127.9,25
1719461992388,127.9,25
1719461993878,127.4,25
1719461994038,127.55,25
1719461994238,127.6,25
1719461995857,128.0,25
1719461995946,127.95,25
1719461996860,126.7,75
1719461997356,126.95,25
1719461997860,126.95,25
1719461998824,126.7,25
1719461999057,127.15,25
1719461999854,127.25,100
1719462000515,127.2,25
1719462000515,127.2,25
1719462001012,127.3,25
1719462001840,128.0,100
1719462002351,128.45,25
1719462002666,128.35,25
1719462003600,127.35,25
1719462004017,127.65,25
1719462004789,127.6,100
1719462005687,127.75,25
1719462006071,127.6,100
1719462006731,128.15,25
1719462007463,128.65,25
1719462007569,128.35,25
1719462008914,129.0,300
1719462008914,129.0,300
1719462009739,128.75,25
1719462010737,128.6,25
1719462011069,128.75,250
1719462011699,128.4,25
1719462012460,128.35,75
1719462012853,128.9,150
1719462013862,128.65,25
1719462014064,128.4,50
1719462015022,128.5,25
1719462015726,128.8,25
1719462017005,128.55,50
1719462017453,128.7,25
1719462017859,129.0,125
1719462018877,129.05,250
1719462018991,129.05,50
1719462020026,129.4,150
1719462020410,129.5,350
1719462020410,129.5,350
1719462022242,127.95,50
1719462022439,128.05,25
1719462022795,128.05,100
1719462023513,127.7,25
1719462023948,127.9,25
1719462024816,126.55,25
1719462025828,127.6,25
1719462025828,127.6,25
1719462026817,127.4,25
1719462027341,126.85,25
1719462028038,126.7,25
1719462028889,126.95,150
1719462028889,126.95,150
1719462029637,127.2,125
1719462030699,127.4,25
1719462030699,127.4,25
1719462030699,127.4,25
1719462031270,128.0,50
1719462032463,127.65,75
1719462032742,127.65,25
1719462033198,127.8,25
1719462033198,127.8,25
1719462034803,127.5,25
1719462035826,127.85,25
1719462037058,128.05,25
1719462037264,127.75,75
1719462038106,127.6,25
1719462038858,127.8,25
1719462039131,127.5,125
1719462039131,127.5,125
1719462040304,128.05,200
1719462041802,127.35,50
1719462042208,127.2,25
1719462043016,127.65,100
1719462043459,127.75,200
1719462044026,127.45,50
1719462044884,127.35,75
1719462045788,127.5,400
1719462046686,127.45,50
1719462047392,127.45,25
1719462047936,127.45,125
1719462048656,128.0,50
1719462049944,128.0,125
1719462050854,128.35,375
1719462051946,128.65,100
1719462052553,128.75,50
1719462052937,128.85,50
1719462053484,129.2,50
1719462054014,129.35,25
1719462054925,128.55,25
1719462055030,128.5,25
1719462056671,128.35,25
1719462056671,128.35,25
1719462058138,127.85,25
1719462058856,127.45,50
1719462059154,127.6,125
1719462059948,127.95,25
1719462060507,128.25,25
1719462060507,128.25,25
1719462061091,128.9,25
1719462061770,129.0,25
1719462062417,129.25,25
1719462062573,129.2,50
1719462063864,128.55,25
1719462064056,128.45,50
1719462064736,127.75,25
1719462065633,128.0,25
1719462065633,128.0,25
1719462066750,127.6,25
1719462066971,127.65,75
1719462067949,127.85,25
1719462068933,128.05,25
1719462068933,128.05,25
1719462070161,127.65,50
1719462070543,127.9,225
1719462070543,127.9,225
1719462071617,127.4,50
1719462072425,127.75,50
1719462072937,127.55,50
1719462074165,127.5,25
1719462074242,127.75,300
1719462074700,127.7,75
1719462075546,127.8,25
1719462075546,127.8,25
1719462076815,127.9,50
1719462077567,127.7,100
1719462077938,127.65,175
1719462078936,127.6,25
1719462078936,127.6,25
1719462079782,127.55,25
1719462080789,127.4,25
1719462080789,127.4,25
1719462082098,127.45,25
1719462082595,126.8,25
1719462083123,126.05,50
1719462083691,126.65,25
1719462083691,126.65,25
1719462084911,126.1,25
1719462085109,125.9,175
1719462085837,125.8,125
1719462087011,126.15,175
1719462087379,126.2,175
1719462087957,126.2,50
1719462088913,126.35,100
1719462088913,126.35,100
1719462089560,126.35,25
1719462090483,126.2,400
1719462090483,126.2,400
1719462091656,125.8,175
1719462092567,126.0,25
1719462092938,126.0,50
1719462094161,125.55,200
1719462094887,124.85,25
1719462095590,125.05,25
1719462095590,125.05,25
1719462096628,125.45,75
1719462096628,125.45,75
1719462098975,125.0,150
1719462099748,125.3,75
1719462100596,125.6,200
1719462100879,125.35,50
1719462101388,125.0,50
1719462102219,125.5,50
1719462102938,125.1,350
1719462103831,125.0,550
1719462103831,125.0,550
1719462104825,125.4,25
1719462105592,125.15,25
1719462105592,125.15,25
1719462106894,125.0,25
1719462107382,124.6,25
1719462107949,125.15,50
1719462108795,125.85,25
1719462109109,125.85,225
1719462109817,126.0,250
1719462110768,126.5,25
1719462110768,126.5,25
1719462111735,126.2,50
1719462112416,126.05,25
1719462112938,126.1,50
1719462113731,126.0,25
1719462113731,126.0,25
1719462114837,125.85,75
1719462114837,125.85,75
1719462117075,125.35,50
1719462117407,125.05,25
1719462117939,125.05,200
1719462118668,125.0,100
1719462118668,125.0,100
1719462119938,124.55,25
1719462119938,124.55,25
1719462121366,124.85,75
1719462121938,124.35,25
1719462122465,123.8,50
1719462122939,124.05,75
1719462124206,124.05,75
1719462124206,124.05,75
1719462125487,124.2,25
1719462125487,124.2,25
1719462126207,123.95,25
1719462126207,123.95,25
1719462127794,123.9,25
1719462128903,124.0,25
1719462129971,124.0,100
1719462130332,123.75,25
1719462130896,123.65,500
1719462131497,123.55,250
1719462132195,123.8,25
1719462132984,123.5,250
1719462134079,124.05,25
1719462134079,124.05,25
1719462134680,124.1,125
1719462135943,124.15,25
1719462136012,124.55,25
1719462137527,124.15,25
1719462137940,124.0,200
1719462138868,123.65,125
1719462139426,123.85,25
1719462140787,123.3,25
1719462140991,123.45,25
1719462141220,123.15,250
1719462142208,123.05,50
1719462142208,123.05,50
1719462143944,123.05,25
1719462143944,123.05,25
1719462144981,123.2,100
1719462145544,123.25,75
1719462145544,123.25,75
1719462146912,123.55,25
1719462147297,123.85,25
1719462147957,123.9,100
1719462148342,124.5,25
1719462148342,124.5,25
1719462149809,124.15,25
1719462150165,124.25,25
1719462150165,124.25,25
1719462151934,123.8,75
1719462152619,124.0,25
1719462152941,123.65,75
1719462153246,124.0,100
1719462154073,123.85,25
1719462154715,124.25,25
1719462155084,124.25,25
1719462155084,124.25,25
1719462156269,124.25,25
1719462157543,124.45,25
1719462157941,124.1,150
1719462158948,124.05,100
1719462159049,123.8,50
1719462159049,123.8,50
1719462160774,123.85,100
1719462160774,123.85,100
1719462161453,123.75,50
1719462162529,123.4,225
1719462162940,123.35,25
1719462163799,123.6,175
1719462164240,123.1,25
1719462164806,123.0,50
1719462165651,123.3,25
1719462165651,123.3,25
1719462166061,123.4,25
1719462167689,122.8,25
1719462167940,122.95,100
1719462168896,123.05,50
1719462168896,123.05,50
1719462169902,122.0,75
1719462170909,122.3,50
1719462170987,122.6,250
1719462171738,122.25,25
1719462172037,122.65,25
1719462172942,122.75,100
1719462173981,123.3,50
1719462174145,124.0,25
1719462175146,124.45,25
1719462175463,124.3,200
1719462176591,123.4,100
1719462177618,123.0,25
1719462177618,123.0,25
1719462178129,122.5,25
1719462179224,122.15,25
1719462179722,122.6,25
1719462180682,122.5,25
1719462180682,122.5,25
1719462180682,122.5,25
1719462182162,122.0,150
1719462182446,122.5,25
1719462182940,122.35,25
1719462183930,122.0,25
1719462184137,122.1,50
1719462184939,122.2,100
1719462185753,122.0,25
1719462185753,122.0,25
1719462187016,121.5,25
1719462187655,121.7,50
1719462187763,121.5,275
1719462188660,121.65,350
1719462189173,121.85,100
1719462189173,121.85,100
1719462190957,121.8,75
1719462191976,122.0,25
1719462192497,122.4,50
1719462192940,122.05,350
1719462193769,122.3,25
1719462194276,121.85,100
1719462194882,121.95,25
1719462195941,121.9,100
1719462195941,121.9,100
1719462196542,121.75,125
1719462196542,121.75,125
1719462197942,122.1,25
1719462198776,121.65,125
1719462199161,121.75,25
1719462199641,121.95,50
1719462200818,122.25,100
1719462201996,122.55,50
1719462202538,122.5,50
1719462202942,122.35,325
1719462203708,122.85,75
1719462204081,123.05,25
1719462204741,123.4,25
1719462205361,123.25,25
1719462206800,123.5,75
1719462207379,123.0,50
1719462207937,123.0,75
1719462208992,122.1,25
1719462208992,122.1,25
1719462210544,122.2,25
1719462210661,122.4,25
1719462210987,122.4,25
1719462211005,122.45,25
1719462211974,122.3,25
1719462212527,122.15,50
1719462212976,122.6,25
1719462213413,122.8,50
1719462214098,122.5,50
1719462215025,122.4,50
1719462215831,122.2,25
1719462216850,122.35,25
1719462217589,122.75,25
1719462217941,122.1,25
1719462218768,122.8,50
1719462219327,122.75,125
1719462219515,122.8,25
1719462220939,122.85,25
1719462221626,122.75,25
1719462222479,122.4,175
1719462222942,122.2,200
1719462223606,122.55,25
1719462223606,122.55,25
1719462223606,122.55,25
1719462226442,122.8,50
1719462227030,122.65,50
1719462227591,122.25,50
1719462227952,122.8,100
1719462227952,122.8,100
1719462229601,122.5,50
1719462230012,122.4,50
1719462231005,121.85,25
1719462231994,122.45,150
1719462232428,122.15,25
1719462232940,121.65,225
1719462233104,121.9,25
1719462234410,122.0,50
1719462234603,122.0,125
1719462235269,122.0,25
1719462236926,121.7,25
1719462237388,121.7,100
1719462238246,121.25,50
1719462239025,121.75,200
1719462239102,121.7,100
1719462240041,121.9,25
1719462240451,122.25,25
1719462240451,122.25,25
1719462241701,122.45,75
1719462241701,122.45,75
1719462242944,122.45,50
1719462243985,122.8,25
1719462244175,122.8,25
1719462244973,122.55,200
1719462246017,122.45,75
1719462247129,122.35,350
1719462247483,122.65,25
1719462247942,122.5,250
1719462249017,122.65,25
1719462249017,122.65,25
1719462250226,122.45,25
1719462251011,122.55,50
1719462251249,122.95,200
1719462252205,123.4,50
1719462252572,123.25,50
1719462253004,122.8,25
1719462253703,123.0,50
1719462254224,123.05,50
1719462255175,123.5,25
1719462255792,123.5,300
1719462256780,123.05,25
1719462257498,123.5,25
1719462257929,123.35,50
1719462259022,123.15,25
1719462259290,123.7,125
1719462260032,122.95,75
1719462260032,122.95,75
1719462261226,123.15,50
1719462262040,123.4,25
1719462262397,123.35,50
1719462262943,123.15,250
1719462263230,123.1,75
1719462264159,123.7,25
1719462265003,123.65,25
1719462265533,123.65,25
1719462265533,123.65,25
1719462266719,123.5,100
1719462267743,124.0,25
1719462267943,123.85,25
1719462268428,123.65,25
1719462269455,124.05,150
1719462270062,124.15,50
1719462270845,123.75,25
1719462271029,123.8,75
1719462271990,124.05,50
1719462272816,124.0,25
1719462273062,123.8,75
1719462273996,123.8,25
1719462274419,124.0,25
1719462274989,123.9,25
1719462276012,124.2,25
1719462277045,124.4,50
1719462277525,124.95,25
1719462278031,124.6,25
1719462279409,124.95,25
1719462280269,125.0,125
1719462281084,125.0,25
1719462282054,125.0,175
1719462282787,125.1,25
1719462283252,125.0,50
1719462283986,124.6,225
1719462284415,124.65,25
1719462285086,124.4,25
1719462286069,124.65,25
1719462286742,124.7,25
1719462286742,124.7,25
1719462287946,124.35,150
1719462289008,124.35,150
1719462289368,124.7,25
1719462290088,125.05,125
1719462291000,126.0,50
1719462291000,126.0,50
1719462292211,126.3,25
1719462292810,126.45,25
1719462293002,125.7,125
1719462293924,125.25,25
1719462294417,125.4,25
1719462294926,125.05,25
1719462296053,125.4,25
1719462297077,125.4,50
1719462297362,125.4,25
1719462297944,125.1,75
1719462298571,125.65,25
1719462299503,125.75,25
1719462299729,125.9,50
1719462300762,126.4,75
1719462301072,125.85,25
1719462301484,126.35,75
1719462302870,126.1,400
1719462303047,126.0,75
1719462303773,125.85,25
1719462303773,125.85,25
1719462305033,126.25,100
1719462305992,126.15,25
1719462305992,126.15,25
1719462306396,126.5,25
1719462307881,126.8,25
1719462307946,126.4,300
1719462308925,126.45,25
1719462309477,125.55,25
1719462310235,125.7,125
1719462311135,125.85,100
1719462312071,126.95,25
1719462312774,126.65,150
1719462313078,126.95,75
1719462313826,127.0,25
1719462314529,126.95,25
1719462314711,127.1,300
1719462316147,127.0,800
1719462316907,126.7,150
1719462317909,127.3,50
1719462318080,127.45,50
1719462318893,126.85,200
1719462319497,126.95,75
1719462320045,126.95,25
1719462320856,126.6,25
1719462322064,126.85,25
1719462322964,126.55,100
1719462322964,126.55,100
1719462323640,126.55,25
1719462324363,126.75,50
1719462325003,126.9,25
1719462325964,126.6,25
1719462326815,126.85,50
1719462327872,126.75,25
1719462328043,127.0,100
1719462328977,127.45,75
1719462329502,127.55,25
1719462329742,127.35,25
1719462330753,127.35,50
1719462330883,127.3,125
1719462330883,127.3,125
1719462331946,127.4,50
1719462332945,126.4,50
1719462334177,127.15,100
1719462334549,127.3,25
1719462335102,127.05,250
1719462335965,127.1,75
1719462335965,127.1,75
1719462336942,127.35,25
1719462338009,126.75,25
1719462338246,126.7,25
1719462339031,126.45,25
1719462339426,126.65,50
1719462339426,126.65,50
1719462341016,126.95,1000
1719462341664,126.65,100
1719462342944,127.0,350
1719462342944,127.0,350
1719462343559,127.3,125
1719462344240,127.2,50
1719462345099,127.2,100
1719462345718,127.2,100
1719462345718,127.2,100
1719462346962,126.75,100
1719462347945,126.8,200
1719462347945,126.8,200
1719462348736,126.95,125
1719462349485,127.2,75
1719462349485,127.2,75
1719462350907,127.0,25
1719462352012,126.95,25
1719462352476,127.1,50
1719462352476,127.1,50
1719462354068,126.05,25
1719462354605,126.05,50
1719462355006,126.75,25
1719462356040,126.25,25
1719462356709,126.4,100
1719462357946,126.35,25
1719462359052,126.0,75
1719462359187,126.25,25
1719462359187,126.25,25
1719462359187,126.25,25
1719462361115,125.95,50
1719462361115,125.95,50
1719462362072,126.4,50
1719462362378,126.1,50
1719462363078,126.1,25
1719462363986,126.1,75
1719462364181,126.15,25
1719462364830,125.7,25
1719462366059,125.85,25
1719462366665,125.4,25
1719462367707,125.05,250
1719462368106,125.25,325
1719462368872,125.3,25
1719462369439,125.5,25
1719462370222,125.25,125
1719462370798,125.6,25
1719462370798,125.6,25
1719462372129,125.85,25
1719462373024,126.2,25
1719462373571,126.25,25
1719462374201,126.3,25
1719462374740,126.0,25
1719462375908,126.7,100
1719462375908,126.7,100
1719462376950,126.6,100
1719462377499,126.5,25
1719462378120,125.75,25
1719462378365,125.6,150
1719462379619,125.5,250
1719462380131,125.3,150
1719462381130,125.2,25
1719462381130,125.2,25
1719462382947,125.7,50
1719462382947,125.7,50
1719462384043,125.65,175
1719462384133,125.45,25
1719462384852,126.0,25
1719462385898,125.7,25
1719462385898,125.7,25
1719462387113,125.4,25
1719462387945,125.3,150
1719462389114,125.7,25
1719462389582,125.2,300
1719462389582,125.2,300
1719462389582,125.2,300
1719462389582,125.2,300
1719462391834,125.5,300
1719462392877,125.35,25
1719462392948,125.35,25
1719462392948,125.35,25
1719462394060,126.05,100
1719462394060,126.05,100
1719462394851,125.8,50
1719462395774,126.5,25
1719462395774,126.5,25
1719462397187,127.0,500
1719462397947,126.75,75
1719462399061,126.95,75
1719462399524,127.2,75
1719462400147,127.95,25
1719462400971,129.5,350
1719462401238,129.55,25
1719462402098,130.2,25
1719462403096,130.2,25
1719462404090,129.95,25
1719462404640,129.9,25
1719462405344,129.8,25
1719462406009,130.0,25
1719462406238,129.95,25
1719462407210,130.2,25
1719462408076,130.95,25
1719462408151,131.0,25
1719462409532,131.75,25
1719462409681,131.65,150
1719462410482,131.5,25
1719462411153,131.75,25
1719462411241,131.85,25
1719462412134,132.2,250
1719462413061,131.85,25
1719462414010,132.0,25
1719462414706,132.5,25
1719462415150,133.3,25
1719462415944,133.4,200
1719462416268,133.65,25
1719462417136,134.5,50
1719462418013,134.3,225
1719462418127,134.85,100
1719462419312,134.95,25
1719462419638,134.95,25
1719462420344,135.45,125
1719462420790,135.9,50
1719462421281,135.95,50
1719462422358,138.0,75
1719462423045,137.95,25
1719462423589,137.65,25
1719462424529,137.75,150
1719462424725,137.65,75
1719462425527,137.8,75
1719462426326,137.05,150
1719462427048,137.05,25
1719462428102,136.65,25
1719462428303,136.25,25
1719462429362,136.8,125
1719462429736,137.1,25
1719462430289,136.65,50
1719462431290,137.2,25
1719462431290,137.2,25
1719462432142,137.15,25
1719462433082,136.8,250
1719462433257,136.8,125
1719462434092,136.6,25
1719462434652,137.35,25
1719462435138,137.7,900
1719462436296,137.15,25
1719462437147,137.45,125
1719462438107,137.85,100
1719462439347,137.5,25
1719462439622,136.9,25
1719462440061,136.55,100
1719462441046,135.85,75
1719462441252,136.25,25
1719462442100,136.7,25
1719462443134,136.7,25
1719462444324,136.9,75
1719462444730,136.75,150
1719462445180,137.15,100
1719462445866,137.2,25
1719462446335,137.25,25
1719462447036,137.45,50
1719462448092,137.3,25
1719462448092,137.3,25
1719462449112,136.85,25
1719462449547,136.7,25
1719462450371,136.8,50
1719462450697,136.7,25
1719462451122,135.95,225
1719462451354,136.8,25
1719462452150,136.4,25
1719462453091,135.7,25
1719462453091,135.7,25
1719462454113,135.9,25
1719462454500,136.1,25
1719462455128,136.45,75
1719462456062,136.5,25
1719462456185,136.55,25
1719462457117,136.0,25
1719462458166,136.0,25
1719462458256,136.0,150
1719462459041,136.1,25
1719462459752,136.3,100
1719462460058,136.5,25
1719462460667,136.55,50
1719462461356,136.1,25
1719462462347,136.95,25
1719462463135,137.1,25
1719462464119,137.35,25
1719462464687,137.45,25
1719462465353,136.55,25
1719462466143,137.8,25
1719462466333,138.0,100
1719462467339,138.65,25
1719462468133,139.0,25
1719462468242,139.15,50
1719462469565,139.1,75
1719462469565,139.1,75
1719462470034,139.8,25
1719462471151,139.8,50
1719462471336,139.8,50
1719462472156,141.3,25
1719462474100,140.95,25
1719462474756,140.75,50
1719462475177,140.35,25
1719462476105,141.1,25
1719462476385,141.6,25
1719462477138,142.7,25
1719462478042,142.15,75
1719462479154,141.5,50
1719462479627,141.2,25
1719462480001,141.25,75
1719462480849,142.95,25
1719462481293,143.05,25
1719462482197,143.85,50
1719462483188,144.8,300
1719462484187,144.05,50
1719462484734,143.35,50
1719462485122,144.0,25
1719462486191,143.4,75
1719462486412,144.25,50
1719462487189,144.15,50
1719462488043,143.65,25
1719462488347,143.05,25
1719462489450,143.65,50
1719462489610,143.2,300
1719462490330,143.05,275
1719462491396,144.0,625
1719462491553,143.85,50
1719462492519,144.3,25
1719462493160,143.7,50
1719462494096,143.15,125
1719462494507,143.15,50
1719462495339,143.45,25
1719462496123,142.55,25
1719462496626,143.1,50
1719462497107,143.3,25
1719462498214,142.95,25
1719462498357,142.9,25
1719462499197,142.6,50
1719462499807,140.6,25
1719462500194,140.75,25
1719462501213,141.05,25
1719462501594,141.5,25
1719462502123,142.0,25
1719462503162,142.15,50
1719462504180,141.95,50
1719462504792,142.95,25
1719462505112,143.0,25
1719462506220,143.5,25
1719462506634,143.5,25
1719462507590,143.7,50
1719462508177,144.0,25
1719462509157,143.15,25
1719462509857,143.7,50
1719462510112,143.5,25
1719462510767,143.55,50
1719462511250,143.35,25
1719462511575,143.6,25
1719462511964,143.55,125
1719462513047,144.0,100
1719462513047,144.0,100
1719462514207,144.3,25
1719462514767,144.4,50
1719462515208,144.35,25
1719462516130,144.4,275
1719462516433,144.35,25
1719462517385,144.35,50
1719462518201,144.15,50
1719462519341,143.45,25
1719462519726,143.1,150
1719462520145,143.65,50
1719462521026,143.55,25
1719462521595,142.8,25
1719462522351,142.0,25
1719462523253,142.25,100
1719462523971,141.6,25
1719462524739,142.35,25
1719462525092,142.35,25
1719462526105,141.45,75
1719462526517,142.1,150
1719462527178,142.5,25
1719462528007,141.6,25
1719462528222,141.3,25
1719462529382,141.25,25
1719462529781,141.05,50
1719462530161,141.0,150
1719462531349,141.4,75
1719462531466,141.3,25
1719462532136,141.65,25
1719462533301,141.9,50
1719462533305,141.9,25
1719462534066,141.45,25
1719462534805,141.5,50
1719462535144,141.35,50
1719462536231,142.0,425
1719462536231,142.0,425
1719462536909,142.2,200
1719462537972,142.2,25
1719462539103,142.9,50
1719462539887,143.0,25
1719462540112,143.15,25
1719462540713,142.9,50
1719462541343,143.05,25
1719462541343,143.05,25
1719462542196,143.1,25
1719462543241,143.45,50
1719462543241,143.45,50
1719462544249,143.0,25
1719462544785,143.45,50
1719462545068,143.25,25
1719462546052,142.85,25
1719462546664,141.9,25
1719462547243,142.0,50
1719462548055,141.9,25
1719462548324,141.95,25
1719462549227,142.95,25
1719462549852,142.2,25
1719462550187,142.6,25
1719462551077,142.6,75
1719462551671,142.75,25
1719462552422,143.35,100
1719462553013,143.45,300
1719462553292,143.05,25
1719462554216,143.35,25
1719462554932,143.3,25
1719462555271,143.65,25
1719462556312,144.0,50
1719462556603,144.75,25
1719462557077,144.25,100
1719462558285,144.55,25
1719462558285,144.55,25
1719462558742,144.65,50
1719462559855,144.75,25
1719462560077,144.35,75
1719462561365,144.2,50
1719462561695,144.65,75
1719462562219,144.1,75
1719462563244,143.35,25
1719462563433,143.7,250
1719462564098,144.05,25
1719462564925,144.2,25
1719462565098,143.7,25
1719462566207,143.7,25
1719462566699,144.0,50
1719462566805,144.05,25
1719462568222,144.4,25
1719462568222,144.4,25
1719462569449,144.35,25
1719462569921,144.1,300
1719462570184,144.2,100
1719462570717,144.0,25
1719462571077,144.35,100
1719462571741,144.75,25
1719462572041,144.7,50
1719462573220,144.4,50
1719462573261,144.7,25
1719462574420,144.75,25
1719462574712,144.75,100
1719462575444,144.0,250
1719462576358,143.85,50
1719462576755,143.35,500
1719462577210,143.35,25
1719462578205,142.85,150
1719462578299,142.85,25
1719462578957,142.45,25
1719462579851,142.55,25
1719462580185,142.75,25
1719462581198,142.55,75
1719462581680,142.9,25
1719462581801,142.8,25
1719462583137,142.5,100
1719462583333,142.45,25
1719462584192,142.8,25
1719462584814,143.95,25
1719462585027,143.95,25
1719462586344,144.05,25
1719462586647,143.75,100
1719462587193,144.3,75
1719462588215,143.8,125
1719462588360,143.75,50
1719462589239,144.0,25
1719462589969,144.15,75
1719462590423,143.9,25
1719462591259,143.55,25
1719462591672,143.85,25
1719462592261,143.55,100
1719462593152,143.5,100
1719462593269,143.9,25
1719462594404,144.0,50
1719462594721,143.7,25
1719462594721,143.7,25
1719462596158,143.55,25
1719462596715,143.3,25
1719462597410,143.3,25
1719462598264,143.6,25
1719462598264,143.6,25
1719462599263,144.45,75
1719462599863,144.4,25
1719462600445,144.55,25
1719462600814,145.0,50
1719462601223,145.6,25
1719462601761,145.85,250
1719462602259,145.5,25
1719462603368,145.55,25
1719462604254,144.75,25
1719462604972,145.0,25
1719462604972,145.0,25
1719462606259,144.4,25
1719462606771,144.25,25
1719462607176,144.65,25
1719462608261,144.2,25
1719462609237,144.3,25
1719462609949,144.0,150
1719462610241,144.45,275
1719462611430,144.0,25
1719462611571,144.0,25
1719462612225,144.0,50
1719462613196,144.65,75
1719462614218,144.15,25
1719462614828,144.95,25
1719462615424,145.15,125
1719462616267,144.4,50
1719462616267,144.4,50
1719462617104,144.15,175
1719462618032,144.15,25
1719462618032,144.15,25
1719462619237,143.7,75
1719462619953,143.45,25
1719462620160,142.9,25
1719462621011,142.7,50
1719462621505,142.7,50
1719462622073,142.25,25
1719462623167,142.2,25
1719462623465,142.65,300
1719462624146,142.5,50
1719462625000,141.9,25
1719462625414,142.1,50
1719462626254,142.3,25
1719462626617,142.15,25
1719462627226,142.45,25
1719462628261,143.65,25
1719462628976,143.25,225
1719462630038,143.5,25
1719462630103,143.65,25
1719462630741,143.6,25
1719462631404,144.15,100
1719462631584,143.85,25
1719462632608,144.4,50
1719462633219,144.75,25
1719462633253,144.85,25
1719462634284,145.3,200
1719462635019,145.55,100
1719462635253,145.4,25
1719462635854,145.8,150
1719462636636,145.55,150
1719462637455,145.95,75
1719462638202,145.65,50
1719462638202,145.65,50
1719462638946,146.0,200
1719462640041,145.55,25
1719462640254,145.5,25
1719462641464,145.5,25
1719462641652,145.35,25
1719462642254,145.5,25
1719462642804,145.2,50
1719462644480,144.7,25
1719462644916,145.0,50
1719462645379,144.85,25
1719462646479,146.0,75
1719462646669,146.0,100
1719462647461,146.15,25
1719462648254,145.6,25
1719462648462,145.6,25
1719462649503,146.1,25
1719462650040,145.75,25
1719462650179,145.3,25
1719462651227,145.6,50
1719462651607,146.0,225
1719462652127,146.4,25
1719462653285,146.0,50
1719462654434,146.0,100
1719462654990,145.2,25
1719462654990,145.2,25
1719462656004,145.5,250
1719462656583,145.95,75
1719462657445,146.0,100
1719462658305,147.0,25
1719462659281,146.9,25
1719462659946,147.65,25
1719462660133,148.0,50
1719462660767,148.95,25
1719462661184,149.0,25
1719462661690,149.0,25
1719462662244,149.3,25
1719462663250,149.6,125
1719462663478,149.8,175
1719462704455,152.5,25
1719462704934,152.7,25
1719462705288,152.85,25
1719462706304,152.55,25
1719462706537,152.6,25
1719462707685,152.9,25
1719462708338,152.75,75
1719462709277,153.05,25
1719462709811,152.55,25
1719462710194,152.2,25
1719462711317,152.65,25
1719462711532,152.7,25
1719462712351,153.05,25
1719462713325,154.0,50
1719462713681,153.55,50
1719462714322,154.75,275
1719462714952,154.85,25
1719462715183,155.0,125
1719462716279,154.1,25
1719462716358,154.45,25
1719462717336,154.7,25
1719462718221,154.6,150
1719462719233,155.35,275
1719462719960,154.9,50
1719462720495,155.2,50
1719462720786,155.1,25
1719462721180,156.2,50
1719462721484,157.0,25
1719462722312,158.15,25
1719462723319,158.75,75
1719462723368,158.15,50
1719462724255,158.25,25
1719462724980,157.65,300
1719462725514,158.15,25
1719462726585,158.25,75
1719462726585,158.25,75
1719462727522,157.65,225
1719462728331,158.65,25
1719462728388,158.2,25
1719462729313,158.5,25
1719462730292,157.65,25
1719462731596,158.3,25
1719462732324,157.9,50
1719462733371,157.9,100
1719462734468,158.25,225
1719462734939,158.15,25
1719462735703,158.15,25
1719462736314,158.0,100
1719462736499,157.8,100
1719462737122,157.5,175
1719462738375,157.1,25
1719462739330,157.85,25
1719462739973,157.5,25
1719462740230,157.65,100
1719462741087,157.5,50
1719462741572,157.5,50
1719462742182,156.7,25
1719462743316,157.1,75
1719462743358,157.1,25
1719462744349,156.3,275
1719462744787,156.8,25
1719462745625,157.3,75
1719462746244,157.35,25
1719462746244,157.35,25
1719462746806,156.7,25
1719462748403,157.45,150
1719462749277,157.5,50
1719462750026,157.0,50
1719462750349,156.45,50
1719462750825,156.4,25
1719462751557,156.25,25
1719462751557,156.25,25
1719462752532,157.35,50
1719462753467,157.5,50
1719462753740,158.0,25
1719462754341,157.0,25
1719462754964,156.95,25
1719462755197,157.0,250
1719462755937,156.95,25
1719462756604,156.55,75
1719462757528,156.9,25
1719462758423,156.8,225
1719462758489,156.8,100
1719462759226,156.45,75
1719462760003,156.2,50
1719462760723,156.0,425
1719462761325,155.6,75
1719462761617,155.75,200
1719462762271,155.9,25
1719462763064,156.05,25
1719462764500,155.55,50
1719462765053,155.35,75
1719462765232,155.1,50
1719462766155,155.95,100
1719462766382,155.4,25
1719462767282,155.2,25
1719462768504,154.35,50
1719462769357,155.6,75
1719462769641,155.3,50
1719462770560,155.3,25
1719462771638,156.95,50
1719462771939,157.35,50
1719462772238,158.0,25
1719462773303,158.9,25
1719462773478,158.3,25
1719462774209,158.1,225
1719462775066,158.45,25
1719462775456,158.4,25
1719462776430,158.2,25
1719462776643,157.65,25
1719462777363,156.95,25
1719462778253,156.95,125
1719462778253,156.95,125
1719462779345,156.9,75
1719462780050,157.1,50
1719462780525,157.95,75
1719462780856,158.0,25
1719462781691,159.1,50
1719462781772,158.95,50
1719462782543,158.85,25
1719462783468,159.45,25
1719462783570,159.2,75
1719462784611,159.6,25
1719462785097,159.8,50
1719462785316,159.75,25
1719462786267,158.6,25
1719462786609,159.2,50
1719462787364,159.5,25
1719462788479,159.55,25
1719462789151,159.7,25
1719462790059,160.55,25
1719462790536,160.95,25
1719462791355,161.1,25
1719462791611,160.4,25
1719462792569,160.6,50
1719462793569,159.25,25
1719462794447,160.0,25
1719462795050,159.5,50
1719462795501,160.0,50
1719462796559,160.2,275
1719462796690,159.6,25
1719462797359,159.3,25
1719462798344,158.75,100
1719462798422,158.85,25
1719462799330,159.25,200
1719462799997,159.45,25
1719462800570,159.5,100
1719462801556,159.9,100
1719462801695,160.4,50
1719462802000,159.7,50
1719462803365,159.85,25
1719462803494,160.3,25
1719462804402,160.3,75
1719462805080,159.9,25
1719462805566,159.75,200
1719462806694,158.85,25
1719462807289,158.85,100
1719462808343,158.1,25
1719462808402,158.5,25
1719462809373,158.0,25
1719462810144,157.35,25
1719462810259,157.0,25
1719462810818,157.05,25
1719462811451,156.7,25
1719462811606,156.6,25
1719462812743,155.75,50
1719462813527,156.25,50
1719462813652,156.1,50
1719462814973,155.35,50
1719462815140,155.0,25
1719462815354,155.5,100
1719462816349,155.55,25
1719462816682,155.75,50
1719462817365,155.75,50
1719462818546,155.0,25
1719462819494,155.0,25
1719462820150,154.0,75
1719462820685,153.95,25
1719462821366,153.85,75
1719462821698,154.15,125
1719462822349,154.0,25
1719462823308,154.55,25
1719462823308,154.55,25
1719462824318,154.55,100
1719462825088,154.35,25
1719462825277,154.3,25
1719462826375,154.25,25
1719462826723,154.3,50
1719462827351,154.7,25
1719462828372,154.5,100
1719462828561,154.25,25
1719462829593,154.0,25
1719462830104,154.4,75
1719462830217,154.35,50
1719462831225,154.25,25
1719462831509,154.0,50
1719462832300,154.65,25
1719462833295,155.35,25
1719462833295,155.35,25
1719462834360,155.2,75
1719462834926,155.1,100
1719462835377,155.1,100
1719462836555,155.2,25
1719462836721,155.3,50
1719462836932,154.85,125
1719462838058,155.55,225
1719462838058,155.55,225
1719462839200,155.6,25
1719462840046,156.6,25
1719462840370,156.75,75
1719462840847,156.2,25
1719462841193,156.45,175
1719462841749,156.6,25
1719462842272,156.7,50
1719462843505,156.7,25
1719462843756,156.6,25
1719462844348,156.75,25
1719462845063,157.35,25
1719462845586,157.7,25
1719462846627,156.5,25
1719462847338,156.8,25
1719462848454,156.0,125
1719462849595,155.9,50
1719462850133,155.55,100
1719462850355,156.1,150
1719462851348,156.75,150
1719462851658,157.0,100
1719462852423,157.5,25
1719462853555,157.15,250
1719462854373,156.95,25
1719462855183,157.3,25
1719462855183,157.3,25
1719462856568,156.5,225
1719462856568,156.5,225
1719462857301,156.45,25
1719462858577,156.4,50
1719462859309,156.4,50
1719462860207,156.5,25
1719462860282,156.35,25
1719462861551,156.9,25
1719462861777,156.9,25
1719462862396,157.05,25
1719462863584,157.4,25
1719462864564,157.45,25
1719462865157,157.25,25
1719462865386,157.65,25
1719462866358,157.5,25
1719462866763,157.4,25
1719462867459,157.35,25
1719462868317,157.6,25
1719462868591,157.8,50
1719462869389,157.15,25
1719462870050,157.05,50
1719463043616,161.0,100
1719463043616,161.0,100
1719463044513,162.0,50
1719463045316,162.05,250
1719463045316,162.05,250
1719463046493,161.95,50
1719463047032,161.9,425
1719463047410,162.0,50
1719463048475,162.0,150
1719463048630,161.75,50
1719463049657,161.6,25
1719463050515,161.7,250
1719463050848,161.35,25
1719463051580,160.85,25
1719463052021,160.8,25
1719463052697,160.0,50
1719463053493,160.15,25
1719463053493,160.15,25
1719463054561,160.5,125
1719463055448,160.0,75
1719463055448,160.0,75
1719463056450,160.25,200
1719463057061,160.25,75
1719463057468,160.15,25
1719463058622,159.45,200
1719463059705,159.6,100
1719463059958,159.35,50
1719463060717,159.3,25
1719463061476,159.5,25
1719463061673,160.0,25
1719463062543,159.85,25
1719463063704,159.05,25
1719463064687,159.0,50
1719463065287,158.6,50
1719463066320,158.95,100
1719463066952,158.7,100
1719463067327,158.9,25
1719463068313,160.0,25
1719463068580,160.6,25
1719463069317,159.7,25
1719463070261,160.0,150
1719463070502,160.0,25
1719463070675,160.15,25
1719463072014,160.0,25
1719463072729,160.0,25
1719463073395,159.85,50
1719463073395,159.85,50
1719463074439,159.6,25
1719463075448,160.0,25
1719463076525,159.7,75
1719463076930,159.6,25
1719463077655,159.95,25
1719463078350,159.95,25
1719463078350,159.95,25
1719463079127,159.35,25
1719463080482,158.85,50
1719463080840,158.95,25
1719463081483,159.2,50
1719463081665,159.7,25
1719463082323,159.55,25
1719463083505,159.5,25
1719463083715,159.55,50
1719463084341,160.3,25
1719463085518,160.9,25
1719463086120,160.3,25
1719463087093,160.05,100
1719463087720,160.95,25
1719463088245,161.0,25
1719463088802,159.65,25
1719463089306,160.0,25
1719463090118,160.1,75
1719463091531,160.8,150
1719463091760,160.5,50
1719463092663,160.7,25
1719463093459,160.05,25
1719463093670,160.4,25
1719463094229,160.6,25
1719463095485,160.6,25
1719463096715,161.15,100
1719463097031,161.35,25
1719463097510,161.15,125
1719463098385,160.85,100
1719463098655,160.4,25
1719463099315,160.0,250
1719463100537,160.6,25
1719463101452,160.55,50
1719463102067,160.7,25
1719463102067,160.7,25
1719463103181,161.0,50
1719463103611,160.65,50
1719463104293,160.85,50
1719463105519,160.75,125
1719463105718,160.55,100
1719463106481,160.7,475
1719463106988,160.85,200
1719463106988,160.85,200
1719463108472,160.8,25
1719463108836,160.35,25
1719463109485,160.85,275
1719463110444,160.25,25
1719463110785,160.8,25
1719463110785,160.8,25
1719463111538,160.95,25
1719463112010,160.45,50
1719463112437,160.4,100
1719463113463,160.3,100
1719463113573,160.65,25
1719463114435,159.85,150
1719463115470,159.75,50
1719463115737,160.1,50
1719463116589,160.35,50
1719463116946,160.05,25
1719463117471,159.9,200
1719463118689,160.75,50
1719463118689,160.75,50
1719463119348,160.7,100
1719463120367,160.6,25
1719463120367,160.6,25
1719463121504,162.05,125
1719463122129,162.95,25
1719463122298,162.35,25
1719463123419,162.65,50
1719463123940,163.1,125
1719463124675,162.9,50
1719463125448,162.95,25
1719463126520,163.35,50
1719463127172,164.7,25
1719463127357,164.7,75
1719463128733,162.55,325
1719463128971,162.8,75
1719463129670,161.4,150
1719463130399,161.75,50
1719463130726,161.45,50
1719463131719,160.8,25
1719463132003,161.55,25
1719463132385,161.25,25
1719463133184,161.4,75
1719463133659,161.5,25
1719463133995,161.4,25
1719463136516,161.05,25
1719463137147,161.85,50
1719463137605,161.55,50
1719463138758,161.8,25
1719463138758,161.8,25
1719463139495,162.85,50
1719463251612,161.65,25
1719463252335,161.45,25
1719463252463,162.0,25
1719463253585,162.3,50
1719463253585,162.3,50
1719463254612,161.25,75
1719463255497,162.2,100
1719463255497,162.2,100
1719463256527,162.1,75
1719463256925,161.7,25
1719463257539,160.95,300
1719463258512,161.0,25
1719463258991,161.0,25
1719463259528,161.25,100
1719463259972,161.3,50
1719463259972,161.3,50
1719463261499,161.25,25
1719463262358,162.9,50
1719463262749,162.65,75
1719463263791,161.3,25
1719463263938,161.4,25
1719463264460,161.5,225
1719463265354,162.0,25
1719463266095,161.55,25
1719463266951,162.1,25
1719463267546,162.35,175
1719463268616,162.65,25
1719463268616,162.65,25
1719463269179,161.95,25
1719463270420,162.0,25
1719463270420,162.0,25
1719463271635,162.35,25
1719463272273,161.85,25
1719463272487,162.15,25
1719463273378,162.6,175
1719463273960,161.95,100
1719463273960,161.95,100
1719463275603,163.45,400
1719463275633,163.15,125
1719463276804,165.55,25
1719463277390,165.95,250
1719463277681,165.25,75
1719463278808,166.0,100
1719463278987,166.0,225
1719463279838,166.1,25
1719463280524,165.7,25
1719463281057,165.35,25
1719463281613,164.65,25
1719463282418,165.15,100
1719463282616,165.4,50
1719463283802,164.9,25
1719463284020,165.15,25
1719463284598,165.15,50
1719463285591,165.55,50
1719463285591,165.55,50
1719463286660,165.15,50
1719463287395,165.45,75
1719463288041,164.8,75
1719463288849,165.55,25
1719463288849,165.55,25
1719463289566,165.55,50
1719463290638,165.45,50
1719463290812,165.75,25
1719463291626,165.8,25
1719463292271,165.4,175
1719463292643,165.45,25
1719463293635,165.6,25
1719463293851,165.5,25
1719463294471,165.6,100
1719463295179,165.8,75
1719463295838,166.05,25
1719463296602,166.0,25
1719463297391,166.0,25
1719463297487,165.75,50
1719463299054,166.3,25
1719463299644,165.45,25
1719463300449,166.05,100
1719463301461,166.1,25
1719463302334,166.05,25
1719463302586,166.05,25
1719463303626,165.3,50
1719463304046,165.85,100
1719463320399,165.75,25
1719463320734,165.25,25
1719463321214,165.8,75
1719463322015,166.2,125
1719463322636,166.95,275
1719463323479,166.45,25
1719463324053,166.3,50
1719463324537,166.75,25
1719463325560,166.55,25
1719463326602,166.4,50
1719463327475,166.5,25
1719463327839,165.75,175
1719463328672,166.05,350
1719463328999,165.95,25
1719463329672,166.55,200
1719463330642,166.4,200
1719463330805,165.8,225
1719463331608,165.7,50
1719463332452,166.7,25
1719463332609,166.6,25
1719463333565,165.55,50
1719463334073,165.8,25
1719463334649,166.35,25
1719463335506,165.55,150
1719463335852,165.75,25
1719463336517,165.6,200
1719463337443,166.3,25
1719463337682,166.25,25
1719463338575,166.3,50
1719463339036,165.7,25
1719463339862,165.55,50
1719463340420,166.2,25
1719463341404,166.25,25
1719463342462,165.7,125
1719463342584,165.55,25
1719463343669,166.05,50
1719463343997,166.0,300
1719463344678,165.7,200
1719463345700,165.65,25
1719463345870,166.0,25
1719463346646,166.3,25
1719463347395,166.35,350
1719463347603,165.7,75
1719463348652,165.15,50
1719463348948,165.2,25
1719463349675,166.0,25
1719463350678,166.6,25
1719463350842,166.45,125
1719463351606,166.3,75
1719463352454,166.0,25
1719463352662,166.05,25
1719463353815,166.5,25
1719463354076,166.6,1675
1719463354486,166.25,25
1719463355651,167.0,250
1719463356601,167.5,25
1719463357481,168.3,25
1719463357646,167.75,25
1719463358597,167.95,125
1719463359071,168.4,25
1719463359897,168.9,150
1719463360624,168.55,100
1719463361542,168.55,225
1719463362501,167.9,250
1719463362887,168.3,25
1719463363804,167.95,25
1719463364102,168.1,50
1719463364885,168.95,950
1719463365676,168.75,50
1719463365676,168.75,50
1719463366580,168.5,300
1719463367435,168.85,175
1719463367764,168.5,25
1719463368661,168.55,100
1719463369050,168.95,25
1719463369811,168.8,25
1719463370724,169.0,25
1719463370819,169.35,50
1719463371634,169.05,25
1719463372539,169.05,25
1719463372644,169.1,50
1719463373685,169.0,50
1719463374090,169.25,150
1719463374626,169.25,25
1719463375722,169.1,50
1719463376904,169.6,50
1719463377495,169.05,50
1719463377788,169.4,25
1719463378708,169.2,25
1719463379067,169.0,25
1719463379879,167.75,225
1719463380833,168.1,25
1719463380833,168.1,25
1719463381569,167.45,25
1719463382548,167.25,50
1719463382628,167.25,250
1719463383886,166.0,25
1719463384141,165.85,75
1719463384866,165.95,500
1719463385739,165.7,125
1719463385865,165.5,25
1719463386911,165.95,75
1719463387472,167.0,100
1719463387869,166.65,25
1719463388704,166.05,100
1719463388704,166.05,100
1719463389623,165.8,25
1719463390667,166.3,25
1719463390667,166.3,25
1719463391590,165.75,50
1719463392267,165.65,25
1719463392670,165.85,125
1719463393860,165.7,25
1719463394159,165.7,225
1719463395702,165.7,25
1719463395747,165.4,100
1719463396574,165.05,25
1719463397290,165.2,50
1719463397721,165.15,75
1719463398677,165.2,25
1719463398831,165.15,25
1719463399896,165.45,25
1719463400724,165.95,50
1719463401902,165.2,25
1719463402079,165.45,25
1719463402638,165.0,125
1719463403548,165.65,250
1719463403931,165.45,50
1719463404920,165.2,25
1719463405488,165.35,50
1719463405488,165.35,50
1719463406681,165.2,25
1719463407259,162.95,50
1719463407849,163.05,25
1719463408605,162.8,25
1719463408605,162.8,25
1719463410041,162.25,50
1719463410724,161.35,400
1719463411675,162.25,25
1719463412103,162.05,250
1719463412561,161.85,100
1719463413399,161.8,175
1719463413876,162.75,100
1719463414897,162.1,50
1719463415666,161.6,25
1719463416919,161.45,25
1719463417044,161.6,50
1719463417712,161.45,25
1719463418598,161.8,300
1719463418845,161.5,25
1719463419716,161.3,200
1719463420693,160.8,25
1719463420933,161.3,25
1719463421697,162.05,225
1719463457451,158.2,275
1719463457885,158.25,75
1719463458610,158.4,50
1719463459050,158.35,50
1719463459561,157.25,225
1719463460588,157.45,100
1719463460864,156.85,100
1719463461629,156.8,50
1719463462219,157.35,50
1719463462756,156.9,50
1719463463725,157.35,25
1719463463801,157.5,50
1719463464916,157.35,25
1719463465766,157.55,25
1719463466725,157.5,300
1719463467325,157.65,25
1719463467658,157.65,200
1719463468956,158.0,250
1719463469034,158.0,225
1719463469656,157.9,25
1719463470837,159.8,25
1719463470883,159.85,25
1719463471712,159.8,25
1719463472458,159.8,25
1719463472581,160.5,50
1719463473632,160.4,75
1719463474039,160.0,50
1719463474632,160.75,75
1719463475607,160.2,350
1719463475777,160.3,25
1719463476692,160.2,25
1719463477463,160.0,125
1719463477759,160.0,25
1719463478838,159.2,50
1719463479502,159.25,100
1719463480480,158.5,200
1719463480480,158.5,200
1719463481722,158.0,175
1719463482230,157.65,50
1719463482725,157.7,275
1719463483685,157.15,50
1719463483685,157.15,50
1719463484744,157.75,25
1719463485545,157.45,25
1719463486718,157.4,25
1719463487421,157.0,25
1719463487421,157.0,25
1719463488618,157.35,25
1719463488843,157.3,25
1719463489140,157.4,25
1719463808891,161.3,275
1719463808891,161.3,275
1719463810263,161.35,50
1719463811017,161.85,50
1719463811017,161.85,50
1719463811931,162.05,50
1719463812796,162.0,25
1719463813949,163.5,550
1719463814431,163.5,50
1719463815124,163.45,25
1719463815966,163.45,50
1719463816951,163.0,25
1719463817950,162.8,25
1719463818767,161.9,150
1719463819486,162.15,25
1719463819949,162.2,25
1719463820935,162.5,25
1719463820935,162.5,25
1719463821698,162.7,25
1719463821698,162.7,25
1719463823226,162.5,25
1719463823765,162.9,25
1719463824549,162.95,250
1719463824549,162.95,250
1719463825628,162.9,25
1719463825628,162.9,25
1719463826763,162.95,50
1719463827908,162.1,100
1719463827908,162.1,100
1719463828890,161.65,25
1719463829475,161.85,25
1719463829914,161.35,50
1719463830746,161.4,50
1719463830746,161.4,50
1719463831109,161.5,25
1719463831678,162.05,25
1719463832942,162.4,200
1719463832942,162.4,200
1719463833932,162.0,200
1719463834474,161.55,250
1719463834972,161.85,25
1719463835660,162.25,50
1719463835660,162.25,50
1719463836910,161.8,200
1719463837479,161.5,50
1719463839169,161.95,25
1719463839321,161.95,50
1719463839972,161.35,25
1719463840807,161.0,375
1719463841199,161.0,25
1719463841380,161.0,25
1719463842445,160.65,200
1719463842445,160.65,200
1719463843796,160.55,25
1719463844209,160.75,150
1719463844947,160.7,25
1719463845894,161.1,175
1719463845997,160.65,25
1719463846685,160.8,25
1719463847728,160.85,25
1719463848849,161.0,100
1719463849469,160.7,75
1719463849896,160.6,75
1719463850964,160.35,25
1719463850964,160.35,25
1719463851487,160.65,25
1719463853065,160.65,25
1719463853837,160.7,50
1719463854575,160.1,25
1719463854977,160.15,50
1719463855901,160.05,25
1719463856018,160.45,25
1719463856851,160.15,250
1719463857956,160.65,25
1719463858072,160.85,25
1719463858948,161.75,25
1719463859611,161.7,25
1719463859955,161.95,25
1719463860816,161.9,125
1719463861196,161.55,100
1719463861737,162.3,100
1719463862758,162.35,200
1719463863935,162.35,25
1719463863935,162.35,25
1719463864987,162.05,75
1719463865995,161.3,100
1719463866276,161.85,75
1719463866647,161.2,125
1719463867900,161.4,75
1719463867900,161.4,75
1719463868538,161.45,25
1719463869361,161.45,25
1719463869788,161.9,25
1719463870991,162.0,25
1719463870991,162.0,25
1719463871895,162.0,25
1719463872827,162.5,50
1719463872827,162.5,50
1719463873941,162.3,25
1719463874587,161.95,25
1719463874961,162.2,125
1719463875994,161.75,300
1719463875994,161.75,300
1719463876616,161.3,700
1719463877533,162.3,25
1719463878829,162.3,25
1719463879224,162.75,25
1719463879224,162.75,25
1719463881051,162.85,50
1719463881051,162.85,50
1719463881453,162.45,25
1719463882972,163.2,25
1719463882972,163.2,25
1719463883421,163.0,100
1719463884662,163.05,50
1719463885883,163.5,25
1719463886259,163.25,125
1719463886988,163.15,25
1719463887842,163.5,50
1719463887842,163.5,50
1719463889150,163.05,25
1719463889645,163.25,25
1719463889969,163.0,25
1719463890849,163.5,25
1719463890972,163.0,25
1719463891241,163.1,25
1719463891607,162.95,225
1719463892531,163.0,25
1719463892531,163.0,25
1719463893978,163.0,50
1719463894650,162.7,150
1719463895067,162.3,25
1719463895925,162.1,25
1719463896303,162.0,25
1719463896617,161.4,25
1719463897470,161.55,50
1719463897470,161.55,50
1719463898538,161.75,25
1719463899131,161.8,100
1719463899908,162.45,25
1719463901006,162.7,25
1719463901284,162.85,175
1719463901284,162.85,175
1719463902795,163.0,25
1719463902795,163.0,25
1719463903191,163.15,50
1719463904082,162.55,150
1719463904803,162.25,25
1719463905867,162.8,25
1719463906200,162.55,50
1719463906744,162.45,200
1719463907812,163.1,75
1719463907812,163.1,75
1719463909709,163.0,25
1719463909983,162.7,50
1719463910263,163.25,25
1719463911136,163.1,225
1719463911900,162.55,25
1719463913012,163.4,100
1719463913012,163.4,100
1719463913502,163.3,25
1719463914702,163.4,25
1719463914973,163.05,75
1719463916224,163.6,125
1719463916224,163.6,125
1719463916921,163.5,550
1719463917740,163.15,25
1719463918099,163.55,300
1719463918716,163.0,50
1719463919224,162.95,25
1719463919987,162.9,25
1719463920861,162.25,50
1719463920861,162.25,50
1719463921051,162.95,275
1719463921838,162.45,25
1719463922981,162.0,250
1719463922981,162.0,250
1719463923862,162.75,25
1719463924545,162.45,175
1719463924966,162.8,25
1719463926042,162.35,25
1719463926112,162.6,25
1719463927025,162.15,100
1719463927706,162.85,75
1719463927706,162.85,75
1719463928288,162.7,50
1719463929457,162.4,25
1719463929922,162.5,125
1719463930742,162.5,25
1719463931221,162.5,100
1719463932009,162.85,50
1719463932778,163.0,150
1719463932778,163.0,150
1719463933796,163.5,175
1719463934437,163.5,25
1719463935113,163.85,75
1719463936044,164.25,75
1719463936310,164.4,75
1719463937229,163.0,100
1719463937628,162.8,25
1719463937628,162.8,25
1719463938288,162.75,25
1719463939635,162.85,25
1719463939883,162.95,175
1719463941009,162.75,50
1719463941367,162.75,175
1719463941624,162.75,50
1719463942979,162.6,50
1719463943168,162.95,25
1719463943705,163.0,25
1719463944622,162.3,150
1719463944622,162.3,150
1719463945910,162.9,75
1719463946360,163.0,25
1719463946749,162.85,100
1719463947809,162.8,100
1719463947809,162.8,100
1719463949052,162.7,75
1719463949227,162.25,100
1719463949227,162.25,100
1719463950597,162.0,300
1719463950597,162.0,300
1719463951404,162.0,75
1719463951946,162.35,25
1719463952637,162.25,50
1719463953096,162.4,375
1719463953782,162.0,25
1719463953782,162.0,25
1719463954993,162.0,25
1719463955468,161.6,50
1719463956338,161.45,50
1719463957100,160.9,250
1719463957100,160.9,250
1719463958272,161.0,25
1719463958889,161.4,150
1719463959814,161.0,225
1719463959814,161.0,225
1719463960957,160.6,100
1719463960957,160.6,100
1719463961856,160.8,125
1719463962946,160.9,25
1719463963047,160.9,125
1719463963827,160.45,100
1719463964822,160.9,50
1719463964984,160.95,25
1719463966237,161.05,25
1719463966237,161.05,25
1719463966969,161.6,100
1719463968028,161.9,25
1719463968028,161.9,25
1719463968994,161.8,25
1719463969374,161.35,25
1719463969374,161.35,25
1719463970495,161.25,25
1719463970495,161.25,25
1719463971972,161.05,50
1719463972978,161.0,25
1719463973186,161.3,25
1719463973878,161.05,100
1719463974594,161.5,25
1719463975047,161.5,25
1719463975997,161.0,500
1719463976392,161.5,200
1719463976392,161.5,200
1719463977490,161.05,125
1719463978112,161.1,25
1719463979028,161.45,50
1719463979748,161.95,150
1719463980065,162.2,25
1719463980858,161.85,25
1719463981012,161.8,75
1719463981443,162.0,25
1719463981787,161.45,25
1719463982425,161.7,25
1719463982425,161.7,25
1719463984025,161.7,100
1719463984572,161.1,25
1719463985044,161.2,25
1719463985844,161.75,175
1719463985844,161.75,175
1719463987048,161.8,50
1719463987300,161.5,100
1719463988124,161.4,25
1719463989027,161.6,25
1719463989558,161.5,25
1719463989558,161.5,25
1719463990219,161.5,25
1719463990219,161.5,25
1719463991900,161.7,200
1719463992183,161.6,25
1719463992183,161.6,25
1719463993706,160.95,25
1719463994739,160.5,125
1719463995127,160.75,100
1719463995818,160.9,25
1719463995818,160.9,25
1719463996960,160.95,25
1719463997415,160.95,100
1719463997415,160.95,100
1719463998751,160.95,25
1719463999215,160.5,425
1719463999215,160.5,425
1719464001058,159.85,150
1719464001058,159.85,150
1719464001887,159.9,100
1719464003022,160.65,200
1719464003022,160.65,200
1719464003901,160.45,100
1719464004751,159.75,25
1719464005050,159.6,25
1719464005908,159.4,25
1719464006330,159.3,25
1719464007016,159.6,25
1719464007876,159.4,350
1719464008197,159.25,100
1719464008756,159.15,25
1719464009569,159.35,25
1719464010078,159.05,25
1719464010845,159.15,25
1719464011171,159.25,250
1719464011469,158.9,25
1719464012044,158.85,400
1719464013008,158.85,25
1719464013286,158.85,25
1719464013833,159.0,100
1719464014563,158.5,150
1719464015033,158.65,25
1719464016097,159.2,150
1719464016291,158.75,125
1719464016966,158.65,525
1719464017738,159.55,25
1719464018185,159.2,125
1719464018185,159.2,125
1719464019901,159.2,150
1719464019901,159.2,150
1719464020933,159.6,25
1719464021487,160.35,125
1719464021932,160.25,50
1719464022686,160.65,50
1719464022686,160.65,50
1719464023390,160.75,50
1719464024196,160.15,50
1719464024196,160.15,50
1719464025607,159.65,25
1719464025607,159.65,25
1719464027082,159.0,50
1719464027762,159.1,100
1719464027762,159.1,100
1719464029010,158.85,50
1719464029777,158.85,150
1719464029777,158.85,150
1719464030758,158.9,25
1719464031422,159.1,25
1719464031569,158.75,50
1719464033085,158.85,25
1719464033148,158.85,425
1719464033148,158.85,425
1719464034890,158.8,100
1719464034890,158.8,100
1719464035864,158.5,25
1719464035864,158.5,25
1719464037645,158.4,100
1719464037985,158.15,100
1719464037985,158.15,100
1719464039103,157.6,200
1719464039388,157.5,25
1719464040083,157.8,25
1719464040510,157.45,25
1719464040510,157.45,25
1719464040510,157.45,25
1719464041671,157.65,25
1719464043068,157.35,125
1719464043196,157.45,150
1719464043808,157.3,250
1719464044867,157.0,25
1719464045043,157.0,25
1719464045987,157.35,25
1719464045987,157.35,25
1719464046977,157.2,25
1719464047188,157.0,150
1719464048601,157.5,25
1719464049947,157.55,225
1719464049947,157.55,225
1719464050994,157.25,100
1719464051274,157.0,25
1719464052039,157.0,25
1719464053065,157.45,25
1719464054074,156.95,175
1719464054840,157.7,25
1719464054840,157.7,25
1719464055889,158.05,50
1719464056480,158.6,50
1719464056742,158.95,25
1719464057975,158.8,25
1719464058310,159.0,75
1719464058952,158.9,25
1719464059901,158.65,25
1719464059901,158.65,25
1719464060675,157.6,25
1719464061504,157.95,100
1719464061504,157.95,100
1719464063176,157.05,300
1719464064171,156.65,25
1719464064911,157.0,25
1719464064911,157.0,25
1719464065918,157.55,25
1719464066548,156.5,250
1719464066548,156.5,250
1719464068091,157.35,225
1719464068091,157.35,225
1719464069032,157.05,675
1719464069923,157.3,25
1719464070120,156.95,50
1719464070793,157.0,575
1719464071127,156.85,25
1719464071374,156.85,25
1719464071749,156.95,75
1719464072638,157.3,25
1719464073732,156.95,25
1719464074946,156.5,25
1719464074946,156.5,25
1719464076110,156.45,100
1719464076487,156.95,25
1719464077043,156.75,75
1719464078071,156.85,250
1719464079086,156.65,75
1719464079693,156.85,75
1719464080071,156.7,250
1719464080976,157.2,50
1719464081166,157.0,50
1719464081837,156.7,200
1719464082954,156.4,25
1719464082954,156.4,25
1719464084063,156.0,500
1719464084367,155.85,50
1719464084367,155.85,50
1719464085287,155.65,25
1719464086544,155.65,25
1719464087028,156.0,50
1719464088202,155.45,25
1719464088757,155.45,50
1719464089944,155.6,50
1719464090071,155.65,25
1719464091128,155.75,125
1719464091580,155.8,175
1719464092056,155.8,50
1719464093018,157.4,175
1719464093474,157.45,100
1719464093658,157.5,100
1719464094983,158.5,50
1719464095964,158.55,75
1719464096544,158.0,150
1719464096800,158.2,25
1719464097576,158.6,25
1719464097576,158.6,25
1719464098647,158.3,25
1719464098647,158.3,25
1719464100303,157.8,350
1719464100755,157.85,25
1719464101033,157.3,25
1719464101033,157.3,25
1719464101985,158.0,25
1719464103174,158.35,25
1719464103419,158.0,75
1719464103419,158.0,75
1719464105613,157.9,25
1719464106033,157.95,25
1719464106576,158.1,25
1719464106928,157.7,25
1719464107928,157.5,275
1719464108220,157.7,25
1719464108220,157.7,25
1719464108220,157.7,25
1719464110922,157.45,25
1719464111104,157.8,25
1719464111562,157.4,225
1719464111562,157.4,225
1719464112611,157.35,25
1719464112611,157.35,25
1719464114058,157.3,25
1719464114601,157.4,50
1719464114601,157.4,50
1719464115578,157.25,275
1719464116381,157.7,50
1719464116381,157.7,50
1719464118054,157.8,25
1719464119153,158.3,25
1719464119153,158.3,25
1719464120374,158.6,25
1719464120893,158.65,950
1719464121557,158.4,25
1719464121557,158.4,25
1719464123254,158.55,25
1719464123801,158.0,50
1719464124491,158.15,25
1719464124491,158.15,25
1719464126107,158.15,25
1719464126447,158.35,150
1719464127084,158.15,25
1719464127773,158.15,25
1719464127773,158.15,25
1719464129034,158.4,50
1719464129657,158.4,200
1719464129657,158.4,200
1719464130167,158.4,25
1719464131041,158.7,50
1719464131041,158.7,50
1719464132146,158.0,25
1719464133103,157.85,25
1719464133103,157.85,25
1719464134130,157.7,25
1719464134530,157.95,100
1719464134530,157.95,100
1719464136083,157.45,25
1719464136083,157.45,25
1719464137962,157.4,25
1719464137962,157.4,25
1719464138857,157.0,250
1719464139637,156.7,25
1719464140035,156.7,25
1719464141075,156.55,25
1719464141258,156.35,300
1719464142074,157.0,75
1719464142735,157.4,25
1719464142735,157.4,25
1719464144157,158.4,75
1719464144425,158.2,150
1719464145166,159.0,25
1719464146263,158.25,25
1719464146571,158.3,25
1719464147120,158.4,25
1719464147120,158.4,25
1719464148561,159.05,50
1719464149047,158.75,25
1719464149900,158.55,50
1719464149935,158.25,50
1719464150743,158.25,50
1719464151303,158.2,25
1719464151909,158.2,75
1719464153036,158.2,50
1719464153036,158.2,50
1719464154067,158.25,50
1719464154894,158.4,50
1719464155069,158.0,25
1719464155743,157.4,100
1719464155743,157.4,100
1719464156810,157.2,25
1719464157832,157.0,25
1719464157832,157.0,25
1719464158393,157.7,25
1719464159813,157.1,25
1719464159813,157.1,25
1719464160778,157.35,250
1719464161050,157.75,200
1719464161322,157.85,125
1719464161760,157.15,75
1719464162236,157.85,25
1719464162236,157.85,25
1719464164351,158.6,25
1719464164782,158.65,25
1719464164968,158.65,25
1719464165206,158.6,25
1719464165206,158.6,25
1719464167119,158.1,75
1719464167967,158.2,50
1719464167967,158.2,50
1719464169082,158.8,75
1719464169666,158.75,25
1719464170078,159.0,550
1719464170078,159.0,550
1719464171976,159.05,25
1719464171976,159.05,25
1719464171976,159.05,25
1719464173532,159.55,200
1719464173793,158.8,175
1719464174868,158.65,25
1719464174868,158.65,25
1719464176043,158.2,125
1719464176677,158.0,25
1719464177288,157.9,25
1719464177409,158.4,25
1719464177409,158.4,25
1719464179355,158.35,325
1719464179576,158.05,25
1719464179576,158.05,25
1719464181078,158.95,25
1719464181078,158.95,25
1719464181819,158.95,25
1719464182803,159.05,25
1719464182803,159.05,25
1719464183736,159.6,100
1719464184905,158.95,75
1719464185078,158.85,25
1719464185812,159.05,50
1719464185812,159.05,50
1719464187079,159.8,25
1719464187828,159.15,100
1719464188292,158.7,25
1719464189063,158.65,25
1719464189454,158.75,25
1719464189454,158.75,25
1719464190596,158.45,25
1719464191156,158.3,25
1719464191659,157.7,25
1719464192024,158.45,25
1719464193124,158.25,25
1719464193124,158.25,25
1719464194030,158.8,25
1719464194578,159.0,50
1719464194578,159.0,50
1719464196067,159.05,25
1719464196405,159.75,100
1719464196405,159.75,100
1719464198056,159.25,25
1719464198056,159.25,25
1719464199243,159.7,25
1719464199740,159.05,150
1719464199740,159.05,150
1719464200970,158.65,50
1719464201392,158.3,250
1719464201392,158.3,250
1719464202823,158.05,75
1719464203211,158.0,25
1719464204035,158.45,25
1719464204673,158.1,25
1719464205368,158.05,25
1719464206057,159.05,25
1719464206236,158.95,25
1719464206236,158.95,25
1719464208061,159.45,75
1719464208304,159.05,25
1719464208763,158.95,25
1719464208763,158.95,25
1719464210428,159.75,25
1719464211038,159.5,25
1719464211684,159.75,25
1719464211684,159.75,25
1719464212982,159.1,250
1719464213294,159.05,25
1719464213509,158.95,25
1719464214688,159.3,100
1719464214688,159.3,100
1719464216221,159.0,25
1719464216630,159.5,75
1719464216630,159.5,75
1719464218021,160.0,25
1719464218382,160.3,25
1719464219083,161.1,125
1719464219553,161.15,100
1719464220134,161.1,25
1719464220860,161.5,25
1719464221138,160.85,25
1719464221343,161.4,25
1719464222050,161.25,50
1719464223087,161.5,100
1719464223384,162.0,950
1719464224025,161.85,25
1719464224841,161.75,25
1719464224841,161.75,25
1719464226172,162.2,25
1719464226355,162.35,25
1719464226355,162.35,25
1719464228152,163.0,25
1719464228342,162.8,400
1719464228958,162.8,50
1719464230024,163.15,100
1719464230024,163.15,100
1719464231365,163.8,25
1719464231797,163.85,250
1719464231862,164.15,75
1719464233120,163.35,25
1719464233120,163.35,25
1719464234368,163.95,100
1719464234740,164.0,25
1719464235099,164.1,50
1719464235980,163.65,125
1719464236828,163.95,25
1719464236942,163.5,200
1719464238075,163.9,25
1719464238367,164.0,250
1719464239085,163.6,25
1719464239942,163.7,25
1719464240130,164.2,25
1719464240848,164.0,50
1719464241764,164.0,25
1719464242122,163.7,25
1719464243182,163.25,25
1719464243359,163.75,250
1719464244106,163.4,25
1719464244908,163.75,25
1719464245229,164.3,25
1719464246013,163.75,25
1719464246841,165.0,225
1719464247312,165.2,25
1719464248225,165.5,150
1719464248434,166.3,50
1719464249033,166.9,25
1719464250026,166.6,150
1719464250316,166.0,125
1719464250770,166.55,25
1719464251272,167.3,75
1719464251645,166.65,25
1719464252406,166.6,25
1719464253182,167.25,125
1719464253428,167.5,25
1719464253859,167.7,50
1719464254810,167.8,100
1719464255185,167.45,100
1719464255981,167.6,50
1719464256838,166.65,75
1719464257086,167.05,25
1719464258192,167.35,50
1719464258309,167.45,25
1719464259328,167.4,225
1719464260070,166.75,50
1719464260229,166.85,25
1719464261206,166.15,250
1719464261859,167.1,25
1719464262089,166.9,25
1719464263395,168.05,50
1719464263429,168.05,25
1719464264010,168.15,25
1719464264624,167.55,100
1719464265225,168.0,25
1719464266189,168.0,50
1719464266784,167.65,50
1719464267441,167.2,25
1719464268155,167.5,25
1719464268155,167.5,25
1719464269220,167.35,375
1719464269595,167.7,25
1719464269595,167.7,25
1719464271222,167.85,75
1719464271662,167.7,300
1719464272236,167.0,100
1719464272967,167.3,100
1719464273421,167.35,100
1719464274213,167.15,25
1719464275057,167.25,25
1719464275057,167.25,25
1719464276224,167.4,25
1719464276635,168.0,50
1719464276978,168.05,75
1719464278376,167.1,100
1719464278436,167.25,25
1719464278983,166.95,25
1719464280088,166.35,25
1719464280213,166.1,25
1719464280634,166.45,125
1719464281103,167.25,25
1719464281849,167.35,25
1719464282351,168.35,75
1719464283350,167.8,25
1719464284110,167.1,25
1719464284939,167.55,250
1719464284939,167.55,250
1719464286175,167.2,125
1719464286714,167.45,50
1719464286714,167.45,50
1719464288050,167.15,50
1719464288050,167.15,50
1719464288806,167.65,25
1719464290053,167.35,100
1719464290053,167.35,100
1719464291125,167.35,50
1719464291579,168.5,25
1719464292601,169.8,350
1719464293356,169.4,25
1719464293356,169.4,25
1719464294059,169.15,25
1719464295078,169.95,25
1719464295431,169.65,100
1719464296066,169.45,25
1719464296616,168.9,25
1719464297220,168.45,50
1719464298187,169.1,75
1719464298502,168.9,25
1719464299311,169.05,25
1719464300019,169.2,50
1719464300228,168.6,100
1719464301428,168.7,25
1719464301580,168.9,100
1719464302073,168.4,25
1719464303197,168.35,25
1719464303460,168.7,125
1719464304203,168.95,25
1719464305100,168.7,175
1719464305240,169.0,25
1719464306176,168.5,25
1719464306721,168.0,25
1719464307197,168.5,50
1719464308184,169.2,25
1719464308376,168.95,225
1719464308711,169.2,150
1719464309970,170.1,350
1719464310383,170.75,50
1719464310646,170.95,25
1719464311099,170.05,25
1719464311682,170.45,75
1719464312246,170.9,75
1719464313442,170.95,25
1719464314387,172.45,150
1719464315140,171.2,225
1719464315212,171.4,125
1719464316193,172.35,300
1719464316753,172.15,100
1719464317135,172.95,350
1719464318360,171.95,25
1719464318519,172.3,75
1719464319442,172.3,25
1719464320141,172.85,100
1719464320141,172.85,100
1719464321197,172.25,25
1719464321733,173.15,25
1719464322182,173.05,250
1719464323197,172.65,50
1719464323538,173.2,100
1719464324243,173.2,25
1719464325019,173.1,250
1719464325019,173.1,250
1719464326416,172.95,200
1719464326777,172.7,50
1719464327249,172.0,50
1719464328105,170.95,25
1719464328501,171.1,25
1719464329264,170.35,25
1719464330104,170.0,25
1719464330271,170.5,50
1719464331253,171.35,250
1719464331643,171.25,25
1719464332216,171.55,25
1719464333451,171.7,25
1719464333549,172.15,25
1719464334226,171.95,25
1719464335266,172.05,25
1719464336044,172.25,50
1719464336627,171.95,25
1719464337259,171.95,25
1719464338168,172.15,25
1719464338581,171.8,25
1719464339029,172.35,25
1719464339945,171.75,25
1719464339945,171.75,25
1719464340385,172.15,25
1719464341404,172.45,25
1719464341748,171.9,25
1719464342234,171.6,75
1719464343011,171.85,150
1719464343511,171.9,25
1719464344086,172.15,25
1719464345185,172.35,175
1719464345381,172.35,25
1719464346254,172.25,25
1719464346731,172.75,100
1719464347265,172.85,50
1719464348008,172.95,25
1719464348475,172.35,50
1719464348950,172.3,100
1719464350154,172.8,50
1719464350154,172.8,50
1719464351228,172.55,250
1719464351985,172.85,175
1719464352288,172.5,25
1719464353366,171.9,25
1719464354213,171.8,25
1719464355123,172.0,25
1719464355384,171.55,50
1719464356008,172.05,25
1719464356831,171.55,25
1719464357216,171.95,75
1719464358166,171.45,25
1719464358505,171.9,100
1719464359194,171.9,50
1719464360168,171.85,25
1719464360355,172.5,25
1719464360859,171.75,25
1719464362027,173.0,75
1719464362250,173.0,275
1719464363290,171.7,75
1719464363290,171.7,75
1719464364422,172.65,100
1719464364974,172.65,25
1719464366144,172.75,25
1719464366983,172.5,100
1719464367064,172.4,25
1719464368481,171.8,25
1719464368481,171.8,25
1719464369030,171.85,300
1719464370225,171.65,100
1719464370253,172.0,75
1719464370785,171.75,25
1719464371071,171.9,150
1719464371973,171.85,50
1719464371973,171.85,50
1719464372980,172.25,25
1719464373436,172.8,25
1719464374180,172.8,25
1719464375229,172.75,150
1719464375404,172.35,25
1719464376173,172.25,125
1719464376883,172.45,50
1719464377209,172.25,25
1719464378048,172.5,25
1719464378586,172.3,75
1719464379175,171.6,25
1719464380137,171.45,50
1719464381106,172.0,25
1719464382032,171.8,75
1719464382273,172.1,25
1719464383292,171.5,100
1719464383649,171.85,125
1719464384225,171.0,75
1719464384930,170.85,50
1719464384930,170.85,50
1719464386260,170.75,25
1719464386809,170.8,25
1719464386809,170.8,25
1719464388403,170.7,25
1719464388498,171.15,25
1719464389039,171.35,25
1719464390062,170.8,125
1719464390316,171.2,25
1719464391146,171.55,250
1719464391862,171.4,25
1719464392274,171.3,25
1719464392762,171.0,25
1719464393378,171.05,75
1719464394306,172.0,250
1719464395184,171.3,25
1719464395979,171.15,25
1719464397060,171.1,25
1719464397265,171.55,175
1719464398181,172.35,25
1719464398531,172.4,75
1719464399231,172.1,225
1719464400083,172.0,25
1719464400824,171.5,25
1719464401374,171.25,100
1719464401911,170.8,100
1719464402279,170.6,25
1719464402863,170.9,300
1719464403436,170.95,25
1719464403963,171.6,100
1719464405306,171.85,25
1719464406279,172.25,25
1719464406959,172.0,25
1719464407126,172.0,25
1719464408087,172.0,25
1719464408087,172.0,25
1719464408975,172.0,25
1719464410007,172.4,50
1719464410007,172.4,50
1719464411136,171.25,25
1719464411701,171.8,25
1719464412191,171.1,25
1719464413144,170.95,25
1719464413144,170.95,25
1719464414270,171.25,25
1719464415259,171.2,25
1719464416229,171.1,25
1719464416600,171.0,175
1719464416600,171.0,175
1719464418169,171.6,75
1719464418526,171.15,175
1719464418870,171.3,25
1719464420287,171.7,25
1719464421286,171.05,50
1719464421461,171.0,125
1719464422494,171.0,25
1719464423324,171.25,25
1719464423324,171.25,25
1719464424127,171.15,25
1719464425225,171.4,25
1719464426291,171.95,50
1719464426669,171.75,25
1719464426965,171.65,25
1719464428407,171.4,25
1719464428652,171.35,150
1719464428886,171.4,50
1719464430253,171.4,50
1719464430804,171.2,25
1719464430983,171.65,200
1719464431640,171.5,25
1719464432456,172.35,25
1719464433112,171.6,25
1719464433112,171.6,25
1719464434171,172.2,100
1719464435134,172.05,25
1719464436336,172.3,150
1719464436336,172.3,150
1719464437311,172.35,200
1719464438249,172.5,50
1719464438458,172.6,25
1719464439299,172.75,25
1719464440325,172.85,400
1719464441526,173.0,25
1719464441890,172.8,25
1719464442222,172.9,225
1719464443319,172.4,75
1719464443687,172.5,25
1719464444330,171.6,25
1719464444961,171.85,25
1719464444961,171.85,25
1719464446293,172.1,75
1719464446859,171.85,25
1719464447313,171.5,150
1719464448180,171.35,25
1719464448652,171.75,25
1719464449111,171.6,25
1719464450304,172.0,225
1719464450366,172.0,25
1719464451341,172.15,50
1719464451913,171.8,25
1719464452323,171.8,75
1719464453330,172.3,25
1719464453740,171.25,25
1719464454272,170.75,25
1719464455213,170.65,25
1719464456322,171.05,50
1719464456955,170.65,100
1719464457094,170.95,25
1719464458140,171.05,275
1719464458551,171.0,50
1719464459348,170.95,275
1719464460342,170.45,25
1719464460782,170.5,25
1719464461547,169.75,25
1719464461860,169.6,25
1719464462247,169.75,25
1719464463551,168.5,25
1719464463762,168.6,25
1719464464285,168.3,25
1719464465358,167.6,50
1719464465494,167.6,50
1719464466343,168.2,25
1719464466983,168.75,25
1719464467348,168.65,25
1719464468278,168.2,50
1719464468742,168.1,25
1719464469551,168.65,25
1719464470354,169.05,125
1719464471284,169.1,575
1719464471655,169.45,200
1719464472465,169.05,25
1719464473359,169.0,25
1719464473359,169.0,25
1719464474117,170.25,25
1719464475287,169.55,25
1719464476357,169.7,25
1719464476943,169.55,100
1719464477422,169.65,25
1719464477918,169.3,50
1719464477918,169.3,50
1719464479216,168.7,125
1719464480360,168.5,100
1719464480377,168.35,25
1719464481244,168.25,125
1719464481968,167.95,50
1719464482724,168.6,25
1719464483336,168.3,100
1719464483336,168.3,100
1719464483872,168.3,250
1719464485299,169.25,25
1719464486093,168.4,100
1719464487030,168.1,425
1719464487228,168.5,175
1719464488153,168.15,25
1719464488475,168.05,25
1719464489079,168.1,25
1719464490355,168.1,25
1719464490355,168.1,25
1719464490632,168.1,25
1719464491251,168.0,25
1719464491896,167.95,25
1719464492079,168.0,200
1719464493313,168.0,50
1719464493677,168.0,50
1719464494234,167.8,25
1719464495412,167.65,50
1719464496357,168.6,150
1719464496408,168.25,25
1719464497188,168.25,125
1719464498267,168.3,100
1719464498267,168.3,100
1719464499180,168.65,25
1719464499820,169.3,50
1719464501561,169.6,100
1719464502039,169.5,25
1719464502152,169.5,150
1719464503139,169.2,50
1719464503588,169.3,125
1719464504083,168.9,100
1719464505267,168.55,250
1719464505267,168.55,250
1719464506223,168.0,50
1719464506517,168.4,175
1719464507065,168.5,100
1719464507721,168.55,200
1719464507721,168.55,200
1719464509353,168.0,25
1719464510022,168.55,275
1719464511353,168.05,25
1719464511816,168.05,100
1719464512330,168.15,25
1719464513192,167.65,150
1719464513728,168.1,25
1719464514245,168.05,25
1719464515374,168.05,250
1719464516364,168.1,25
1719464517042,167.95,25
1719464517042,167.95,25
1719464518273,167.6,775
1719464518414,167.9,50
1719464519372,167.55,25
1719464520314,167.55,50
1719464520427,167.55,25
1719464520798,167.6,175
1719464521007,167.75,175
1719464521925,167.0,50
1719464522152,166.5,50
1719464523304,166.4,75
1719464523454,165.75,300
1719464524486,164.0,50
1719464525179,165.25,25
1719464525781,165.3,25
1719464526363,165.6,100
1719464527036,165.6,25
1719464527103,165.5,50
1719464528324,166.15,25
1719464528844,166.05,125
1719464529308,165.8,75
1719464530128,165.75,25
1719464530448,165.6,25
1719464531475,165.45,25
1719464532324,165.8,25
1719464533257,165.55,200
1719464533589,165.45,375
1719464534189,165.3,50
1719464535103,165.25,50
1719464535103,165.25,50
1719464536015,165.5,75
1719464537244,165.05,25
1719464537358,165.0,25
1719464538401,164.85,25
1719464538845,164.6,200
1719464539127,165.2,25
1719464540467,165.0,100
1719464541378,164.7,25
1719464541724,164.5,25
1719464542588,164.8,50
1719464543303,164.8,25
1719464543834,164.8,125
1719464544386,164.05,225
1719464544823,164.7,25
1719464545429,164.0,25
1719464546126,163.25,50
1719464547098,164.0,200
1719464547336,164.0,100
1719464548357,164.1,125
1719464548477,163.9,25
1719464549191,163.65,25
1719464550275,163.0,50
1719464550575,162.5,50
1719464550865,163.0,25
1719464550985,162.65,250
1719464551969,162.55,25
1719464552327,162.45,50
1719464553345,163.25,50
1719464553881,162.7,50
1719464554378,163.25,25
1719464555332,163.15,25
1719464555332,163.15,25
1719464556278,164.3,25
1719464557287,163.2,100
1719464557578,163.9,500
1719464557836,163.5,25
1719464558707,164.25,75
1719464559279,163.45,25
1719464560235,163.55,25
1719464560235,163.55,25
1719464561566,164.15,25
1719464562213,163.55,25
1719464563353,164.05,500
1719464563899,163.35,25
1719464564111,163.35,25
1719464565370,162.7,250
1719464565370,162.7,250
1719464565898,162.7,25
1719464567044,162.85,50
1719464567343,163.1,25
1719464568119,162.65,25
1719464568925,162.75,75
1719464569039,163.0,200
1719464570096,163.1,25
1719464570096,163.1,25
1719464571454,163.2,100
1719464572393,162.85,275
1719464573212,163.0,75
1719464573212,163.0,75
1719464573963,163.35,100
1719464575541,163.05,50
1719464575541,163.05,50
1719464576337,162.65,100
1719464577217,162.9,50
1719464577217,162.9,50
1719464578239,163.25,100
1719464578239,163.25,100
1719464579232,163.4,25
1719464580021,162.85,25
1719464580021,162.85,25
1719464581199,162.5,25
1719464582352,162.75,50
1719464582375,162.95,50
1719464582749,162.55,25
1719464582749,162.55,25
1719464584091,162.65,50
1719464584534,162.85,50
1719464586254,162.5,25
1719464587334,162.7,25
1719464588380,162.65,225
1719464588936,161.85,25
1719464589568,160.65,50
1719464590123,161.2,25
1719464590514,160.8,100
1719464591786,158.2,50
1719464592044,158.0,100
1719464592334,157.6,25
1719464593399,157.7,125
1719464593955,157.0,75
1719464594389,157.5,50
1719464595275,158.2,25
1719464595548,158.05,25
1719464716238,144.35,125
1719464717223,143.65,250
1719464717406,143.7,150
1719464718417,143.85,100
1719464718842,143.95,25
1719464719642,143.25,25
1719464720753,143.25,25
1719464721435,142.95,75
1719464722237,141.6,150
1719464722466,141.9,25
1719464723686,141.2,25
1719464723961,141.75,100
1719464724581,142.25,50
1719464725655,141.85,25
1719464725709,141.0,25
1719464726599,140.2,25
1719464727316,141.5,100
1719464727458,141.55,25
1719464728663,140.45,25
1719464728663,140.45,25
1719464729320,140.2,50
1719464730364,141.9,50
1719464730688,141.1,25
1719464730688,141.1,25
1719464731460,141.65,25
1719464732350,141.0,50
1719464732667,140.45,300
1719464733456,141.9,25
1719464733962,142.35,25
1719464734280,142.2,25
1719464735281,141.45,50
1719464735681,141.85,75
1719464736433,141.45,25
1719464737185,141.1,50
1719464737185,141.1,50
1719464738473,141.85,25
1719464738913,142.4,525
1719464739840,141.6,25
1719464740430,141.6,100
1719464740703,142.0,25
1719464741479,143.15,25
1719464742159,142.6,25
1719464742657,142.0,50
1719464743359,142.0,50
1719464743792,142.5,25
1719464744433,142.5,25
1719464745418,142.25,25
1719464745609,142.05,25
1719464746363,142.5,25
1719464747483,143.1,50
1719464748312,142.9,25
1719464748981,142.75,50
1719464749649,143.75,25
1719464750340,143.55,50
1719464750707,143.9,25
1719464751414,143.7,50
1719464752387,143.5,50
1719464752490,143.4,25
1719464753438,143.15,25
1719464753952,143.6,25
1719464754411,144.0,25
1719464755464,144.45,25
1719464755668,144.5,25
1719464756686,145.85,25
1719464757165,145.45,25
1719464757703,145.9,250
1719464758634,145.4,25
1719464758994,145.3,25
1719464759170,145.65,25
1719464760435,145.65,25
1719464760742,145.4,50
1719464760742,145.4,50
1719464761339,144.55,50
1719464762389,144.5,25
1719464762890,144.45,25
1719464763470,144.25,225
1719464764027,144.15,50
1719464764452,143.3,250
1719464765480,143.0,50
1719464765772,142.5,75
1719464766325,142.45,125
1719464767268,143.7,25
1719464767668,143.45,200
1719464768214,143.4,25
1719464768595,143.35,25
1719464769317,144.3,50
1719464770672,146.2,100
1719464770723,146.05,25
1719464771271,145.7,50
1719464772305,145.75,25
1719464772636,145.7,25
1719464773373,146.3,150
1719464773967,145.55,25
1719464774366,145.1,100
1719464774599,144.6,25
1719464775672,145.25,150
1719464776459,144.8,100
1719464777477,144.8,225
1719464777981,144.85,150
1719464779028,144.4,25
1719464779460,144.7,25
1719464780067,144.95,25
1719464780743,144.85,75
1719464781116,144.95,25
1719464782355,144.4,50
1719464783499,144.25,25
1719464783938,144.45,50
1719464784414,145.2,25
1719464785629,145.35,25
1719464785776,145.35,50
1719464786612,146.45,25
1719464787279,147.4,50
1719464787279,147.4,50
1719464788700,147.2,50
1719464789056,147.45,25
1719464789433,147.25,100
1719464790289,147.15,175
1719464790845,147.0,50
1719464791567,145.35,25
1719464792431,145.2,75
1719464792472,144.75,50
1719464793772,144.6,25
1719464793984,145.05,25
1719464794195,144.95,25
1719464795500,145.0,25
1719464795839,144.0,75
1719464796471,144.55,175
1719464797025,145.25,100
1719464798386,145.8,25
1719464798993,146.35,25
1719464799380,146.95,50
1719464800500,146.15,250
1719464800500,146.15,250
1719464800945,146.4,125
1719464802212,146.0,100
1719464803435,146.2,25
1719464803435,146.2,25
1719464804312,146.15,25
1719464805578,146.15,25
1719464805745,146.4,100
1719464806232,146.4,100
1719464807498,146.95,100
1719464808217,146.8,75
1719464808929,147.1,275
1719464809261,146.75,25
1719464810408,146.05,25
1719464810815,146.3,275
1719464810815,146.3,275
1719464812465,145.3,25
1719464812655,145.35,250
1719464813470,145.05,100
1719464813848,145.5,25
1719464814133,145.7,25
1719464815485,145.7,25
1719464815599,145.65,25
1719464816301,145.65,375
1719464817469,145.45,25
1719464817909,145.85,50
1719464818960,145.35,25
1719464819233,145.65,25
1719464820190,145.35,25
1719464820873,145.15,25
1719464821141,145.45,50
1719464822480,146.75,25
1719464822672,146.4,25
1719464823436,146.65,25
1719464823725,146.25,25
1719464824503,145.35,25
1719464825599,145.0,475
1719464825599,145.0,475
1719464826110,145.15,25
1719464827478,144.5,25
1719464827681,144.95,100
1719464828267,145.15,25
1719464829071,146.45,500
1719464829477,146.65,25
1719464830587,147.65,125
1719464831470,149.3,25
1719464832483,149.3,25
1719464833509,149.15,25
1719464834070,148.55,50
1719464834146,148.5,75
1719464835436,148.6,50
1719464835670,148.15,25
1719464836451,147.35,50
1719464837547,147.35,200
1719464837547,147.35,200
1719464838369,147.25,25
1719464839024,146.9,25
1719464839387,147.6,25
1719464840495,148.1,25
1719464841414,148.5,125
1719464841927,147.9,25
1719464842688,148.0,50
1719464843455,148.95,125
1719464844122,149.1,25
1719464844453,148.85,25
1719464845441,149.5,25
1719464845616,149.5,25
1719464846402,148.75,150
1719464847139,149.15,75
1719464847537,149.45,25
1719464848741,148.8,25
1719464848933,149.25,75
1719464849416,149.45,100
1719464850487,148.55,25
1719464850637,148.55,50
1719464850785,148.75,50
1719464851461,148.75,50
1719464852487,149.4,100
1719464853058,149.4,25
1719464854172,150.6,100
1719464854338,150.35,25
1719464855362,149.8,25
1719464855743,150.25,25
1719464856692,150.45,125
1719464857462,150.9,25
1719464858445,151.0,25
1719464859047,150.55,25
1719464859539,151.0,25
1719464860262,150.75,25
1719464860718,150.3,25
1719464860827,150.4,175
1719464862542,149.45,75
1719464862641,149.75,200
1719464863505,149.0,200
1719464864138,148.4,25
1719464864464,148.3,375
1719464865609,149.05,375
1719464865956,149.1,25
1719464867508,150.3,25
1719464868211,150.55,50
1719464869136,151.0,50
1719464869516,151.1,25
1719464870242,150.8,50
1719464870634,150.85,25
1719464871655,151.0,100
1719464872542,150.0,100
1719464872542,150.0,100
1719464873215,150.45,25
1719464874219,151.5,25
1719464874356,151.2,150
1719464875417,151.05,125
1719464875588,150.8,300
1719464876750,151.9,25
1719464877575,152.05,25
1719464877575,152.05,25
1719464878534,151.45,25
1719464879023,150.7,25
1719464879644,150.55,25
1719464880023,150.0,575
1719464880768,150.1,50
1719464880768,150.1,50
1719464881525,149.55,25
1719464882607,150.2,25
1719464882782,150.4,25
1719464884106,150.0,25
1719464884510,149.7,100
1719464885540,149.05,25
1719464885679,148.7,25
1719464886544,148.75,25
1719464887095,149.5,25
1719464887095,149.5,25
1719464888745,150.0,25
1719464889096,150.15,25
1719464889452,150.0,25
1719464890248,150.0,25
1719464890770,149.35,25
1719464891434,148.9,50
1719464892503,147.05,25
1719464892503,147.05,25
1719464893405,148.7,50
1719464894217,147.35,25
1719464894431,147.2,25
1719464895529,147.65,25
1719464895798,147.55,25
1719464896368,147.8,25
1719464897609,147.15,175
1719464898496,147.25,500
1719464899163,147.65,25
1719464899517,147.6,25
1719464900323,146.9,25
1719464900768,146.75,25
1719464901619,146.55,25
1719464902598,146.6,25
1719464902735,146.7,25
1719464903459,147.15,25
1719464903623,147.15,100
1719464904718,148.75,25
1719464905779,150.5,100
1719464906753,150.75,25
1719464907644,150.6,450
1719464908446,150.65,25
1719464909234,150.3,25
1719464909727,151.5,25
1719464910743,153.2,25
1719464910995,153.2,25
1719464911711,152.05,50
1719464912450,152.25,25
1719464912619,152.25,25
1719464913201,151.75,25
1719464913998,152.3,125
1719464914526,151.85,50
1719464915481,151.15,200
1719464915746,151.05,50
1719464916756,150.65,25
1719464917473,149.7,75
1719464917644,149.5,100
1719464918492,150.6,25
1719464918898,150.65,25
1719464919469,150.35,125
1719464920405,151.4,25
1719464920705,151.4,25
1719464921377,150.6,25
1719464922585,150.4,25
1719464923558,150.75,25
1719464923716,150.45,50
1719464923716,150.45,50
1719464925567,150.0,25
1719464925567,150.0,25
1719464926256,150.3,25
1719464927538,149.5,100
1719464927638,149.9,25
1719464928445,149.75,25
1719464929044,150.4,250
1719464929044,150.4,250
1719464930429,150.0,25
1719464930767,149.65,100
1719464931438,149.35,25
1719464932451,150.4,25
1719464932641,150.3,25
1719464933560,149.75,25
1719464934301,149.25,25
1719464934395,149.35,25
1719464935102,149.35,50
1719464935819,148.85,25
1719464936541,148.6,50
1719464937326,148.4,25
1719464938424,149.45,350
1719464939209,150.8,50
1719464939442,150.75,25
1719464939911,150.35,25
1719464940677,150.35,25
1719464941026,150.0,25
1719464942576,151.05,75
1719464942576,151.05,75
1719464943203,150.0,25
1719464944202,150.6,25
1719464944357,151.0,50
1719464945460,150.6,25
1719464945460,150.6,25
1719464946642,150.7,75
1719464947509,150.0,25
1719464947509,150.0,25
1719464948467,149.75,75
1719464948764,149.25,50
1719464948764,149.25,50
1719464950334,149.45,50
1719464950594,149.0,25
1719464951587,148.25,25
1719464952606,148.2,50
1719464953468,148.45,175
1719464954033,148.8,25
1719464954645,148.5,25
1719464955541,148.95,50
1719464955915,149.75,25
1719464956508,149.1,50
1719464957383,149.2,25
1719464957716,150.1,25
1719464958410,149.3,25
1719464958902,150.2,25
1719464958902,150.2,25
1719464960522,150.2,25
1719464960913,149.75,25
1719464961288,149.55,25
1719464961939,148.9,50
1719464961939,148.9,50
1719464962756,149.35,100
1719464964309,148.9,25
1719464964309,148.9,25
1719464965571,149.45,250
1719464965571,149.45,250
1719464965571,149.45,250
1719464967560,149.85,25
1719464967560,149.85,25
1719464968135,150.05,50
1719464968825,149.45,175
1719464969520,149.0,1275
1719464969740,148.7,750
1719464970855,148.95,50
1719464971233,149.25,25
1719464971989,148.95,25
1719464971989,148.95,25
1719464973564,149.65,50
1719464973995,149.25,200
1719464973995,149.25,200
1719464975319,149.45,225
1719464975319,149.45,225
1719464976185,149.05,25
1719464977337,149.0,25
1719464977757,148.35,25
1719464978155,148.75,25
1719464979287,149.1,50
1719464979565,148.85,50
1719464979914,148.8,25
1719464980915,148.85,25
1719464981548,148.95,25
1719464982420,148.65,50
1719464982420,148.65,50
1719464983538,148.9,75
1719464984255,148.85,125
1719464984532,149.25,25
1719464985290,149.25,25
1719464985290,149.25,25
1719464986624,148.85,50
1719464987512,149.6,225
1719464987512,149.6,225
1719464988325,148.9,25
1719464988937,148.5,100
1719464988937,148.5,100
1719464990524,148.55,25
1719464990720,148.6,25
1719464991189,147.9,25
1719464992498,148.15,125
1719464992682,148.2,25
1719464993520,147.65,25
1719464994171,147.7,25
1719464994171,147.7,25
1719464995442,149.0,225
1719464995442,149.0,225
1719464996526,148.55,150
1719464997581,148.4,25
1719464997581,148.4,25
1719464998826,148.2,25
1719464998826,148.2,25
1719464999799,148.55,25
1719465000588,148.35,25
1719465000647,148.4,25
1719465000647,148.4,25
1719465001152,148.7,50
1719465002469,149.0,250
1719465002672,149.45,25
1719465003314,148.95,25
1719465004318,148.5,25
1719465004318,148.5,25
1719465005125,149.4,500
1719465006006,149.45,25
1719465006580,149.85,150
1719465007549,148.9,50
1719465007732,149.55,50
1719465008308,149.55,25
1719465008781,149.45,100
1719465008781,149.45,100
1719465010266,148.7,25
1719465010675,149.1,25
1719465010675,149.1,25
1719465012576,148.6,25
1719465012576,148.6,25
1719465013540,148.05,150
1719465013631,148.35,25
1719465014542,148.3,75
1719465015750,147.85,100
1719465015750,147.85,100
1719465016386,148.1,25
1719465017276,148.35,25
1719465017276,148.35,25
1719465018571,148.45,75
1719465019119,148.15,750
1719465019119,148.15,750
1719465020251,149.45,125
1719465020896,149.0,150
1719465021466,148.35,25
1719465022822,147.9,50
1719465023488,146.9,100
1719465024208,147.1,25
1719465024603,145.95,25
1719465025563,145.1,25
1719465025629,144.5,50
1719465026565,144.45,25
1719465027812,146.3,25
1719465028660,146.95,25
1719465029082,148.7,100
1719465029082,148.7,100
1719465030392,148.2,25
1719465030392,148.2,25
1719465031008,147.65,175
1719465031505,148.35,25
1719465032614,148.4,25
1719465032614,148.4,25
1719465033714,148.4,25
1719465034328,148.0,25
1719465034328,148.0,25
1719465035520,148.75,25
1719465035628,149.0,225
1719465036556,149.0,25
1719465037224,149.95,25
1719465037665,149.35,200
1719465038373,148.5,25
1719465039309,148.95,25
1719465039309,148.95,25
1719465040553,148.15,25
1719465040826,148.05,25
1719465041513,148.15,25
1719465041739,147.95,25
1719465042631,148.35,225
1719465042631,148.35,225
1719465044312,148.15,50
1719465044312,148.15,50
1719465045340,148.3,200
1719465045868,148.4,25
1719465046447,148.15,50
1719465047395,148.5,325
1719465047395,148.5,325
1719465047990,149.0,25
1719465049413,148.5,100
1719465049413,148.5,100
1719465050224,149.4,300
1719465051014,149.45,25
1719465051367,149.4,25
1719465051809,149.5,25
1719465052774,149.4,25
1719465053209,149.4,25
1719465054466,149.55,25
1719465054466,149.55,25
1719465055411,149.15,100
1719465056054,148.95,25
1719465056200,148.75,50
1719465057607,147.0,25
1719465057772,146.65,125
1719465058810,146.6,50
1719465059322,144.95,25
1719465059622,145.3,150
1719465060613,144.6,50
1719465060793,144.7,25
1719465060793,144.7,25
1719465061501,145.15,225
1719465062570,146.0,25
1719465062570,146.0,25
1719465063320,146.1,375
1719465063320,146.1,375
1719465064646,146.0,25
1719465065142,145.75,25
1719465065969,146.0,25
1719465065969,146.0,25
1719465066735,145.55,50
1719465067744,145.8,25
1719465068603,144.95,25
1719465069350,145.25,150
1719465069609,145.65,175
1719465070679,145.45,50
1719465070679,145.45,50
1719465071505,146.45,50
1719465072594,145.8,75
1719465072643,145.35,25
1719465073603,145.5,50
1719465074567,145.95,25
1719465075608,145.95,50
1719465075995,146.3,25
1719465076532,145.75,25
1719465077596,145.75,50
1719465077596,145.75,50
1719465078820,147.45,25
1719465079472,147.05,25
1719465079555,147.5,50
1719465080471,146.8,50
1719465081117,146.85,25
1719465081117,146.85,25
1719465082258,146.55,25
1719465082258,146.55,25
1719465084741,147.05,25
1719465085427,146.15,25
1719465085427,146.15,25
1719465086609,146.45,75
1719465087245,146.0,300
1719465087701,146.25,25
