time,price,volume
1719461503697,66.35,25
1719461503941,66.45,25
1719461504686,65.95,75
1719461505180,65.7,25
1719461505390,65.65,100
1719461505642,65.9,50
1719461506383,66.15,125
1719461506708,66.2,25
1719461507785,65.75,25
1719461507890,65.85,25
1719461508713,65.3,25
1719461508967,65.7,25
1719461509709,65.25,50
1719461510163,65.45,25
1719461510893,65.9,75
1719461511188,65.45,325
1719461511387,65.65,25
1719461511714,65.0,25
1719461512399,64.95,25
1719461512727,66.0,125
1719461513593,65.1,25
1719461513690,65.3,25
1719461514586,64.6,25
1719461514916,64.9,25
1719461515699,64.6,100
1719461515984,63.95,25
1719461516699,62.7,25
1719461516996,63.05,50
1719461517710,63.95,25
1719461518192,64.55,25
1719461518907,65.9,50
1719461519187,65.7,25
1719461519701,65.4,50
1719461520082,65.15,400
1719461520210,65.15,400
1719461520901,64.95,25
1719461521397,64.75,25
1719461521707,65.2,25
1719461522394,65.8,600
1719461522710,65.85,50
1719461523597,65.4,25
1719461523716,65.4,125
1719461524403,66.9,25
1719461524918,66.15,25
1719461525404,65.9,25
1719461525699,66.05,175
1719461526805,67.25,150
1719461527803,68.7,100
1719461527915,68.75,50
1719461528714,68.3,175
1719461528814,68.3,25
1719461529695,67.95,100
1719461530015,67.5,250
1719461530722,67.85,125
1719461531210,68.2,50
1719461531409,68.1,25
1719461531714,68.35,125
1719461532607,67.9,75
1719461532917,67.2,25
1719461533603,67.9,25
1719461533790,67.45,25
1719461534618,67.7,25
1719461534712,67.6,25
1719461535429,67.85,200
1719461535716,67.95,75
1719461536719,68.05,150
1719461536824,68.15,25
1719461537583,68.1,25
1719461537711,68.05,100
1719461538620,67.85,50
1719461538726,67.65,100
1719461539637,68.4,275
1719461540018,68.5,25
1719461540429,68.6,50
1719461540722,68.8,100
1719461541626,69.4,50
1719461541721,69.15,25
1719461542725,69.1,25
1719461542821,69.15,25
1719461543902,69.6,25
1719461544710,69.55,25
1719461545016,69.45,25
1719461545731,70.4,75
1719461546031,70.85,25
1719461546722,70.55,25
1719461547252,69.55,25
1719461547908,69.65,25
1719461548222,69.65,25
1719461548728,69.0,50
1719461549436,69.15,75
1719461549728,69.45,25
1719461550083,69.0,50
1719461550424,69.3,25
1719461550718,69.2,25
1719461551427,69.6,25
1719461551718,69.45,25
1719461552919,69.85,25
1719461553831,69.75,175
1719461554720,69.3,25
1719461554846,69.15,25
1719461555721,69.45,50
1719461555857,68.75,25
1719461556738,69.2,25
1719461557025,69.3,25
1719461557714,69.3,50
1719461558052,68.6,25
1719461558725,68.5,50
1719461559043,68.75,25
1719461559707,68.7,25
1719461559962,69.0,75
1719461560730,69.0,25
1719461561243,68.85,150
1719461561725,69.0,200
1719461562426,69.7,75
1719461562724,69.6,25
1719461563647,70.45,50
1719461563921,70.45,50
1719461564742,71.15,25
1719461565655,70.95,25
1719461565736,70.95,50
1719461566723,70.6,125
1719461566851,70.65,25
1719461567745,70.95,25
1719461567862,70.9,25
1719461568854,70.55,100
1719461569721,70.9,25
1719461569864,70.75,25
1719461570724,70.8,25
1719461571275,70.45,25
1719461571457,69.3,25
1719461571919,69.55,25
1719461572731,69.7,25
1719461573727,69.9,25
1719461574739,70.2,25
1719461574797,70.25,25
1719461575729,70.1,50
1719461575876,69.9,25
1719461576730,68.9,25
1719461576892,68.8,50
1719461577739,69.0,250
1719461578276,68.65,75
1719461578719,68.8,25
1719461579258,68.75,75
1719461579485,68.8,50
1719461579731,68.7,25
1719461580099,68.7,25
1719461580664,68.85,200
1719461580736,68.65,25
1719461581741,68.55,25
1719461582649,68.6,200
1719461582926,68.35,50
1719461583715,68.4,25
1719461583879,68.1,400
1719461584738,68.6,25
1719461585087,68.65,25
1719461585714,69.2,25
1719461586229,69.95,25
1719461586474,70.0,225
1719461586720,70.1,700
1719461587480,69.7,25
1719461587725,69.55,25
1719461588501,70.5,125
1719461588734,70.5,25
1719461589748,70.2,175
1719461589896,70.5,25
1719461590732,70.95,50
1719461591089,71.4,25
1719461591732,71.05,500
1719461592091,71.4,175
1719461592758,71.2,25
1719461593085,71.3,75
1719461593756,71.0,25
1719461594291,70.55,25
1719461594508,70.2,100
1719461594944,69.95,150
1719461595687,70.1,100
1719461595752,70.1,25
1719461596757,69.25,125
1719461596879,69.45,100
1719461597482,69.45,25
1719461597694,69.55,25
1719461598726,69.6,25
1719461598869,69.3,25
1719461599698,69.4,25
1719461600047,69.6,25
1719461600703,69.4,200
1719461601055,69.2,25
1719461605748,68.95,25
1719461605926,69.1,25
1719461606494,68.9,200
1719461606774,69.3,100
1719461607767,70.8,50
1719461608757,70.55,325
1719461608881,70.6,75
1719461609755,70.0,25
1719461609851,69.9,75
1719461610104,70.15,25
1719461610515,70.6,50
1719461610772,70.45,100
1719461611964,69.85,25
1719461612738,69.85,25
1719461613733,70.3,100
1719461613917,69.95,75
1719461614668,70.35,25
1719461615092,70.45,25
1719461615768,70.65,25
1719461616103,70.35,200
1719461616748,69.9,75
1719461617124,70.35,125
1719461617703,70.5,25
1719461618344,70.9,25
1719461618494,71.2,25
1719461618766,70.75,75
1719461619496,69.8,25
1719461619753,70.0,100
1719461620692,69.4,25
1719461620766,69.5,25
1719461621746,69.05,75
1719461621919,68.85,50
1719461622753,69.35,25
1719461622951,69.35,25
1719461623736,68.7,75
1719461623929,68.75,50
1719461624757,67.45,25
1719461624935,66.95,50
1719461625746,66.45,50
1719461626136,67.2,100
1719461626956,67.4,250
1719461627119,67.3,300
1719461627755,66.5,25
1719461628132,66.35,50
1719461628772,66.15,25
1719461629343,66.45,25
1719461629540,66.5,125
1719461629752,66.6,25
1719461630756,66.25,25
1719461631746,67.25,150
1719461631961,67.65,175
1719461632747,66.9,50
1719461632937,66.75,50
1719461633782,67.0,25
1719461633951,67.15,100
1719461634778,66.75,25
1719461635147,67.0,25
1719461635775,67.05,500
1719461635936,67.1,75
1719461636787,67.0,25
1719461637142,66.95,25
1719461637784,67.0,675
1719461638350,67.0,25
1719461638504,67.05,25
1719461638780,67.5,25
1719461639764,67.3,600
1719461640091,66.9,25
1719461640562,67.4,150
1719461640788,67.45,25
1719461641579,67.55,25
1719461641782,67.55,25
1719461642576,67.85,50
1719461642958,67.25,50
1719461643751,67.4,300
1719461644731,67.55,175
1719461644940,67.85,125
1719461645782,68.15,25
1719461645962,68.1,25
1719461646788,67.9,25
1719461646974,67.25,25
1719461647777,67.95,25
1719461648155,68.3,75
1719461648773,67.5,25
1719461649147,67.4,50
1719461649775,67.65,75
1719461650382,68.0,25
1719461650775,67.8,25
1719461651368,67.6,50
1719461651538,67.55,25
1719461651776,67.45,25
1719461652793,66.85,25
1719461652978,65.85,75
1719461653789,66.3,25
1719461654167,66.05,75
1719461654772,66.15,50
1719461655189,65.45,150
1719461656795,65.95,50
1719461656994,65.95,25
1719461657788,65.95,25
1719461658170,66.5,25
1719461658781,66.95,275
1719461659160,67.8,25
1719461659987,67.35,25
1719461660388,67.75,25
1719461660787,67.85,25
1719461661779,68.4,50
1719461661987,68.85,25
1719461662769,69.4,200
1719461662969,69.65,50
1719461663788,69.25,25
1719461664188,68.75,100
1719461664801,69.2,150
1719461665390,68.85,25
1719461665595,68.8,25
1719461665798,68.6,50
1719461666810,68.55,25
1719461667786,67.75,25
1719461668996,67.5,125
1719461669751,67.5,25
1719461669812,67.45,100
1719461670091,67.2,50
1719461670777,67.85,50
1719461671781,67.4,225
1719461672198,67.55,100
1719461672718,68.0,25
1719461673208,67.95,125
1719461673772,68.0,200
1719461674400,68.4,25
1719461674809,68.65,50
1719461675786,67.95,100
1719461675820,68.0,25
1719461676789,67.4,50
1719461677019,67.45,25
1719461677782,67.0,50
1719461678170,68.05,25
1719461678784,67.95,25
1719461679007,68.3,25
1719461679597,68.7,25
1719461679786,68.85,225
1719461680609,68.95,25
1719461680802,69.0,25
1719461681801,67.85,25
1719461682015,67.35,25
1719461682809,68.0,75
1719461683805,66.9,100
1719461684034,66.5,200
1719461684797,66.65,125
1719461685223,66.85,25
1719461685783,66.85,225
1719461686246,66.6,25
1719461686621,66.75,75
1719461686982,66.9,25
1719461687836,67.1,25
1719461688820,67.65,50
1719461688992,67.55,50
1719461689808,66.85,25
1719461690035,66.7,25
1719461690618,66.55,25
1719461690805,66.15,25
1719461691652,66.05,50
1719461691814,66.2,50
1719461692840,66.75,50
1719461693792,66.8,25
1719461694026,66.5,50
1719461694798,66.65,25
1719461695255,66.1,75
1719461695777,66.45,25
1719461696440,66.95,50
1719461696645,66.5,75
1719461696814,66.55,75
1719461697638,66.3,25
1719461697966,66.5,100
1719461698805,67.4,25
1719461699048,68.05,150
1719461699821,67.65,25
1719461700084,66.85,25
1719461700231,66.7,50
1719461700820,66.35,25
1719461701450,65.75,550
1719461701813,65.65,175
1719461702464,64.9,100
1719461703011,65.55,100
1719461703468,66.0,1000
1719461704005,66.0,50
1719461704652,65.75,25
1719461704795,65.55,25
1719461705877,66.75,75
1719461706804,66.95,75
1719461707267,67.5,75
1719461708014,68.25,25
1719461708449,67.65,100
1719461708670,67.5,125
1719461708819,67.45,25
1719461709813,67.55,400
1719461709857,67.5,75
1719461710827,66.5,100
1719461711083,66.0,250
1719461711816,66.35,100
1719461712075,66.7,25
1719461712974,66.7,75
1719461713294,66.85,50
1719461713672,67.7,25
1719461713849,67.7,50
1719461714866,67.4,50
1719461715832,67.65,100
1719461715889,67.6,50
1719461716819,67.7,25
1719461717062,67.6,25
1719461717834,67.35,250
1719461718272,67.05,25
1719461718834,67.0,25
1719461719277,66.9,25
1719461719814,65.65,200
1719461720278,65.75,25
1719461720821,65.45,50
1719461721467,65.45,25
1719461721809,65.4,125
1719461721898,65.6,25
1719461722862,65.7,25
1719461723882,65.7,25
1719461725104,65.0,75
1719461725820,64.85,75
1719461726297,65.05,25
1719461726822,64.95,25
1719461727303,65.5,25
1719461727689,65.25,25
1719461727792,65.35,25
1719461728870,65.1,25
1719461729819,64.8,250
1719461730082,64.35,75
1719461730115,64.5,25
1719461730818,64.65,25
1719461731311,64.8,125
1719461731815,63.55,250
1719461732308,61.9,200
1719461733039,61.65,25
1719461733309,62.35,25
1719461733832,61.5,25
1719461734503,60.05,25
1719461734822,60.7,500
1719461735904,59.6,25
1719461736045,59.3,250
1719461736843,59.8,100
1719461737105,59.9,75
1719461737839,60.25,700
1719461738310,61.05,25
1719461738832,61.05,125
1719461739524,61.55,50
1719461739845,61.15,75
1719461740523,61.55,25
1719461740824,61.65,50
1719461741694,61.85,25
1719461741802,61.85,50
1719461743092,62.25,50
1719461743842,62.25,75
1719461744111,62.0,25
1719461744829,62.1,200
1719461745308,61.65,25
1719461745822,62.05,50
1719461746503,62.05,150
1719461746842,61.95,50
1719461747332,61.1,250
1719461748036,61.55,25
1719461748529,61.35,25
1719461748809,61.7,25
1719461749519,61.1,50
1719461749845,61.45,75
1719461750527,61.15,50
1719461750829,60.45,25
1719461751134,60.7,25
1719461751823,60.05,50
1719461752750,60.2,25
1719461753047,59.95,25
1719461753840,60.35,25
1719461754326,60.85,100
1719461754839,60.4,100
1719461755158,60.15,50
1719461756040,60.25,25
1719461756325,60.2,25
1719461756865,60.45,200
1719461757851,60.5,50
1719461757939,60.7,25
1719461758824,60.45,25
1719461758910,60.3,25
1719461759827,60.35,25
1719461760093,60.75,125
1719461760148,60.7,350
1719461761152,60.35,50
1719461761840,59.8,250
1719461762341,59.7,75
1719461762853,59.15,75
1719461763559,59.7,75
1719461768358,59.85,25
1719461769064,59.5,25
1719461769372,59.4,175
1719461769853,59.8,25
1719461770759,59.5,175
1719461770848,59.3,25
1719461771750,59.8,25
1719461771845,59.9,25
1719461772750,59.9,200
1719461773059,59.8,150
1719461773867,60.25,25
1719461773957,60.45,50
1719461774864,60.45,75
1719461774967,60.25,125
1719461776062,60.3,25
1719461776151,60.35,50
1719461776868,60.3,175
1719461777143,60.05,75
1719461777795,60.35,25
1719461778339,60.35,50
1719461779065,60.1,25
1719461779550,60.35,25
1719461793379,58.05,25
1719461794056,57.75,100
1719461794588,58.15,25
1719461794868,57.9,50
1719461795869,58.15,50
1719461795995,58.2,50
1719461796859,58.15,25
1719461797003,58.25,75
1719461798177,57.8,25
1719461798872,57.15,25
1719461799180,57.7,125
1719461799866,57.8,175
1719461800202,58.2,125
1719461801187,58.0,25
1719461801867,57.55,25
1719461802392,58.2,25
1719461802846,57.7,50
1719461803392,57.85,50
1719461803846,57.0,25
1719461804406,57.8,200
1719461805070,57.95,25
1719461805407,58.1,200
1719461805878,57.65,25
1719461806604,57.85,200
1719461806871,57.5,250
1719461807877,57.7,25
1719461808875,58.0,50
1719461809008,58.3,175
1719461809877,57.85,25
1719461810024,58.3,200
1719461810871,57.55,25
1719461811200,57.75,50
1719461811885,57.9,125
1719461812205,58.25,50
1719461817874,58.7,50
1719461818026,58.9,25
1719461818880,58.95,25
1719461860686,61.0,75
1719461861664,60.25,50
1719461861883,60.0,25
1719461862089,60.1,25
1719461862877,60.35,25
1719461863087,60.1,25
1719461863895,60.5,100
1719461864094,60.45,75
1719461864894,60.3,25
1719461865088,60.25,25
1719461865892,60.0,50
1719461873122,60.75,750
1719461873253,60.6,25
1719461873913,61.0,25
1719461874496,61.3,25
1719461874922,61.65,50
1719461875716,61.45,25
1719461875919,61.3,75
1719461876906,61.7,25
1719461877119,61.55,25
1719461877928,61.5,25
1719461878312,61.4,25
1719461878923,61.6,50
1719461880100,61.35,25
1719461880122,61.15,50
1719461880927,60.95,175
1719461881298,61.45,25
1719461881931,62.1,25
1719461882505,62.05,50
1719461883096,61.55,75
1719461883730,61.7,25
1719461883926,61.65,50
1719461884719,61.2,475
1719461884927,61.35,25
1719461885737,61.35,25
1719461885937,61.1,150
1719461886936,61.1,25
1719461887948,61.25,175
1719461889123,60.85,25
1719461889891,61.25,50
1719461890332,61.55,25
1719461890927,61.7,50
1719461891330,61.55,50
1719461891908,61.6,25
1719461892516,62.2,25
1719461892914,62.2,25
1719461893538,62.25,150
1719461893933,61.95,100
1719461894533,61.75,25
1719461895129,61.85,25
1719461895755,62.0,25
1719461895915,61.8,25
1719461896157,61.7,100
1719461896920,61.6,25
1719461897363,61.95,25
1719461897909,61.65,50
1719461898345,61.75,25
1719461899081,62.15,75
1719461899342,61.85,25
1719461899878,61.75,125
1719461900331,61.6,25
1719461900922,61.6,100
1719461901134,61.55,175
1719461901942,61.15,25
1719461902165,61.25,25
1719461902911,60.85,25
1719461903363,60.65,25
1719461903905,60.75,25
1719461904553,60.9,325
1719461905126,61.4,100
1719461905517,61.4,75
1719461905932,61.85,25
1719461906759,62.3,125
1719461906924,62.2,25
1719461906968,62.35,25
1719461907939,61.35,25
1719461908152,61.6,25
1719461908940,61.8,25
1719461909154,61.95,50
1719461909944,61.6,25
1719461910095,61.7,175
1719461910171,61.6,75
1719461910944,62.3,25
1719461911373,63.4,25
1719461912138,62.8,50
1719461912567,62.4,250
1719461912931,62.35,50
1719461913385,62.3,100
1719461913972,62.75,50
1719461914986,63.2,75
1719461915940,62.9,75
1719461915979,62.95,25
1719461917137,63.25,175
1719461917384,63.2,25
1719461917945,62.95,25
1719461918355,63.05,25
1719461918934,63.2,25
1719461919387,63.1,25
1719461919915,62.9,175
1719461920369,62.7,150
1719461920925,62.4,25
1719461921579,61.85,25
1719461921947,61.9,25
1719461922796,62.0,25
1719461922985,62.0,25
1719461923113,62.0,25
1719461923936,62.2,50
1719461924162,62.05,25
1719461924938,62.2,175
1719461925537,61.8,125
1719461925955,61.05,25
1719461926575,61.35,225
1719461926946,61.8,100
1719461927800,61.55,50
1719461927934,61.85,25
1719461928589,61.3,50
1719461928925,61.65,75
1719461929769,61.7,25
1719461930005,61.45,50
1719461931131,61.15,25
1719461931415,61.6,25
1719461931924,61.7,200
1719461932586,61.5,50
1719461932936,61.5,25
1719461933609,61.6,25
1719461933949,61.85,25
1719461934794,61.55,50
1719461934922,61.75,50
1719461934955,61.85,25
1719461936016,61.6,300
1719461936123,61.8,50
1719461936954,62.3,150
1719461937397,62.2,50
1719461937939,61.95,75
1719461938415,62.15,150
1719461938961,62.0,225
1719461939608,61.45,25
1719461939954,61.45,50
1719461940102,61.5,25
1719461940609,61.3,100
1719461941154,61.1,25
1719461941614,61.35,25
1719461941935,61.4,25
1719461942928,61.55,125
1719461943022,61.35,25
1719461943950,61.15,50
1719461944003,61.05,50
1719461944944,61.0,125
1719461945211,61.1,100
1719461946229,60.4,300
1719461946946,60.4,50
1719461947185,60.6,25
1719461947928,60.4,75
1719461948394,60.4,25
1719461948954,60.4,25
1719461949618,60.0,25
1719461949957,60.1,25
1719461950818,60.0,25
1719461951026,60.05,25
1719461951155,60.05,250
1719461951944,59.85,100
1719461952009,59.85,100
1719461952968,59.8,25
1719461953023,59.9,50
1719461954038,59.55,25
1719461954938,60.65,75
1719461955240,60.25,250
1719461955959,59.6,50
1719461956434,59.6,25
1719461956955,60.0,50
1719461957646,59.95,25
1719461957953,59.7,25
1719461958800,58.6,50
1719461959137,58.5,25
1719461959963,58.5,25
1719461960225,57.45,50
1719461960945,57.6,25
1719461961456,56.45,75
1719461961945,56.2,50
1719461962630,56.35,100
1719461963161,55.05,50
1719461963628,55.6,25
1719461963964,55.5,100
1719461964844,55.85,25
1719461964962,55.75,50
1719461965049,55.65,125
1719461966019,56.0,50
1719461967246,56.55,25
1719461967965,57.0,25
1719461968440,56.6,50
1719461968982,56.45,25
1719461969457,56.15,25
1719461970062,56.15,250
1719461970651,56.15,50
1719461970965,56.05,25
1719461971620,56.35,100
1719461971963,55.65,50
1719461972637,55.95,25
1719461972972,56.2,25
1719461973847,56.35,25
1719461973963,56.65,150
1719461974058,56.9,25
1719461975025,56.55,175
1719461975971,56.65,25
1719461976270,56.75,25
1719461976972,56.45,25
1719461977651,56.5,25
1719461977965,56.5,25
1719461978863,57.0,200
1719461979173,56.85,25
1719461979971,56.65,50
1719461980859,56.55,25
1719461980971,56.55,100
1719461981271,56.4,150
1719461981992,56.4,50
1719461982453,56.3,25
1719461982952,55.85,25
1719461983479,55.55,50
1719461983992,55.1,25
1719461984660,54.45,50
1719461984980,54.7,125
1719461985996,54.95,25
1719461986859,55.0,25
1719461987179,55.0,25
1719461987972,55.2,25
1719461988276,55.15,50
1719461988971,55.4,25
1719461989448,55.15,25
1719461989953,55.15,50
1719461990478,55.1,25
1719461990982,55.2,50
1719461991438,55.45,250
1719461991969,55.4,75
1719461992686,55.35,75
1719461992992,55.4,100
1719461993878,55.25,50
1719461993988,55.1,25
1719461994694,55.0,75
1719461994975,55.1,175
1719461995667,54.9,125
1719461996182,54.6,75
1719461996470,54.9,200
1719461996953,55.6,25
1719461997491,55.45,25
1719461997983,55.35,100
1719461998476,55.45,50
1719461998983,55.55,25
1719461999500,55.2,75
1719462000083,55.15,25
1719462000495,55.4,250
1719462000983,54.95,50
1719462001105,54.8,25
1719462002187,54.3,75
1719462002298,54.1,25
1719462002999,54.15,25
1719462003470,54.5,25
1719462003993,54.7,25
1719462004675,54.85,25
1719462005199,54.5,75
1719462005697,54.35,200
1719462005993,54.7,50
1719462007004,54.15,25
1719462007311,53.5,25
1719462007993,53.9,75
1719462008505,53.1,100
1719462009196,53.25,25
1719462009319,53.35,25
1719462009972,53.2,25
1719462010309,53.35,25
1719462011004,53.7,25
1719462011311,53.65,25
1719462011984,54.4,75
1719462012287,54.1,25
1719462013316,53.5,25
1719462014000,53.75,175
1719462014513,54.1,175
1719462015000,53.85,50
1719462015516,53.7,25
1719462015987,53.5,75
1719462016678,53.6,25
1719462017169,53.65,850
1719462017717,53.55,150
1719462017998,53.0,25
1719462018909,53.1,75
1719462019017,53.4,25
1719462019900,53.2,25
1719462020186,53.1,25
1719462020910,53.15,50
1719462020998,53.2,125
1719462021129,53.45,25
1719462021989,54.1,50
1719462022321,54.4,50
1719462022999,54.6,25
1719462023513,54.8,50
1719462024187,54.5,25
1719462024527,55.05,75
1719462024992,55.15,25
1719462025699,55.0,200
1719462026005,54.85,700
1719462026916,55.15,25
1719462026973,55.05,250
1719462027982,55.35,25
1719462028125,55.45,25
1719462029014,54.7,25
1719462029335,54.95,100
1719462030081,55.15,25
1719462030336,54.9,25
1719462031198,54.65,75
1719462031727,54.45,100
1719462031999,54.55,225
1719462032532,54.6,25
1719462033010,54.85,25
1719462033738,54.65,25
1719462033993,54.75,25
1719462034733,55.0,300
1719462035209,55.4,75
1719462035936,55.15,750
1719462036023,55.0,500
1719462036145,55.2,25
1719462037011,54.9,25
1719462037155,54.75,25
1719462037955,55.2,25
1719462038358,55.55,25
1719462038999,55.2,150
1719462039350,55.05,50
1719462040007,55.1,225
1719462040343,55.1,25
1719462040985,54.7,75
1719462041537,55.3,25
1719462042207,55.75,25
1719462042707,55.45,50
1719462042996,55.45,50
1719462043724,55.4,25
1719462043986,55.55,125
1719462044770,55.45,50
1719462045015,55.5,25
1719462046011,55.75,25
1719462046158,55.7,75
1719462047173,55.25,25
1719462047357,55.35,75
1719462048012,55.35,50
1719462048319,55.15,75
1719462048994,54.8,750
1719462049374,55.2,25
1719462050018,54.75,75
1719462050551,54.1,50
1719462051016,54.05,125
1719462051742,54.3,50
1719462051991,54.35,25
1719462052723,53.9,25
1719462053001,53.65,25
1719462054021,53.55,25
1719462054940,54.3,25
1719462055230,54.3,100
1719462056025,54.45,375
1719462056358,54.8,25
1719462057012,54.65,25
1719462057349,54.85,25
1719462057985,54.95,25
1719462058375,55.0,125
1719462059011,55.7,25
1719462059572,55.6,150
1719462060090,55.2,200
1719462060754,55.2,25
1719462061032,54.9,50
1719462061969,54.35,50
1719462063017,54.6,25
1719462064224,55.3,50
1719462065026,55.8,25
1719462065145,55.75,25
1719462066020,55.95,150
1719462066403,55.75,200
1719462067016,55.95,25
1719462067588,56.0,100
1719462068019,56.0,25
1719462068757,55.55,25
1719462069006,55.4,25
1719462069586,55.65,25
1719462070041,55.65,25
1719462070791,55.8,150
1719462071238,55.6,50
1719462071781,55.85,25
1719462072014,55.65,75
1719462072569,55.8,25
1719462073040,55.75,25
1719462073205,55.7,475
1719462074036,55.65,175
1719462074596,55.3,50
1719462075012,55.35,100
1719462075794,55.4,250
1719462076017,55.55,25
1719462076782,55.25,50
1719462077056,55.1,25
1719462077808,55.0,25
1719462078028,55.15,25
1719462078785,55.0,25
1719462079045,55.1,75
1719462080010,55.05,50
1719462080201,55.1,25
1719462081003,54.95,25
1719462081186,55.05,100
1719462082030,55.4,100
1719462082217,55.7,75
1719462083202,56.9,1000
1719462083418,56.5,25
1719462083989,55.95,25
1719462084618,56.75,50
1719462085042,56.7,100
1719462085596,56.45,75
1719462086047,56.4,200
1719462086605,56.15,175
1719462087044,56.0,50
1719462087800,56.4,25
1719462088011,56.35,25
1719462088362,56.3,75
1719462089157,56.25,25
1719462089620,56.35,50
1719462090108,56.5,100
1719462090809,56.25,50
1719462091044,56.35,50
1719462091801,56.65,50
1719462092038,56.9,25
1719462092835,56.45,25
1719462093027,56.75,150
1719462094033,57.2,50
1719462094234,57.45,100
1719462095047,57.45,25
1719462095225,57.65,25
1719462096040,56.8,75
1719462096425,56.75,125
1719462097031,56.75,75
1719462097410,56.8,50
1719462098044,56.9,50
1719462098615,56.9,50
1719462099029,56.9,25
1719462099840,56.45,25
1719462100225,56.45,50
1719462100842,56.85,25
1719462101046,56.9,25
1719462101745,57.0,100
1719462102032,56.7,50
1719462102779,56.9,875
1719462103025,56.85,50
1719462103849,56.75,25
1719462104018,56.75,25
1719462104412,56.8,25
1719462105045,56.75,50
1719462105442,56.9,25
1719462106001,57.25,25
1719462106649,57.2,25
1719462107058,57.4,25
1719462107263,57.15,75
1719462108049,57.1,25
1719462108455,56.75,200
1719462109023,56.3,150
1719462109650,56.3,100
1719462110043,56.0,50
1719462110832,55.5,50
1719462111049,55.7,25
1719462112039,56.25,25
1719462113055,55.3,25
1719462113256,54.8,25
1719462114082,55.8,75
1719462114473,56.1,25
1719462115025,55.8,25
1719462115655,56.2,25
1719462116049,56.0,25
1719462116641,56.0,25
1719462117071,56.35,75
1719462117800,56.35,25
1719462118052,56.3,75
1719462119045,57.1,100
1719462120049,56.75,25
1719462120883,56.6,50
1719462121032,56.65,25
1719462121875,57.65,25
1719462122059,57.65,200
1719462123052,57.4,25
1719462123486,57.5,100
1719462124255,57.7,25
1719462124476,57.85,25
1719462125042,57.55,25
1719462125489,57.4,25
1719462126035,57.45,25
1719462126673,57.65,150
1719462127060,57.65,25
1719462127676,57.55,25
1719462128066,57.8,75
1719462128668,57.85,50
1719462129063,57.85,25
1719462129870,57.5,25
1719462130027,57.4,25
1719462130888,58.2,200
1719462131043,58.35,25
1719462131290,58.05,250
1719462132059,57.45,25
1719462132688,58.0,25
1719462133060,58.25,25
1719462133439,58.4,50
1719462134051,57.55,50
1719462134696,57.4,25
1719462135078,57.2,50
1719462135691,57.5,75
1719462136006,57.3,75
1719462136693,57.15,25
1719462137050,57.4,425
1719462137674,57.6,25
1719462138058,57.65,1025
1719462138895,58.3,300
1719462139056,58.45,25
1719462139497,58.4,25
1719462140074,58.75,25
1719462140697,58.4,25
1719462141061,58.3,50
1719462141695,58.3,25
1719462142263,58.25,50
1719462142877,58.6,75
1719462143052,58.5,50
1719462144041,58.35,25
1719462144119,58.15,25
1719462144501,58.3,100
1719462145069,58.7,125
1719462145495,58.45,125
1719462146049,58.1,75
1719462146716,58.05,25
1719462147052,57.8,100
1719462148111,57.8,25
1719462148317,57.7,25
1719462149065,57.4,25
1719462149282,57.6,225
1719462150101,57.55,25
1719462150318,57.45,50
1719462151078,57.85,25
1719462151323,57.9,25
1719462152046,58.35,125
1719462152301,58.15,75
1719462153075,58.3,250
1719462153513,58.45,125
1719462154082,58.15,25
1719462154705,57.9,125
1719462155081,58.1,100
1719462155726,57.9,25
1719462156089,58.1,25
1719462156918,58.0,25
1719462157055,58.15,150
1719462157909,58.0,100
1719462158038,58.2,25
1719462159082,58.3,50
1719462159120,58.7,250
1719462159320,58.3,25
1719462160069,58.9,50
1719462160258,58.85,25
1719462161074,58.7,150
1719462161727,58.45,125
1719462162060,58.8,25
1719462162939,58.8,200
1719462163049,58.85,25
1719462163906,59.05,50
1719462164081,58.85,25
1719462165082,59.15,125
1719462165082,59.15,125
1719462165330,59.15,25
1719462166055,58.8,25
1719462166331,58.65,50
1719462167087,58.8,150
1719462167750,59.2,25
1719462168075,59.0,25
1719462168525,59.05,250
1719462169085,59.4,1000
1719462169742,60.5,25
1719462170077,59.95,250
1719462170938,59.2,50
1719462171084,59.15,25
1719462172153,59.2,50
1719462172354,59.1,25
1719462173059,58.85,125
1719462173560,58.45,25
1719462174084,58.1,25
1719462174748,57.8,125
1719462175060,57.55,50
1719462175733,57.55,25
1719462176289,58.05,25
1719462177077,59.0,25
1719462178066,59.45,75
1719462178147,59.8,50
1719462179147,59.9,100
1719462179354,59.65,25
1719462180085,59.8,25
1719462180555,59.5,25
1719462181092,59.95,25
1719462181760,59.9,25
1719462182104,59.8,25
1719462182748,59.3,25
1719462183097,59.5,50
1719462183949,59.9,25
1719462184100,59.7,150
1719462185171,59.95,50
1719462185356,59.6,50
1719462186110,59.7,25
1719462186572,59.65,100
1719462187108,59.5,250
1719462187980,59.8,25
1719462188083,59.9,25
1719462188998,59.85,50
1719462189295,59.6,25
1719462190156,59.75,50
1719462190398,59.95,200
1719462191103,59.85,25
1719462191376,59.6,25
1719462192083,59.1,50
1719462192366,58.7,200
1719462193082,59.55,100
1719462193584,59.3,25
1719462194104,59.5,350
1719462194586,59.45,50
1719462195102,59.9,50
1719462195601,59.85,125
1719462196091,59.35,75
1719462196396,59.35,25
1719462197088,59.55,50
1719462197385,59.7,25
1719462198094,59.4,150
1719462198791,59.75,75
1719462199098,59.55,25
1719462199770,59.35,100
1719462200109,59.4,25
1719462200782,59.05,25
1719462201101,59.45,75
1719462201994,58.6,25
1719462202075,58.7,25
1719462203180,58.15,25
1719462204197,58.0,125
1719462205103,57.9,25
1719462205207,57.55,25
1719462205413,57.85,25
1719462206111,57.6,75
1719462206401,57.5,25
1719462207110,57.7,25
1719462207621,57.35,25
1719462208104,57.9,100
1719462209005,58.65,75
1719462209046,58.55,75
1719462210107,58.9,50
1719462211110,59.3,100
1719462212110,59.15,75
1719462212210,59.4,50
1719462212413,59.45,25
1719462213115,58.65,125
1719462213398,58.6,25
1719462214074,58.8,25
1719462214806,59.15,25
1719462215112,59.15,50
1719462215803,59.35,25
1719462216109,59.6,100
1719462216806,59.15,25
1719462217038,59.15,25
1719462217934,59.25,25
1719462218112,59.3,75
1719462219029,59.15,25
1719462219125,58.95,25
1719462220124,59.1,25
1719462220212,58.8,25
1719462221307,59.1,150
1719462222228,59.3,25
1719462222405,59.35,25
1719462223104,59.35,25
1719462223817,58.95,25
1719462224104,59.05,50
1719462224841,59.25,25
1719462225113,59.35,25
1719462226119,58.9,25
1719462227045,59.1,100
1719462227230,59.25,25
1719462228208,59.35,25
1719462228431,58.9,425
1719462229118,59.1,25
1719462229608,59.3,100
1719462230110,59.8,25
1719462230644,59.7,25
1719462231134,59.8,75
1719462231637,59.55,25
1719462232110,59.55,100
1719462232621,59.9,50
1719462233119,59.8,25
1719462233649,59.55,150
1719462234130,59.4,25
1719462234626,59.3,50
1719462235127,59.45,150
1719462235638,59.5,75
1719462236102,59.55,50
1719462236632,59.8,25
1719462237137,59.7,175
1719462238125,60.3,25
1719462239101,59.7,25
1719462240047,59.45,25
1719462240339,59.25,25
1719462241141,58.8,25
1719462241258,58.65,125
1719462241456,58.7,25
1719462242137,58.9,25
1719462242836,58.7,50
1719462243120,58.5,25
1719462244101,58.5,50
1719462245088,58.25,25
1719462245260,57.9,50
1719462246333,58.2,75
1719462247128,57.75,250
1719462247258,57.6,175
1719462248139,57.4,50
1719462248468,57.25,200
1719462249118,57.6,75
1719462249472,57.75,25
1719462250134,57.65,75
1719462250670,57.9,75
1719462251111,58.15,50
1719462251656,57.75,25
1719462252113,58.25,25
1719462252653,58.1,25
1719462253112,58.65,75
1719462253838,58.5,50
1719462254139,58.5,25
1719462254855,58.15,25
1719462255142,58.05,50
1719462256122,58.15,25
1719462257103,58.35,75
1719462258050,58.25,250
1719462258144,58.65,25
1719462259076,58.6,25
1719462260096,58.5,75
1719462261147,58.45,25
1719462261289,58.5,50
1719462261492,58.2,25
1719462262073,58.1,25
1719462262470,57.9,75
1719462263128,58.05,25
1719462263495,57.95,100
1719462264137,57.25,1075
1719462264888,57.8,25
1719462265134,57.8,50
1719462265872,57.4,75
1719462266127,57.4,175
1719462266698,57.2,75
1719462267119,57.15,225
1719462267688,56.75,50
1719462268294,57.15,100
1719462268689,57.0,600
1719462269162,57.15,25
1719462269882,56.5,25
1719462270090,56.75,25
1719462270149,56.8,50
1719462271140,57.45,25
1719462272034,57.05,225
1719462272498,56.9,150
1719462273062,57.05,75
1719462273510,57.3,275
1719462274146,57.1,25
1719462274904,57.05,250
1719462275122,57.05,25
1719462276093,56.95,25
1719462276140,56.95,25
1719462277139,56.75,25
1719462277302,56.6,75
1719462277517,55.8,125
1719462278120,55.9,25
1719462278514,55.6,375
1719462279134,55.6,25
1719462279480,55.3,375
1719462280147,55.6,250
1719462280713,55.0,50
1719462281137,55.0,50
1719462281724,54.95,25
1719462282133,54.75,75
1719462282919,55.0,100
1719462283347,55.1,25
1719462283878,55.2,25
1719462284157,55.3,25
1719462285112,55.9,200
1719462285153,55.8,25
1719462286159,55.65,200
1719462286326,55.65,25
1719462287147,55.95,25
1719462287318,55.85,50
1719462288136,56.2,125
1719462289163,55.85,25
1719462289527,55.8,25
1719462290141,55.6,25
1719462290716,55.1,175
1719462291134,54.8,50
1719462291952,53.65,100
1719462292352,54.25,25
1719462293138,54.6,50
1719462293348,54.65,100
1719462294188,55.25,25
1719462294341,55.3,25
1719462295155,55.4,25
1719462295276,55.4,25
1719462295524,55.05,25
1719462296105,55.5,25
1719462296760,55.55,50
1719462297330,55.3,25
1719462297740,55.25,25
1719462298121,55.1,25
1719462328378,51.2,25
1719462329151,51.5,250
1719462329369,51.25,50
1719462330561,51.2,50
1719462331160,51.5,25
1719462331575,51.2,25
1719462332371,51.75,50
1719462332797,52.3,75
1719462333157,52.05,25
1719462333779,52.2,100
1719462334176,51.85,50
1719462334790,52.3,25
1719462335376,51.9,800
1719462335964,52.05,25
1719462336158,52.0,100
1719462336960,51.8,25
1719462337182,51.85,200
1719462338182,52.6,25
1719462339137,52.2,75
1719462339356,52.15,700
1719462340184,51.85,50
1719462340404,51.8,25
1719462340575,51.85,25
1719462341186,52.1,50
1719462341798,52.45,25
1719462342208,52.35,50
1719462348972,52.45,1375
1719462349200,52.45,50
1719462350013,52.1,50
1719462350199,52.1,25
1719462351017,52.3,25
1719462351144,52.3,25
1719462352181,52.35,25
1719462353193,52.65,25
1719462353414,52.4,225
1719462353616,52.3,25
1719462354386,52.7,25
1719462354832,52.8,150
1719462355201,52.2,25
1719462355832,52.35,75
1719462356157,52.65,25
1719462357010,52.65,25
1719462357169,52.75,25
1719462358178,52.7,50
1719462358409,52.85,25
1719462358631,52.85,50
1719462359199,52.8,875
1719462359641,52.65,125
1719462360195,52.9,25
1719462360634,52.9,50
1719462361200,52.85,25
1719462361805,52.55,25
1719462362292,52.5,25
1719462362848,52.8,25
1719462363200,52.95,25
1719462364222,53.15,75
1719462365114,53.45,25
1719462365432,53.35,25
1719462366203,53.5,25
1719462366449,53.55,25
1719462366647,53.75,1450
1719462367392,54.15,25
1719462368036,53.8,25
1719462368220,53.5,25
1719462369210,53.65,50
1719462369431,53.4,25
1719462370193,53.45,50
1719462370440,52.95,25
1719462371204,52.95,25
1719462371456,52.7,25
1719462372236,52.45,75
1719462373197,52.7,50
1719462373855,52.3,450
1719462405517,48.5,50
1719462405721,48.45,25
1719462406223,48.5,25
1719462406718,48.45,25
1719462407221,48.05,25
1719462407734,47.4,50
1719462408212,46.75,50
1719462409118,46.3,25
1719462409433,46.3,25
1719462412537,46.5,25
1719462412724,46.3,25
1719462413212,46.55,75
1719462413900,46.25,25
1719462414223,46.2,50
1719462415114,45.0,75
1719462415444,44.95,100
1719462416133,44.55,25
1719462416229,44.6,25
1719462417247,44.8,25
1719462418426,44.25,25
1719462418529,44.35,25
1719462419236,43.85,100
1719462419538,43.55,325
1719462419721,43.7,500
1719462420250,43.15,25
1719462421121,42.35,75
1719462421240,42.45,150
1719462422446,41.95,25
1719462422548,40.85,25
1719462423234,41.05,75
1719462424154,41.4,25
1719462424252,41.45,25
1719462425148,42.0,25
1719462425429,41.8,250
1719462426245,41.45,50
1719462427232,41.35,250
1719462427359,41.2,100
1719462428436,42.15,25
1719462428542,41.9,25
1719462428742,41.95,25
1719462429247,41.6,25
1719462429740,41.6,150
1719462430238,42.05,50
1719462430756,42.35,200
1719462431241,41.75,200
1719462431741,41.85,25
1719462432223,41.8,50
1719462432746,42.5,300
1719462433238,42.2,50
1719462433758,42.25,100
1719462434237,42.2,50
1719462434739,41.6,50
1719462435221,41.5,25
1719462435760,41.3,800
1719462436250,41.15,25
1719462436759,41.25,25
1719462437236,41.2,25
1719462437737,40.9,200
1719462438231,40.9,25
1719462438747,40.8,125
1719462439244,41.0,75
1719462439767,41.05,25
1719462440253,41.15,25
1719462441247,41.45,25
1719462441752,40.95,50
1719462442233,41.0,375
1719462442764,40.9,25
1719462443239,41.0,25
1719462443764,40.8,125
1719462444232,40.75,100
1719462444775,40.0,325
1719462445247,39.65,25
1719462445770,39.7,100
1719462446252,39.85,25
1719462446760,39.9,25
1719462447253,40.2,25
1719462447762,40.7,25
1719462448244,40.45,25
1719462448770,40.65,50
1719462449262,40.75,25
1719462449780,40.65,25
1719462450081,40.65,25
1719462450260,40.7,25
1719462450786,40.75,25
1719462451253,40.6,100
1719462451785,40.75,50
1719462452253,40.7,100
1719462452780,41.2,100
1719462453250,40.95,25
1719462453784,40.45,175
1719462454255,40.55,25
1719462454780,40.8,200
1719462455247,40.4,25
1719462456783,40.4,25
1719462457258,40.55,25
1719462457776,40.15,100
1719462458252,40.4,25
1719462458794,40.5,50
1719462459221,40.45,25
1719462459799,40.5,25
1719462460262,40.1,75
1719462460795,40.2,25
1719462461246,40.2,100
1719462461804,40.3,25
1719462462272,39.25,225
1719462462805,39.1,50
1719462463261,39.15,25
1719462463791,38.65,75
1719462464260,38.7,25
1719462464814,38.9,25
1719462465258,39.0,25
1719462465786,38.6,125
1719462466276,37.8,25
1719462466801,37.65,25
1719462467267,37.5,200
1719462467810,37.65,50
1719462468258,37.95,125
1719462468808,37.9,25
1719462469263,37.85,25
1719462469811,37.6,25
1719462470247,37.25,25
1719462470820,36.95,25
1719462471272,37.05,50
1719462471820,36.75,175
1719462472262,36.8,25
1719462472811,36.5,25
1719462473265,36.3,75
1719462473825,36.75,100
1719462474270,36.75,25
1719462474831,36.65,200
1719462475261,36.65,50
1719462475827,36.55,75
1719462476274,36.0,125
1719462476818,35.75,25
1719462477269,36.0,25
1719462477818,35.9,50
1719462478260,36.2,25
1719462478826,36.55,25
1719462479269,36.5,25
1719462479821,36.4,100
1719462480100,36.35,100
1719462480269,36.4,25
1719462480813,35.35,50
1719462481263,35.0,75
1719462481838,35.25,25
1719462482256,34.9,25
1719462482838,34.55,75
1719462483288,34.4,25
1719462483841,34.55,25
1719462486274,34.55,25
1719462486844,34.7,50
1719462487267,35.05,275
1719462487859,35.15,25
1719462488248,35.2,50
1719462489479,35.0,25
1719462489846,34.9,75
1719462490295,34.95,25
1719462491038,34.7,25
1719462491286,34.65,25
1719462492239,34.45,25
1719462492256,34.5,75
1719462493449,34.75,100
1719462493467,34.8,25
1719462494276,34.65,25
1719462495281,34.55,25
1719462495659,34.85,25
1719462496294,35.05,150
1719462496645,34.65,250
1719462497274,34.5,25
1719462497662,34.75,25
1719462497857,34.85,650
1719462498292,34.5,25
1719462498854,34.7,50
1719462499476,35.2,25
1719462500056,35.2,175
1719462500261,35.0,75
1719462501253,34.85,25
1719462501260,34.9,25
1719462502466,34.75,25
1719462503282,34.8,25
1719462503470,34.65,25
1719462510111,33.65,25
1719462510283,33.7,25
1719462511287,33.5,50
1719462512271,33.45,25
1719462512492,33.35,25
1719462512877,33.35,25
1719462513291,32.8,25
1719462513877,32.9,225
1719462514297,32.7,75
1719462515092,32.95,25
1719462515294,32.85,25
1719462516296,32.75,25
1719462516477,32.45,450
1719462517281,32.65,25
1719462517480,32.55,50
1719462518677,32.85,25
1719462519483,33.0,100
1719462519898,32.5,25
1719462520281,32.55,25
1719462521099,32.8,100
1719462521296,32.95,100
1719462522288,33.4,25
1719462522490,33.2,25
1719462523305,32.95,25
1719462523482,33.25,25
1719462524301,32.9,125
1719462524704,32.95,50
1719462525297,33.15,50
1719462525686,33.25,425
1719462526097,33.2,50
1719462526281,33.2,25
1719462527296,33.05,300
1719462528515,33.45,25
1719462535503,33.15,25
1719462535715,33.2,25
1719462536290,33.15,1100
1719462536728,33.2,75
1719462545326,32.7,100
1719462545516,32.7,75
1719462546298,33.0,25
1719462546522,33.15,100
1719462547484,33.0,50
1719462547714,33.05,25
1719462548290,33.1,25
1719462548734,33.05,25
1719462549308,32.8,75
1719462549897,32.9,100
1719462550503,32.85,25
1719462551125,32.8,75
1719462551317,32.65,25
1719462552144,32.65,25
1719462552306,32.5,50
1719462560500,31.8,50
1719462560752,31.8,150
1719462560955,31.75,125
1719462561304,31.5,25
1719462562362,31.3,125
1719462563354,31.8,25
1719462563522,31.75,25
1719462564323,31.3,50
1719462564555,31.4,50
1719462565324,31.4,25
1719462565772,31.35,50
1719462566299,31.5,25
1719462566758,31.4,25
1719462567480,31.3,25
1719462567966,30.95,75
1719462568287,31.0,25
1719462569335,30.85,25
1719462575170,30.45,875
1719462575522,30.45,200
1719462576324,30.8,75
1719462576559,30.9,25
1719462577326,31.0,150
1719462600415,30.6,50
1719462601541,29.7,25
1719462601805,29.5,125
1719462603349,29.75,25
1719462603806,30.1,575
1719462604332,30.15,125
1719462604808,30.7,100
1719462605012,30.25,25
1719462605550,30.65,25
1719462606215,30.95,25
1719462606321,30.85,25
1719462607409,30.75,75
1719462608410,31.05,25
1719462608548,30.3,200
1719462609356,30.7,25
1719462609622,30.8,25
1719462610354,30.9,50
1719462610614,30.75,225
1719462611567,30.7,25
1719462611837,30.7,100
1719462612039,30.65,100
1719462612347,30.45,25
1719462613052,30.2,200
1719462613360,30.35,250
1719462614009,30.45,25
1719462614351,30.35,25
1719462615220,30.05,25
1719462615572,30.0,100
1719462616440,30.3,100
1719462617355,30.4,25
1719462617594,30.5,25
1719462618354,30.7,25
1719462618614,30.6,150
1719462619358,30.8,1075
1719462619633,30.9,50
1719462620644,30.9,25
1719462621363,31.0,25
1719462621841,31.05,25
1719462622037,31.25,25
1719462622353,31.5,25
1719462623063,31.4,1150
1719462623354,31.5,25
1719462624056,31.35,100
1719462624560,31.45,100
1719462625350,31.35,325
1719462625438,31.4,50
1719462626363,31.5,25
1719462626645,31.6,25
1719462627360,31.3,50
1719462627658,31.1,1225
1719462628355,30.75,25
1719462628860,30.95,25
1719462629065,30.8,25
1719462629369,30.8,25
1719462630087,31.1,50
1719462630355,31.05,25
1719462631566,30.75,25
1719462631668,30.9,25
1719462632357,30.6,175
1719462632440,30.5,25
1719462633337,30.35,150
1719462633841,30.35,25
1719462634512,30.5,25
1719462634848,30.5,25
1719462635369,30.45,75
1719462635665,30.5,25
1719462636364,30.55,25
1719462636670,30.75,50
1719462637562,30.45,125
1719462637816,30.45,25
1719462638076,30.35,75
1719462638337,30.45,50
1719462639348,30.55,25
1719462640376,30.85,25
1719462640681,30.8,25
1719462641464,30.75,600
1719462641570,30.7,25
1719462642383,30.75,75
1719462642669,31.0,25
1719462643383,31.0,375
1719462643682,31.1,25
1719462644557,30.95,25
1719462644875,30.8,25
1719462645364,30.75,25
1719462645841,30.7,25
1719462646085,30.6,25
1719462646364,30.6,25
1719462647264,30.1,25
1719462647587,30.5,25
1719462648391,30.3,25
1719462648472,30.35,50
1719462649369,30.85,25
1719462649469,30.7,25
1719462650470,30.9,150
1719462651670,30.65,25
1719462652351,30.7,25
1719462652881,30.85,25
1719462653056,30.85,25
1719462653353,30.8,25
1719462654079,30.9,25
1719462657487,30.4,50
1719462658097,30.1,75
1719462658592,30.25,75
1719462659489,30.0,25
1719462660072,29.65,200
1719462660697,29.25,25
1719462661375,29.35,25
1719462661901,29.25,25
1719462662566,29.2,25
1719462662710,29.35,25
1719462663383,29.1,50
1719462663913,28.8,150
1719462664108,28.9,25
1719462664571,29.15,25
1719462665313,29.0,50
1719462665375,29.05,25
1719462666392,28.95,25
1719462667575,29.05,125
1719462667704,28.9,50
1719462668366,29.0,50
1719462668730,28.95,25
1719462669356,28.85,50
1719462669722,28.9,50
1719462670570,29.3,25
1719462670712,29.25,50
1719462671385,29.0,50
1719462671871,28.85,125
1719462672374,29.0,200
1719462672719,28.85,25
1719462673382,28.65,50
1719462673722,28.55,25
1719462674312,28.55,150
1719462674582,28.75,25
1719462675364,28.75,250
1719462675728,28.9,300
1719462676378,28.95,25
1719462676925,28.95,25
1719462677126,28.8,100
1719462677589,29.0,25
1719462678139,29.0,25
1719462678377,28.95,150
1719462679391,28.9,50
1719462680392,28.25,25
1719462680520,28.2,25
1719462681591,27.45,800
1719462681734,27.25,25
1719462682611,27.1,25
1719462682944,27.15,50
1719462683399,27.0,25
1719462684146,28.4,175
1719462684589,28.45,25
1719462685148,28.45,175
1719462685393,28.1,25
1719462686379,28.25,25
1719462686535,28.25,200
1719462687401,28.95,50
1719462687555,29.05,50
1719462688598,28.7,125
1719462688752,28.9,75
1719462689390,29.05,25
1719462689952,28.7,25
1719462690394,28.6,50
1719462690930,28.75,25
1719462691149,28.65,25
1719462691399,28.4,25
1719462692348,28.9,25
1719462692593,29.0,100
1719462693411,29.0,125
1719462693553,29.0,50
1719462694384,29.0,50
1719462694749,29.0,50
1719462695388,28.85,25
1719462695761,28.9,25
1719462696592,29.0,50
1719462696718,29.15,25
1719462697360,28.8,25
1719462699601,28.85,25
1719462700180,28.7,100
1719462700406,28.7,50
1719462701405,28.25,50
1719462702603,28.4,25
1719462703177,28.25,25
1719462703367,28.3,250
1719462704176,28.3,50
1719462704405,28.2,450
1719462705183,27.9,25
1719462705400,27.85,125
1719462706419,28.05,25
1719462735596,25.95,25
1719462736196,25.85,200
1719462736418,25.9,50
1719462737415,26.0,25
1719462737621,26.05,200
1719462738634,25.9,100
1719462739390,25.8,25
1719462739821,26.1,50
1719462740425,26.1,50
1719462741037,26.2,50
1719462741201,26.1,75
1719462741611,26.2,25
1719462742429,26.25,25
1719462743431,26.2,75
1719462744614,26.1,175
1719462745426,26.1,250
1719462745649,26.15,25
1719462746427,26.35,100
1719462746841,26.45,25
1719462747423,26.45,200
1719462748040,26.55,25
1719462748611,26.4,25
1719462749035,26.5,25
1719462749441,26.4,25
1719462750047,26.75,150
1719462750257,26.75,25
1719462750415,26.75,25
1719462751434,26.95,25
1719462751638,26.8,700
1719462752629,26.65,50
1719462752819,26.65,25
1719462753476,26.4,25
1719462754028,26.3,1375
1719462754424,26.7,50
1719462754848,26.8,75
1719462755625,26.9,25
1719462756257,26.95,25
1719462756438,26.85,25
1719462757457,26.45,350
1719462757637,26.5,25
1719462758433,26.85,50
1719462758652,26.9,25
1719462759389,26.8,25
1719462759857,26.85,200
1719462760645,27.0,25
1719462767635,26.85,25
1719462767689,26.85,475
1719462768411,26.85,200
1719462768848,26.65,25
1719462769451,26.6,50
1719462769879,26.7,25
1719462770435,26.6,50
1719462771027,26.55,50
1719462771258,26.55,25
1719462771643,26.05,450
1719462772432,25.25,250
1719462772877,25.1,25
1719462773493,24.8,50
1719462773875,25.05,400
1719462774639,24.75,25
1719462774883,24.75,25
1719462775437,24.65,50
1719462775876,24.6,25
1719462776449,24.6,250
1719462777066,25.1,500
1719462777277,25.15,25
1719462777644,25.15,225
1719462778280,25.15,200
1719462778462,25.1,25
1719462779460,25.2,175
1719462780102,25.1,25
1719462780491,25.1,25
1719462780651,25.0,25
1719462781693,24.35,100
1719462782643,24.7,25
1719462783091,24.45,300
1719462783435,24.25,25
1719462784090,24.35,25
1719462784452,24.35,25
1719462785483,24.45,50
1719462785651,24.45,250
1719462786459,24.4,25
1719462786704,24.3,25
1719462787442,24.35,50
1719462787897,24.25,25
1719462788650,24.4,25
1719462788901,24.45,25
1719462789444,24.35,75
1719462790091,24.15,50
1719462790454,23.9,25
1719462791288,24.0,25
1719462791463,24.05,25
1719462792452,23.85,50
1719462792697,23.95,50
1719462793679,24.3,50
1719462794428,24.25,25
1719462794889,24.3,25
1719462795430,24.1,25
1719462796111,24.0,50
1719462796659,24.05,75
1719462797306,24.15,50
1719462797467,24.2,325
1719462798274,24.35,25
1719462798466,24.25,25
1719462799497,24.15,25
1719462799656,24.2,25
1719462800450,24.05,50
1719462800698,23.9,25
1719462801469,23.9,50
1719462801919,23.95,25
1719462802653,23.9,25
1719462803085,23.75,25
1719462803418,23.85,25
1719462804105,23.9,50
1719462804442,23.9,75
1719462805328,23.95,25
1719462805666,24.05,175
1719462806462,24.2,25
1719462806726,24.25,25
1719462807445,24.25,25
1719462808078,24.25,25
1719462808633,24.15,350
1719462809099,24.25,50
1719462809460,24.4,50
1719462810098,24.5,25
1719462810312,24.45,50
1719462810649,24.45,50
1719462811436,24.6,1400
1719462811526,24.55,475
1719462812452,24.65,25
1719462812737,24.65,25
1719462813658,24.45,25
1719462813717,24.4,150
1719462814464,24.65,25
1719462814938,24.5,50
1719462815466,24.55,25
1719462816120,24.65,25
1719462816638,24.6,75
1719462816937,24.7,25
1719462817457,24.65,75
1719462818149,24.9,50
1719462818449,24.9,25
1719462818505,24.8,25
1719462819673,25.15,25
1719462819750,25.25,50
1719462820437,25.2,25
1719462820915,25.3,50
1719462821471,25.45,50
1719462822112,25.45,150
1719462822457,25.15,50
1719462823142,25.2,50
1719462823669,25.3,25
1719462824470,25.3,300
1719462824514,25.35,25
1719462825669,25.3,50
1719462825757,25.3,25
1719462826482,25.6,375
1719462826945,25.65,25
1719462827474,25.25,50
1719462827956,25.35,50
1719462828472,25.5,50
1719462828952,25.7,200
1719462829474,25.55,50
1719462830159,25.4,25
1719462830554,25.3,50
1719462830667,25.35,25
1719462831479,25.45,25
1719462831725,25.5,150
1719462832480,25.3,75
1719462832970,25.25,25
1719462833662,25.4,50
1719462833956,25.55,25
1719462834480,25.35,25
1719462835174,25.5,25
1719462835671,25.4,25
1719462836164,25.6,25
1719462836474,25.5,25
1719462837147,25.55,50
1719462837464,25.55,175
1719462838164,25.45,25
1719462838540,25.55,25
1719462838653,25.55,25
1719462839486,25.4,50
1719462839955,25.25,25
1719462840100,25.1,25
1719462840453,25.05,25
1719462840766,25.15,25
1719462841366,25.15,50
1719462841658,25.2,50
1719462842453,25.1,25
1719462843376,25.15,25
1719462843485,25.1,75
1719462844377,25.0,25
1719462844484,25.1,25
1719462845579,25.0,25
1719462845679,25.15,150
1719462846495,25.55,25
1719462846766,25.5,25
1719462847452,25.35,25
1719462847777,25.6,50
1719462848483,25.6,25
1719462848975,25.65,25
1719462849660,25.7,300
1719462849996,25.8,50
1719462850487,25.7,25
1719462851191,25.5,50
1719462851474,25.5,200
1719462852185,25.4,25
1719462852488,25.55,25
1719462852583,25.65,25
1719462853692,25.6,25
1719462853789,25.6,250
1719462854500,25.6,25
1719462854805,25.8,50
1719462855487,25.7,50
1719462855990,25.7,25
1719462856464,25.65,50
1719462856994,25.75,50
1719462857507,25.7,25
1719462857784,25.7,25
1719462858668,25.8,25
1719462858795,25.8,50
1719462859491,25.65,25
1719462860204,25.75,75
1719462860495,25.65,25
1719462861704,25.7,25
1719462862449,25.5,25
1719462862948,25.6,25
1719462863685,25.35,125
1719462863982,25.4,800
1719462864665,25.25,25
1719462865001,25.3,425
1719462865506,25.2,50
1719462866219,25.2,175
1719462866498,25.2,300
1719462867374,25.3,25
1719462867665,25.25,25
1719462868502,25.1,25
1719462868600,25.15,50
1719462869504,25.4,75
1719462870091,25.45,250
1719462870678,25.4,25
1719462871490,25.55,25
1719462872002,25.55,25
1719462872506,25.45,25
1719462873007,25.6,50
1719462873502,25.25,50
1719462873985,25.4,100
1719462874694,25.4,75
1719462875215,25.25,50
1719462875496,25.15,50
1719462876516,25.15,25
1719462876618,25.1,50
1719462877681,25.2,25
1719462877833,25.1,475
1719462878504,25.15,25
1719462879026,25.05,25
1719462879507,25.2,675
1719462880020,25.05,25
1719462880500,25.0,25
1719462881040,24.9,25
1719462881504,24.75,25
1719462882232,24.95,25
1719462882671,24.9,50
1719462883411,24.7,25
1719462883498,24.8,25
1719462884506,25.0,75
1719462884605,24.95,50
1719462885496,25.05,25
1719462886034,25.15,25
1719462886711,25.05,25
1719462887035,24.85,200
1719462887520,24.85,50
1719462888225,25.15,25
1719462888498,25.2,25
1719462889511,25.2,25
1719462889632,25.2,25
1719462890680,24.95,25
1719462890844,25.05,25
1719462891521,25.05,250
1719462891850,25.1,25
1719462892520,24.85,25
1719462892846,25.0,250
1719462893714,24.9,25
1719462893839,25.1,175
1719462894500,24.9,25
1719462894856,24.9,50
1719462895514,24.75,25
1719462896040,24.8,250
1719462896512,24.8,250
1719462897243,24.7,50
1719462897697,24.7,100
1719462898518,24.45,50
1719462899634,23.9,25
1719462900112,24.05,25
1719462900513,23.9,25
1719462900663,23.85,100
1719462901516,23.95,75
1719462901858,24.2,125
1719462902655,24.45,325
1719462902706,24.45,50
1719462903532,24.95,125
1719462903851,24.95,25
1719462904726,25.6,25
1719462905075,25.5,75
1719462905521,25.65,75
1719462906459,25.55,75
1719462906709,25.3,50
1719462907522,25.1,450
1719462907670,25.1,175
1719462908725,24.95,75
1719462909060,25.15,200
1719462909510,25.05,50
1719462910269,25.2,75
1719462910514,25.2,25
1719462911038,25.45,25
1719462911710,25.5,25
1719462912258,25.35,75
1719462912523,25.45,25
1719462913536,25.45,25
1719462914476,25.6,225
1719462914718,25.45,1000
1719462915516,25.2,25
1719462915679,25.3,50
1719462916515,25.05,175
1719462916876,25.15,25
1719462917518,25.45,100
1719462918075,25.4,50
1719462918749,25.3,25
1719462919261,25.15,75
1719462919537,25.35,25
1719462920533,25.5,25
1719462920891,25.55,25
1719462921725,24.8,50
1719462921890,25.05,25
1719462922527,24.75,75
1719462923081,25.0,75
1719462923520,25.1,25
1719462924075,25.25,25
1719462924732,25.0,25
1719462925074,24.95,75
1719462925529,24.8,100
1719462926296,25.1,25
1719462926455,25.15,50
1719462926536,25.15,25
1719462927533,25.0,25
1719462927635,25.05,150
1719462928519,25.25,925
1719462929539,25.3,25
1719462929869,25.5,25
1719462930098,25.4,25
1719462930525,25.35,25
1719462930897,25.5,75
1719462931734,25.5,50
1719462932097,25.4,25
1719462932519,25.45,50
1719462933299,25.35,25
1719462933526,25.4,75
1719462934726,25.35,50
1719462935546,25.4,75
1719462935628,25.45,25
1719462936752,25.25,400
1719462936900,25.15,50
1719462937540,24.95,375
1719462938111,24.65,25
1719462938738,24.8,25
1719462939095,24.7,50
1719462939533,24.75,100
1719462940731,25.0,50
1719462941539,24.95,150
1719462941903,25.0,25
1719462942551,24.95,125
1719462942914,25.25,25
1719462943743,25.1,25
1719462944114,25.1,25
1719462944542,25.05,25
1719462945293,25.15,50
1719462945548,25.1,75
1719462945718,25.1,25
1719462946557,25.25,50
1719462946915,25.3,25
1719462947750,25.3,425
1719462948096,25.35,100
1719462948541,25.4,625
1719462949124,25.3,25
1719462949538,25.35,50
1719462950122,25.45,50
1719462950748,25.55,175
1719462951296,25.4,75
1719462951498,25.35,25
1719462952327,25.6,150
1719462952559,25.6,50
1719462953532,25.4,50
1719462953759,25.55,25
1719462954509,25.5,25
1719462954662,25.6,375
1719462955522,25.4,25
1719462955926,25.45,50
1719462956538,25.55,100
1719462957148,25.5,25
1719462957560,25.55,75
1719462958332,25.6,775
1719462958537,25.65,75
1719462959327,25.5,175
1719462959746,25.6,50
1719462960107,25.45,200
1719462960329,25.35,50
1719462960533,25.2,25
1719462961325,24.8,75
1719462961545,24.85,25
1719462962549,24.7,600
1719462962749,24.75,25
1719462963550,25.1,25
1719462963948,25.4,25
1719462964533,25.35,50
1719462965141,25.45,25
1719462965752,25.55,25
1719462966351,25.25,225
1719462966547,25.3,100
1719462966561,25.2,25
1719462967563,25.35,25
1719462968564,25.55,50
1719462969553,25.0,225
1719462969760,25.05,25
1719462970751,24.95,25
1719462971565,25.0,25
1719462971953,25.15,25
1719462972540,24.95,50
1719462972950,25.1,200
1719462973537,25.0,150
1719462974152,24.95,25
1719462974769,25.05,25
1719462975354,24.9,350
1719462975555,24.95,200
1719462976543,24.9,50
1719462977549,24.75,325
1719462977984,24.95,225
1719462978767,25.1,500
1719462979139,25.3,50
1719462979530,25.35,100
1719462980138,25.25,25
1719462980562,25.15,25
1719462981350,25.25,25
1719462981532,25.1,225
1719462982362,25.0,175
1719462982565,25.05,50
1719462983370,25.05,225
1719462983749,25.15,75
1719462984364,25.1,25
1719462984563,24.95,225
1719462985565,25.1,25
1719462986571,25.4,150
1719462987568,25.15,50
1719462987773,25.1,25
1719462988571,25.3,25
1719462988762,25.5,25
1719462989549,25.35,375
1719462989759,25.25,100
1719462990089,25.2,25
1719462990565,25.25,50
1719462990978,25.4,25
1719462991575,25.25,75
1719462991756,25.35,100
1719462992571,25.35,100
1719462993572,25.2,1600
1719462993981,25.35,75
1719462994769,25.2,100
1719462994983,25.3,25
1719462995576,25.3,325
1719462995981,25.35,350
1719462996537,25.3,75
1719462997175,25.25,250
1719462997773,25.25,100
1719462998179,25.35,750
1719462998592,25.4,50
1719462999372,25.25,100
1719462999578,25.25,225
1719462999790,25.25,300
1719463000566,25.3,25
1719463000771,25.35,25
1719463001566,25.45,75
1719463002000,25.45,50
1719463002587,25.3,25
1719463003194,25.4,25
1719463003776,25.35,50
1719463004212,25.4,25
1719463004573,25.35,25
1719463005382,25.4,250
1719463005605,25.45,50
1719463006579,25.35,100
1719463006606,25.35,950
1719463007767,25.15,25
1719463008004,25.15,125
1719463008622,25.1,25
1719463009549,24.85,25
1719463009972,24.8,275
1719463010590,25.0,25
1719463011215,24.85,50
1719463011571,24.9,175
1719463012204,25.05,25
1719463012760,25.15,50
1719463013410,25.1,75
1719463013510,25.0,200
1719463014421,24.9,25
1719463014588,25.0,175
1719463015384,25.05,700
1719463015621,25.05,475
1719463016632,24.95,25
1719463017592,24.85,25
1719463017729,24.85,50
1719463018582,24.75,25
1719463018582,24.75,25
1719463019590,24.45,300
1719463019780,24.5,125
1719463020820,24.0,100
1719463021584,23.9,775
1719463022011,23.9,100
1719463022579,23.95,625
1719463023210,24.1,50
1719463023596,24.15,75
1719463024204,24.0,175
1719463024587,24.0,75
1719463025420,24.0,1600
1719463025573,24.05,75
1719463026420,24.0,25
1719463026623,24.15,275
1719463027827,23.95,150
1719463028590,23.95,200
1719463028830,23.65,25
1719463029603,23.7,150
1719463030032,23.55,25
1719463030594,23.6,325
1719463031040,23.1,50
1719463031782,23.0,25
1719463032238,23.4,25
1719463032605,23.35,25
1719463033051,23.4,600
1719463033601,23.7,25
1719463034210,23.95,25
1719463034590,24.15,25
1719463035227,24.4,25
1719463035792,24.7,25
1719463036598,24.8,25
1719463036642,24.8,25
1719463037573,24.6,175
1719463038055,24.7,25
1719463038607,24.8,25
1719463038835,24.9,250
1719463039834,24.7,25
1719463040614,24.8,50
1719463040858,24.75,50
1719463041600,24.85,25
1719463042050,24.85,1125
1719463042564,24.75,25
1719463043229,24.8,50
1719463043611,24.8,25
1719463044263,24.75,75
1719463044607,24.45,25
1719463045212,24.65,50
1719463045576,24.7,550
1719463046238,24.65,25
1719463046567,24.6,50
1719463047654,24.6,25
1719463048605,24.7,100
1719463049015,24.65,400
1719463049707,24.75,25
1719463049863,24.75,25
1719463050106,24.7,25
1719463050615,24.7,100
1719463051596,24.85,25
1719463051655,24.9,150
1719463052615,25.3,225
1719463052877,25.15,150
1719463053799,25.1,100
1719463054051,25.15,150
1719463054617,25.05,25
1719463055056,25.05,25
1719463055627,25.15,25
1719463056644,25.15,25
1719463057589,25.15,25
1719463057663,25.1,75
1719463058538,25.25,25
1719463058634,25.3,50
1719463059642,25.35,25
1719463060612,25.3,25
1719463061082,25.2,25
1719463061800,25.15,1250
1719463062282,24.95,175
1719463062677,25.0,300
1719463063804,25.25,75
1719463064065,25.25,25
1719463064595,25.25,50
1719463065281,25.3,250
1719463065626,25.35,75
1719463066463,25.3,400
1719463066681,25.45,25
1719463067704,25.25,200
1719463068684,25.1,250
1719463069600,25.25,25
1719463069866,25.1,25
1719463070607,25.0,25
1719463070873,25.05,25
1719463071605,25.1,425
1719463072244,25.0,500
1719463072762,25.05,175
1719463073291,25.35,25
1719463073602,25.4,200
1719463074429,25.45,50
1719463074687,25.5,25
1719463075620,25.3,25
1719463075888,25.4,75
1719463076605,25.3,25
1719463077109,25.35,25
1719463077624,25.4,25
1719463078290,25.3,75
1719463078635,25.3,25
1719463079314,25.4,50
1719463079801,25.6,25
1719463080107,25.6,25
1719463080507,25.6,250
1719463080609,25.5,25
1719463080710,25.6,50
1719463081627,25.35,25
1719463082111,25.5,1000
1719463082556,25.55,25
1719463083103,25.4,25
1719463083617,25.45,25
1719463084107,25.3,25
1719463084826,25.25,25
1719463085110,24.95,25
1719463085603,24.85,25
1719463086298,25.15,25
1719463086612,25.25,25
1719463087469,25.1,25
1719463087719,25.1,25
1719463088620,25.2,25
1719463088861,25.4,50
1719463089809,25.15,25
1719463090097,25.35,25
1719463090583,25.35,50
1719463091310,25.25,25
1719463091629,25.25,625
1719463092276,25.2,25
1719463092626,25.25,75
1719463093589,25.4,100
1719463093621,25.3,925
1719463093932,25.25,25
1719463094538,25.2,25
1719463094932,25.1,25
1719463095624,25.2,175
1719463096295,24.85,25
1719463096830,24.8,50
1719463097301,25.0,25
1719463097602,24.9,100
1719463098314,25.0,175
1719463098614,25.1,25
1719463099340,25.35,25
1719463099658,25.3,200
1719463100533,25.15,25
1719463100735,25.1,25
1719463100820,25.05,250
1719463101621,25.1,875
1719463101912,25.0,50
1719463102585,25.05,25
1719463103128,25.0,50
1719463103622,25.05,25
1719463104079,25.0,25
1719463104637,25.05,425
1719463105137,25.0,25
1719463105603,24.95,25
1719463106207,25.0,900
1719463106592,24.9,75
1719463107310,24.9,25
1719463107609,25.0,50
1719463108337,25.05,125
1719463108640,25.05,100
1719463109304,25.2,25
1719463109619,25.1,50
1719463110519,25.05,125
1719463110793,25.05,75
1719463111654,25.2,75
1719463111749,25.15,25
1719463112648,25.2,25
1719463112950,25.1,150
1719463113627,25.0,150
1719463114134,25.15,150
1719463114626,25.3,75
1719463115133,25.25,50
1719463115654,25.15,50
1719463116158,25.05,75
1719463116640,25.0,25
1719463117333,25.2,25
1719463117622,25.05,25
1719463118358,24.9,25
1719463118655,25.05,50
1719463119648,25.05,25
1719463120348,24.9,200
1719463120615,24.8,25
1719463121763,24.1,25
1719463121838,24.1,25
1719463122643,24.05,50
1719463122960,23.95,100
1719463123636,24.3,25
1719463123774,24.2,25
1719463124657,24.1,600
1719463125181,24.15,25
1719463125658,24.1,50
1719463125975,24.05,50
1719463126653,24.0,25
1719463126760,23.8,150
1719463127820,23.7,25
1719463127986,23.85,25
1719463128667,24.35,50
1719463129194,24.55,150
1719463129665,25.0,50
1719463130389,24.75,50
1719463130655,24.95,50
1719463131387,25.15,25
1719463131651,25.15,25
1719463132584,25.0,275
1719463132855,25.0,25
1719463133644,25.0,50
1719463134655,24.95,25
1719463134788,24.95,25
1719463135657,25.0,25
1719463135991,24.95,50
1719463136649,24.8,25
1719463137168,24.8,25
1719463137651,24.9,25
1719463138369,24.85,25
1719463138641,24.85,25
1719463139385,24.45,25
1719463139653,24.45,25
1719463140072,24.4,25
1719463140593,24.6,50
1719463141597,24.5,50
1719463141637,24.4,175
1719463141790,24.45,25
1719463142620,24.55,50
1719463143205,24.75,50
1719463143810,24.85,50
1719463144383,24.8,200
1719463144660,24.9,100
1719463145636,24.8,50
1719463145787,24.65,1625
1719463146571,24.65,25
1719463146805,24.45,25
1719463147824,24.5,25
1719463148000,24.5,25
1719463148641,24.55,25
1719463149201,24.55,25
1719463149646,24.75,50
1719463150000,24.65,400
1719463150658,24.7,250
1719463151000,24.8,250
1719463151607,24.6,250
1719463152379,24.55,225
1719463152615,24.5,50
1719463153168,24.6,25
1719463153665,24.45,50
1719463154613,24.4,150
1719463154665,24.35,150
1719463155656,24.2,150
1719463156660,24.3,125
1719463157416,24.25,375
1719463157666,24.3,25
1719463158581,24.55,800
1719463158764,24.65,150
1719463159604,24.5,100
1719463159740,24.5,25
1719463160663,24.55,200
1719463161019,24.55,25
1719463161678,24.45,125
1719463161999,24.45,100
1719463162668,24.5,25
1719463163220,24.45,50
1719463163832,24.35,25
1719463164224,24.35,25
1719463164664,24.2,50
1719463165434,24.35,50
1719463165667,24.25,25
1719463166367,24.45,75
1719463166659,24.4,25
1719463167654,24.55,1100
1719463167842,24.55,25
1719463168644,24.45,75
1719463169034,24.5,350
1719463169677,24.75,75
1719463170178,24.65,700
1719463170685,24.75,250
1719463171226,24.7,25
1719463171681,24.65,50
1719463172402,24.6,50
1719463172496,24.6,250
1719463173405,24.5,1125
1719463173588,24.55,225
1719463174378,24.6,25
1719463174665,24.4,25
1719463175437,24.65,100
1719463175663,24.7,50
1719463176636,24.6,25
1719463176805,24.6,50
1719463177887,24.7,50
1719463178668,24.7,100
1719463179015,24.45,350
1719463179666,24.6,25
1719463180441,24.7,25
1719463180647,24.6,25
1719463181886,24.05,75
1719463182640,23.85,100
1719463182810,23.75,75
1719463183672,24.0,950
1719463184017,24.1,50
1719463184676,23.95,50
1719463185054,24.1,50
1719463185549,24.2,50
1719463186263,24.35,25
1719463186695,24.45,25
1719463187431,24.45,25
1719463187617,24.35,25
1719463188463,24.45,225
1719463188658,24.35,175
1719463189682,24.3,75
1719463189853,24.4,75
1719463190657,24.7,25
1719463191073,24.65,25
1719463191707,24.6,50
1719463192271,24.4,400
1719463192692,24.25,25
1719463193236,24.5,875
1719463193588,24.35,200
1719463194236,24.45,25
1719463194664,24.55,50
1719463195276,24.4,250
1719463195677,24.55,200
1719463196670,24.4,250
1719463196818,24.5,25
1719463197674,24.4,175
1719463197800,24.5,200
1719463198607,24.4,50
1719463199032,24.4,125
1719463199685,24.35,25
1719463200275,24.35,50
1719463200893,24.25,25
1719463201478,24.3,50
1719463201694,24.05,75
1719463202668,24.25,25
1719463203663,24.6,100
1719463203914,24.5,100
1719463204689,24.1,75
1719463205696,24.4,25
1719463205837,24.45,500
1719463206700,24.25,200
1719463207099,24.15,75
1719463207706,23.95,50
1719463207887,24.0,300
1719463208676,24.3,25
1719463208893,24.25,475
1719463209776,24.2,75
1719463210086,24.15,100
1719463210653,23.9,25
1719463211069,23.85,25
1719463211692,23.75,1700
1719463212280,23.6,125
1719463212707,23.55,325
1719463213507,23.7,50
1719463213702,23.8,25
1719463214695,23.75,225
1719463214895,23.75,25
1719463215652,24.2,25
1719463216106,24.05,350
1719463216866,23.9,150
1719463217119,24.0,200
1719463217701,24.0,75
1719463218106,24.15,75
1719463218664,24.25,50
1719463219304,24.25,25
1719463219703,24.25,25
1719463220319,24.25,25
1719463220659,24.3,50
1719463221457,24.25,75
1719463221895,24.2,25
1719463222513,23.9,25
1719463222705,24.1,25
1719463223718,23.85,25
1719463224113,23.8,25
1719463224716,23.8,25
1719463225269,23.75,100
1719463225649,23.8,25
1719463226118,23.65,25
1719463226712,23.75,100
1719463227290,23.75,25
1719463227922,23.4,50
1719463228526,23.1,200
1719463228713,23.25,25
1719463229723,23.95,25
1719463229922,23.8,25
1719463230121,23.75,25
1719463230709,23.65,25
1719463231126,23.85,125
1719463231724,23.8,50
1719463232541,23.2,200
1719463232688,23.2,25
1719463233539,23.55,50
1719463233691,23.55,125
1719463234514,23.65,225
1719463234912,23.6,75
1719463235737,24.0,1600
1719463235922,24.05,50
1719463236680,23.8,375
1719463237319,23.8,50
1719463237697,23.8,175
1719463238351,23.85,25
1719463238677,23.9,25
1719463239511,24.0,25
1719463239702,24.05,275
1719463240542,23.95,50
1719463240714,24.0,25
1719463241734,24.2,25
1719463241917,24.1,200
1719463242721,24.2,100
1719463242942,24.2,550
1719463243893,24.05,100
1719463244159,24.0,25
1719463244723,23.95,25
1719463245527,24.05,125
1719463245679,24.1,25
1719463246348,23.95,125
1719463246727,23.7,200
1719463247533,24.0,125
1719463247690,24.0,25
1719463248744,24.0,75
1719463249684,24.15,25
1719463249766,24.2,125
1719463250720,23.95,100
1719463250942,24.05,25
1719463254355,23.95,50
1719463254732,23.9,50
1719463255278,23.95,25
1719463255724,23.8,50
1719463256766,23.95,50
1719463257547,24.1,300
1719463257723,24.05,750
1719463258721,24.15,200
1719463258969,24.2,25
1719463259947,24.0,25
1719463259977,24.1,75
1719463260739,24.25,100
1719463260986,24.2,125
1719463261728,23.95,50
1719463262366,23.3,25
1719463262728,23.6,50
1719463263580,23.8,25
1719463263724,23.9,200
1719463264552,23.9,150
1719463264673,23.95,225
1719463265753,23.85,300
1719463265999,23.85,25
1719463266730,23.55,100
1719463267186,23.7,25
1719463281409,22.15,100
1719463281742,22.25,25
1719463282405,22.15,275
1719463282750,22.2,25
1719463283416,22.4,50
1719463283743,22.55,350
1719463285408,22.7,25
1719463285751,22.65,25
1719463286596,22.75,25
1719463286736,22.65,125
1719463287813,23.0,25
1719463288011,23.1,300
1719463288747,23.05,25
1719463289015,23.0,350
1719463289911,22.9,25
1719463290061,23.0,25
1719463290212,23.0,25
1719463290749,23.0,350
1719463291370,22.85,25
1719463291770,23.0,50
1719463292424,22.9,25
1719463292755,22.95,25
1719463293408,23.0,25
1719463293755,23.0,150
1719463294753,22.95,25
1719463295038,22.85,150
1719463295766,22.55,25
1719463296018,22.75,25
1719463296954,22.75,150
1719463297184,22.8,25
1719463297729,22.75,25
1719463298608,22.55,25
1719463298756,22.55,25
1719463299445,22.65,150
1719463299747,22.75,1150
1719463300438,22.5,275
1719463300724,22.65,25
1719463301429,22.65,25
1719463301698,22.5,200
1719463304759,22.85,25
1719463305018,22.85,50
1719463305926,22.95,25
1719463306005,22.9,75
1719463306762,22.75,50
1719463308444,22.85,25
1719463308750,22.85,50
1719463309443,23.05,175
1719463309764,23.1,25
1719463310461,23.2,325
1719463310736,23.0,50
1719463311649,22.95,25
1719463311766,23.05,25
1719463312851,22.6,75
1719463313741,22.85,50
1719463314243,22.8,25
1719463314762,22.9,25
1719463315254,22.8,25
1719463315736,22.85,50
1719463316429,22.9,25
1719463316771,22.9,100
1719463317413,22.9,25
1719463317688,23.05,25
1719463318747,23.05,300
1719463319755,23.0,25
1719463320108,22.95,50
1719463329974,22.7,75
1719463330851,23.0,125
1719463331272,23.05,100
1719463331782,22.9,50
1719463358781,22.05,150
1719463358924,21.95,25
1719463359803,22.05,350
1719463359907,21.95,875
1719463360674,21.85,100
1719463360770,21.85,100
1719463361792,21.7,50
1719463361917,21.7,50
1719463362135,21.85,25
1719463362806,21.95,50
1719463363136,22.05,75
1719463363779,22.25,500
1719463364343,22.1,400
1719463364771,22.0,50
1719463365776,21.95,75
1719463366735,22.15,100
1719463366797,22.1,25
1719463367342,22.2,225
1719463367869,22.15,25
1719463368544,22.15,25
1719463368804,22.1,25
1719463369729,22.05,75
1719463369780,22.1,25
1719463370454,22.15,200
1719463370801,22.05,25
1719463371535,21.9,25
1719463371791,21.95,50
1719463372480,21.9,300
1719463372803,21.75,100
1719463373549,21.95,25
1719463373794,21.65,325
1719463374538,21.75,50
1719463374770,21.65,25
1719463376780,21.8,825
1719463377801,21.9,50
1719463377953,22.05,25
1719463378165,21.95,25
1719463378793,22.0,125
1719463379140,22.1,50
1719463379777,22.4,100
1719463380168,22.45,100
1719463380803,22.4,25
1719463381559,22.75,50
1719463382007,22.65,50
1719463382740,22.65,25
1719463382816,22.7,25
1719463383789,22.75,50
1719463384799,22.55,25
1719463385799,22.65,25
1719463386805,22.55,50
1719463387779,22.4,25
1719463387972,22.55,25
1719463388386,22.6,25
1719463388765,22.55,25
1719463389557,22.7,125
1719463389784,22.65,275
1719463390580,22.65,25
1719463390786,22.75,25
1719463391764,22.9,50
1719463392812,23.1,100
1719463393857,23.1,25
1719463393946,23.1,200
1719463394199,23.05,25
1719463394798,23.25,100
1719463395592,23.2,125
1719463395798,23.1,275
1719463396590,23.2,25
1719463396801,23.3,475
1719463397775,23.35,25
1719463397826,23.35,25
1719463398794,23.35,75
1719463399594,22.95,50
1719463399788,23.05,50
1719463400772,23.1,125
1719463400995,23.1,25
1719463401106,23.2,25
1719463401784,23.4,25
1719463402397,23.4,25
1719463402815,23.4,25
1719463403607,23.25,50
1719463403796,23.3,250
1719463404779,23.4,25
1719463405000,23.25,125
1719463405803,23.5,75
1719463406816,23.9,125
1719463407001,23.75,100
1719463407814,24.15,375
1719463408413,23.9,350
1719463408828,24.25,75
1719463409610,24.15,25
1719463409818,24.5,25
1719463410108,24.6,50
1719463410613,24.65,50
1719463410795,24.6,25
1719463411799,24.2,25
1719463412826,24.25,125
1719463413008,24.35,25
1719463413223,24.35,25
1719463413830,24.2,25
1719463414419,24.3,50
1719463415025,24.4,225
1719463415415,24.6,25
1719463415818,24.45,25
1719463416432,24.7,50
1719463416831,25.1,50
1719463417620,25.0,75
1719463417813,25.05,75
1719463418805,24.6,25
1719463419840,24.75,275
1719463420785,24.75,25
1719463421820,24.6,375
1719463422005,24.45,325
1719463422235,24.6,50
1719463422843,24.6,25
1719463423229,24.9,25
1719463423819,24.95,25
1719463424612,24.6,100
1719463424830,24.65,275
1719463425619,24.8,450
1719463425822,24.9,25
1719463426844,24.85,300
1719463427852,24.85,25
1719463429030,26.5,25
1719463429256,26.4,25
1719463429844,26.35,125
1719463430665,25.75,25
1719463430832,25.85,125
1719463431853,25.7,600
1719463433057,27.1,25
1719463433845,26.3,125
1719463434043,26.4,50
1719463434839,26.45,50
1719463435270,26.35,100
1719463436040,26.25,25
1719463436650,26.2,175
1719463436848,26.2,25
1719463437656,26.35,50
1719463437840,26.2,100
1719463438844,26.2,25
1719463439032,26.4,25
1719463440050,26.3,75
1719463440115,26.3,25
1719463440811,26.05,25
1719463441056,26.05,50
1719463441833,26.25,50
1719463442079,26.25,50
1719463442462,25.75,25
1719463442841,25.9,150
1719463443476,25.6,25
1719463443841,25.4,25
1719463444671,25.6,175
1719463445024,25.6,25
1719463445666,25.6,25
1719463445854,25.65,125
1719463446848,25.75,25
1719463446862,25.75,75
1719463447857,25.8,375
1719463448874,25.8,25
1719463449032,25.85,175
1719463449817,25.8,50
1719463450076,25.65,25
1719463450269,25.75,50
1719463450844,25.8,25
1719463451289,25.8,25
1719463451839,26.0,50
1719463452487,25.85,25
1719463453056,25.7,525
1719463453682,25.95,25
1719463453851,25.95,50
1719463454245,25.65,25
1719463454841,25.7,25
1719463455486,25.4,25
1719463455818,25.4,25
1719463456464,25.4,25
1719463456852,25.55,50
1719463457685,25.45,50
1719463457830,25.35,25
1719463458669,25.35,25
1719463458818,25.4,1250
1719463459698,25.8,50
1719463460895,26.1,25
1719463461850,26.25,50
1719463461887,26.05,25
1719463462861,25.95,75
1719463463104,25.8,25
1719463463474,25.8,75
1719463463858,25.7,25
1719463465796,25.95,50
1719463466902,25.8,50
1719463467868,25.45,1650
1719463468007,25.4,25
1719463468862,25.5,25
1719463469093,25.45,25
1719463469242,25.4,25
1719463469861,25.3,75
1719463470128,25.25,200
1719463470500,24.6,150
1719463470848,24.55,25
1719463471483,24.45,300
1719463471847,24.4,75
1719463472501,24.15,25
1719463472840,24.15,25
1719463473474,24.35,375
1719463473846,24.5,25
1719463474903,24.4,50
1719463475917,24.05,25
1719463476894,23.9,50
1719463477903,24.35,75
1719463478263,24.4,25
1719463478822,24.7,400
1719463479691,24.7,100
1719463479859,24.85,25
1719463480722,25.15,250
1719463480722,25.15,250
1719463481905,25.3,125
1719463482878,25.3,25
1719463483075,25.35,100
1719463483820,25.2,250
1719463484088,25.3,25
1719463484868,25.35,75
1719463485332,25.5,100
1719463485858,25.3,25
1719463486519,25.2,50
1719463486868,25.3,25
1719463487720,25.3,75
1719463487846,25.4,25
1719463488908,25.35,50
1719463489918,25.3,1000
1719463490056,25.2,25
1719463491102,25.5,25
1719463491338,25.5,25
1719463491860,25.4,25
1719463492532,25.65,125
1719463492865,25.6,25
1719463493744,25.5,25
1719463493869,25.5,50
1719463495833,25.55,75
1719463495934,25.55,25
1719463496952,25.7,50
1719463497935,25.4,25
1719463498839,25.55,25
1719463499116,25.6,25
1719463499337,25.45,100
1719463499870,25.55,25
1719463500085,25.4,50
1719463500343,25.35,250
1719463500870,25.05,50
1719463501738,25.0,850
1719463501874,25.05,100
1719463502524,25.1,25
1719463502872,24.95,25
1719463503755,25.0,25
1719463503883,25.0,50
1719463504745,24.95,800
1719463505017,24.9,25
1719463505755,25.25,175
1719463505875,25.25,25
1719463506928,25.1,25
1719463507752,25.1,50
1719463507884,24.95,200
1719463508739,24.95,25
1719463508870,25.0,25
1719463509344,24.7,500
1719463509869,24.65,50
1719463510363,25.1,25
1719463510873,25.1,25
1719463511765,25.6,25
1719463511828,25.6,50
1719463512749,25.3,250
1719463512873,25.35,100
1719463513868,25.4,500
1719463514844,25.45,25
1719463514966,25.45,75
1719463515841,25.55,200
1719463516184,25.55,25
1719463516894,25.75,25
1719463517173,25.6,25
1719463517887,25.5,875
1719463518137,25.7,50
1719463518538,25.65,25
1719463518827,25.7,25
1719463519568,25.35,75
1719463519856,25.4,25
1719463520757,25.25,50
1719463521070,25.35,25
1719463521754,25.1,50
1719463521887,25.15,100
1719463522888,25.05,50
1719463522951,25.1,25
1719463523825,24.9,50
1719463524163,25.0,175
1719463524868,24.7,25
1719463525171,24.65,100
1719463525292,24.7,50
1719463525896,24.65,250
1719463526583,24.75,25
1719463526849,24.8,75
1719463527791,24.85,25
1719463527879,24.8,125
1719463528891,24.75,25
1719463529829,24.75,275
1719463530105,24.8,50
1719463530862,24.35,75
1719463531193,24.25,100
1719463531894,24.15,150
1719463532203,23.9,175
1719463532402,24.05,25
1719463532886,24.15,50
1719463533394,24.25,25
1719463533866,24.25,75
1719463534400,24.15,50
1719463534871,24.4,200
1719463535610,24.2,175
1719463535875,24.2,25
1719463536604,24.15,100
1719463536858,24.05,25
1719463537809,23.85,25
1719463538089,23.95,25
1719463538801,23.95,275
1719463538905,24.05,25
1719463539753,24.0,25
1719463539836,24.05,175
1719463540893,23.8,25
1719463541008,23.75,50
1719463541894,24.2,50
1719463542018,24.15,500
1719463542795,23.9,25
1719463543182,23.9,225
1719463543414,23.95,25
1719463543899,24.15,25
1719463544385,24.05,75
1719463544884,24.15,500
1719463545400,24.2,75
1719463545910,23.9,225
1719463546878,23.85,50
1719463547886,23.85,25
1719463549094,23.35,25
1719463549914,23.2,50
1719463550218,23.1,25
1719463550438,23.1,375
1719463550912,23.0,25
1719463551428,23.25,100
1719463551898,23.4,150
1719463552608,23.45,75
1719463552897,23.55,25
1719463553616,23.65,75
1719463553897,23.85,25
1719463554820,24.2,125
1719463554893,24.3,25
1719463555767,24.35,25
1719463556108,24.25,50
1719463556918,24.45,1575
1719463557914,24.45,100
1719463558033,24.4,100
1719463558883,24.55,125
1719463559012,24.5,25
1719463559901,24.3,75
1719463560041,24.3,75
1719463560108,24.3,25
1719463560835,24.4,100
1719463561005,24.45,25
1719463561474,24.5,25
1719463561897,24.55,100
1719463562645,24.35,25
1719463562822,24.35,25
1719463563829,24.35,75
1719463563912,24.5,100
1719463564914,24.75,1125
1719463565052,24.75,100
1719463565893,24.6,75
1719463566251,24.65,25
1719463566881,24.9,175
1719463567049,24.95,300
1719463567920,24.8,875
1719463568259,24.75,300
1719463568454,24.75,25
1719463568886,24.8,350
1719463569655,24.95,350
1719463569883,24.9,25
1719463570575,25.05,25
1719463570916,25.2,50
1719463571918,25.0,375
1719463572848,25.1,25
1719463573451,25.35,50
1719463573901,25.4,75
1719463574665,25.3,25
1719463574909,25.4,75
1719463575472,25.35,225
1719463575920,25.4,25
1719463576872,25.3,175
1719463576896,25.25,50
1719463577667,25.4,25
1719463577919,25.45,25
1719463578423,25.55,75
1719463578882,25.65,50
1719463579874,25.65,75
1719463579910,25.7,100
1719463580422,25.65,25
1719463580912,25.5,25
1719463581649,25.7,25
1719463582110,25.6,25
1719463582657,25.85,250
1719463582906,25.75,25
1719463583932,25.95,75
1719463584074,26.05,50
1719463584925,26.35,125
1719463585085,26.25,25
1719463585909,26.25,25
1719463586265,26.15,100
1719463586492,26.2,125
1719463586933,26.05,900
1719463587477,26.0,25
1719463587915,25.85,50
1719463588499,25.95,200
1719463588913,26.0,850
1719463589480,25.95,50
1719463589906,25.8,50
1719463590121,25.85,25
1719463590683,25.85,100
1719463590871,25.95,50
1719463591683,25.9,350
1719463592137,25.9,25
1719463592913,26.1,50
1719463593897,25.85,125
1719463594061,25.8,25
1719463594874,26.0,100
1719463595257,26.0,50
1719463595495,25.9,25
1719463595916,26.05,25
1719463596700,26.2,150
1719463596892,26.3,50
1719463597858,26.35,25
1719463597858,26.35,25
1719463598710,26.35,25
1719463598933,26.4,50
1719463599938,26.15,25
1719463600084,26.0,100
1719463600928,26.35,50
1719463601025,26.3,25
1719463601910,26.2,50
1719463609900,25.2,125
1719463610100,25.25,50
1719463611939,25.6,25
1719463612314,25.6,25
1719463612949,25.5,25
1719463613119,25.7,75
1719463613929,25.8,25
1719463614079,25.7,425
1719463614936,25.75,125
1719463615316,25.75,125
1719463615942,25.65,125
1719463616273,25.6,25
1719463616535,25.6,25
1719463616916,25.55,25
1719463617504,25.35,75
1719463617950,25.55,25
1719463618895,25.75,125
1719463619126,25.75,25
1719463619949,25.65,150
1719463620096,25.75,100
1719463620928,25.95,25
1719463621936,26.15,75
1719463622144,26.35,50
1719463622931,26.0,25
1719463623293,26.2,50
1719463623472,26.2,225
1719463623925,26.2,25
1719463624514,26.1,25
1719463624936,26.3,25
1719463625741,26.4,25
1719463625954,26.45,250
1719463626735,26.3,50
1719463626946,26.3,75
1719463627517,26.25,25
1719463627929,26.2,100
1719463628902,25.9,25
1719463629762,25.85,25
1719463629864,25.9,25
1719463630871,25.75,25
1719463631933,25.65,25
1719463632338,25.6,175
1719463632948,25.6,50
1719463633163,25.45,25
1719463633919,25.6,100
1719463634145,25.55,25
1719463634884,25.35,25
1719463635352,25.7,25
1719463635539,25.65,25
1719463635959,25.55,50
1719463636544,25.5,75
1719463636958,25.3,25
1719463637932,25.3,25
1719463638147,25.05,25
1719463638958,25.15,50
1719463640907,24.75,100
1719463641156,24.8,200
1719463641963,24.7,300
1719463642168,24.7,50
1719463643106,24.65,25
1719463643295,24.7,200
1719463643903,24.6,25
1719463644354,24.55,25
1719463644956,24.45,600
1719463645158,24.5,300
1719463645948,24.8,25
1719463646127,24.6,50
1719463646867,25.0,50
1719463647337,25.1,25
1719463647564,25.25,25
1719463647919,25.2,25
1719463668798,26.0,50
1719463668980,26.05,125
1719463669773,26.0,75
1719463669962,25.9,25
1719463670604,25.8,225
1719463670964,25.9,50
1719463671519,25.75,100
1719463671967,25.6,75
1719463672779,25.55,25
1719463672920,25.4,1200
1719463674009,24.95,175
1719463674955,25.15,50
1719463675217,25.35,625
1719463676011,25.6,25
1719463676946,25.6,25
1719463689028,25.25,25
1719463749020,23.9,250
1719463749080,23.95,25
1719463750001,24.0,25
1719463750225,23.95,50
1719463751018,24.0,50
1719463751515,23.65,25
1719463751710,23.7,50
1719463752001,23.5,75
1719463752912,23.35,50
1719463753013,23.6,100
1719463753704,23.55,125
1719463754016,23.55,25
1719463754736,23.65,25
1719463755015,23.75,50
1719463755922,23.7,25
1719463756000,23.6,75
1719463761014,22.45,50
1719463761724,22.5,75
1719463762035,22.45,25
1719463762740,22.45,100
1719463763200,22.4,25
1719463765112,22.7,25
1719463766021,22.7,125
1719463766354,23.1,50
1719463767001,23.1,75
1719463767148,23.1,75
1719463767996,23.35,50
1719463768337,23.4,75
1719463768990,23.35,150
1719463769539,23.2,25
1719463770081,23.3,25
1719463770544,23.4,50
1719463771001,23.45,75
1719463777028,22.45,300
1719463777369,22.55,25
1719463778036,22.75,25
1719463778553,23.0,25
1719463778774,22.9,250
1719463779036,22.85,25
1719463779961,22.95,25
1719463780030,23.0,175
1719463781025,23.15,25
1719463781151,23.25,250
1719463782001,23.15,25
1719463782141,23.15,25
1719463783024,23.3,25
1719463783360,23.2,25
1719463784038,22.95,75
1719463784344,23.0,25
1719463785224,23.1,25
1719463785403,23.1,25
1719463786018,23.15,75
1719463786527,23.1,50
1719463786527,23.1,50
1719463787038,23.1,75
1719463787773,23.25,50
1719463788037,23.2,75
1719463788717,23.05,100
1719463789038,23.05,100
1719463790001,23.1,25
1719463790956,22.8,25
1719463791037,22.75,75
1719463791968,22.8,25
1719463792038,22.75,75
1719463793038,22.95,75
1719463793177,23.0,25
1719463794053,22.45,25
1719463794360,22.35,100
1719463795049,22.55,50
1719463795357,22.4,75
1719463796037,22.55,50
1719463796367,22.55,550
1719463797046,22.8,100
1719463797583,22.85,50
1719463797721,22.9,50
1719463798045,22.75,25
1719463798797,22.75,500
1719463799029,22.8,300
1719463800059,22.7,25
1719463800119,22.75,25
1719463801055,22.65,25
1719463801189,22.75,25
1719463802037,22.55,75
1719463802183,22.55,250
1719463803031,22.7,100
1719463803172,22.85,300
1719463804032,22.7,25
1719463804389,22.65,150
1719463804988,22.75,400
1719463805570,22.8,25
1719463805961,22.9,25
1719463806605,23.0,25
1719463806779,22.95,25
1719463807031,23.0,25
1719463807803,22.9,25
1719463808043,22.9,75
1719463808782,22.8,25
1719463809057,22.65,25
1719463810036,22.65,25
1719463810156,22.65,25
1719463811203,22.5,25
1719463811223,22.5,25
1719463812036,22.5,200
1719463812211,22.5,25
1719463816052,21.6,25
1719463816202,21.6,100
1719463817044,21.7,475
1719463818050,22.0,600
1719463819072,22.5,25
1719463819393,22.3,25
1719463820048,22.1,325
1719463820219,22.3,175
1719463821051,22.2,25
1719463821408,22.15,25
1719463822044,22.1,25
1719463822420,22.05,25
1719463823022,22.1,200
1719463823430,22.05,225
1719463824020,22.0,25
1719463824390,21.9,25
1719463824833,21.85,25
1719463825025,21.95,25
1719463825760,22.0,50
1719463826067,22.0,50
1719463827078,22.25,25
1719463828008,22.45,25
1719463829053,22.6,175
1719463829112,22.65,175
1719463830058,23.05,50
1719463830116,23.25,125
1719463830432,23.15,50
1719463831271,22.6,200
1719463831598,22.6,25
1719463831756,22.6,75
1719463832007,22.6,500
1719463833042,22.55,150
1719463834031,22.75,175
1719463834861,22.6,50
1719463835068,22.65,25
1719463835850,22.7,250
1719463836069,22.65,200
1719463836823,22.75,25
1719463837027,22.7,175
1719463838059,23.05,400
1719463838856,22.8,25
1719463839081,22.8,25
1719463839761,23.0,125
1719463840066,22.95,25
1719463840971,23.1,75
1719463841059,23.0,350
1719463841980,23.1,25
1719463842226,23.1,25
1719463843065,23.4,50
1719463843246,23.4,75
1719463844031,23.5,50
1719463844665,23.35,50
1719463844929,23.35,50
1719463845605,23.35,25
1719463846022,23.45,25
1719463846838,23.4,25
1719463847081,23.4,100
1719463847875,23.35,25
1719463848035,23.4,200
1719463848861,23.45,75
1719463849022,23.45,100
1719463849848,23.55,75
1719463850036,23.55,25
1719463850880,23.55,25
1719463851083,23.7,25
1719463852061,23.6,375
1719463853061,23.65,500
1719463853266,23.6,100
1719463854057,23.7,75
1719463854271,23.65,225
1719463855090,23.65,250
1719463855669,23.85,100
1719463856248,23.75,50
1719463856688,23.8,100
1719463857071,23.75,300
1719463857671,23.65,225
1719463858059,23.35,50
1719463858644,23.45,25
1719463859174,22.7,100
1719463860038,22.65,25
1719463860099,22.6,50
1719463860289,22.5,25
1719463861099,22.55,25
1719463861478,22.55,275
1719463862295,22.2,25
1719463863097,22.1,25
1719463863494,22.3,25
1719463864078,22.3,25
1719463864693,22.35,25
1719463865072,22.35,25
1719463865670,22.5,25
1719463865889,22.55,50
1719463866094,22.7,50
1719463867122,22.7,50
1719463867994,23.0,25
1719463869081,23.0,25
1719463869105,23.0,150
1719463869967,22.75,25
1719463870249,22.75,25
1719463871096,22.75,25
1719463871321,22.65,175
1719463871985,22.65,25
1719463872474,22.55,75
1719463873253,22.85,25
1719463874068,22.65,25
1719463874211,22.7,25
1719463875074,23.0,525
1719463875653,23.0,25
1719463875885,23.05,25
1719463876641,23.3,150
1719463876860,23.0,75
1719463877067,23.1,25
1719463878034,22.65,50
1719463878034,22.65,50
1719463879126,22.55,25
1719463880087,22.5,25
1719463880494,22.55,25
1719463881038,22.4,25
1719463881676,22.3,200
1719463882056,22.3,50
1719463925039,22.3,25
1719463926169,22.4,25
1719463927105,22.55,25
1719463927370,22.35,25
1719463928072,22.5,225
1719463928336,22.4,25
1719463929127,22.45,25
1719463929570,22.65,50
1719463930123,22.5,50
1719463930730,22.3,25
1719463931174,22.4,25
1719463932193,22.4,25
1719463933101,22.35,25
1719463933386,22.1,25
1719463934133,22.05,125
1719463934415,22.15,125
1719463935111,21.75,175
1719463935813,21.35,25
1719463936099,21.45,200
1719463936799,21.7,25
1719463937335,22.1,25
1719463938093,22.35,50
1719463938409,22.35,125
1719463939097,22.2,250
1719463945124,22.4,25
1719463946149,22.15,25
1719463946225,22.2,25
1719463947113,22.35,100
1719463947419,22.5,50
1719463948113,22.45,25
1719463948415,22.5,50
1719463949115,22.45,50
1719463949592,22.6,175
1719463950101,22.45,50
1719463952783,22.65,25
1719463953174,22.55,25
1719463954111,22.55,50
1719463954322,22.6,25
1719463955129,22.7,50
1719463955419,22.85,25
1719463956113,22.8,75
1719463956418,22.8,50
1719463957111,22.95,50
1719463957634,22.85,350
1719463958040,22.75,25
1719463958135,22.85,25
1719463959039,22.95,75
1719463959114,22.95,50
1719463960111,22.95,50
1719463961037,23.1,75
1719463961081,23.2,175
1719463962049,23.2,500
1719463962112,23.1,25
1719463963145,23.0,425
1719463964114,23.05,25
1719463964213,23.15,25
1719463965120,23.0,25
1719463965643,22.95,400
1719463966361,22.85,100
1719463966557,23.0,50
1719463967123,22.65,50
1719463967771,22.6,75
1719463968117,22.65,175
1719463968669,22.95,25
1719463969112,22.9,25
1719463969802,23.1,75
1719463970076,23.0,75
1719463971065,23.25,275
1719463971128,23.2,500
1719463972141,23.1,100
1719463972435,23.05,25
1719463973128,23.2,200
1719463973242,23.2,25
1719463974102,23.0,50
1719463974266,23.0,25
1719463975111,22.9,25
1719463975424,23.0,25
1719463976133,22.95,150
1719463976637,22.95,100
1719463977353,22.9,400
1719463977846,23.0,25
1719463978154,22.9,250
1719463978858,22.9,225
1719463979140,22.65,450
1719463979861,22.7,50
1719463980144,22.5,50
1719463980681,22.45,50
1719463981075,22.4,25
1719463981132,22.4,25
1719463982136,22.5,675
1719463982281,22.55,350
1719463983126,22.4,150
1719463983433,22.5,25
1719463984148,22.65,50
1719463984662,22.85,25
1719463985130,22.85,150
1719463985612,22.75,25
1719463986139,22.8,25
1719463986829,22.95,25
1719463987106,22.95,50
1719463988134,23.05,100
1719463989091,23.1,100
1719463989140,23.1,25
1719463990029,23.05,125
1719463990029,23.05,125
1719463991011,22.9,675
1719463991184,22.85,50
1719463992154,23.0,25
1719463992269,23.0,25
1719463993079,22.95,25
1719463993310,23.0,200
1719463994107,23.1,200
1719463994485,23.2,25
1719463995153,23.2,75
1719463995662,23.05,75
1719463996026,23.05,25
1719463996637,23.05,50
1719463996994,23.2,425
1719463997840,22.95,175
1719463998164,23.05,1025
1719463999072,23.2,25
1719463999133,23.3,25
1719464000127,23.35,425
1719464001322,23.45,25
1719464002314,23.3,100
1719464003119,23.05,25
1719464004150,23.2,100
1719464004215,23.3,25
1719464005155,23.35,25
1719464005479,23.5,75
1719464006139,23.55,525
1719464006531,23.35,100
1719464007169,23.3,25
1719464007704,23.35,1000
1719464008106,23.35,25
1719464008912,23.45,25
1719464009150,23.45,300
1719464010151,23.45,25
1719464011140,23.3,25
1719464011176,23.35,25
1719464012157,23.55,200
1719464012257,23.55,50
1719464013151,23.55,75
1719464013328,23.5,75
1719464014146,23.7,150
1719464015606,23.55,25
1719464016171,23.65,25
1719464016917,23.65,50
1719464017165,23.7,25
1719464017901,23.4,25
1719464018137,23.45,25
1719464019173,23.4,100
1719464019538,23.35,25
1719464020185,23.3,225
1719464020720,23.25,75
1719464021175,23.2,75
1719464021919,22.9,25
1719464022166,22.8,25
1719464022915,22.7,75
1719464023138,22.85,25
1719464023892,22.9,100
1719464024152,23.0,700
1719464025168,23.3,125
1719464026177,23.3,125
1719464026352,23.3,475
1719464027157,23.4,200
1719464028110,23.45,125
1719464028342,23.4,25
1719464029163,23.4,25
1719464029273,23.4,50
1719464030157,23.4,25
1719464030344,23.2,50
1719464031153,23.35,25
1719464031746,23.45,50
1719464032106,23.45,100
1719464032937,23.45,25
1719464033176,23.55,50
1719464034189,23.5,50
1719464034343,23.6,25
1719464035185,23.65,25
1719464035300,23.55,200
1719464036164,23.65,25
1719464036537,23.8,50
1719464037169,23.85,25
1719464037337,23.8,100
1719464038160,23.7,25
1719464038563,23.8,25
1719464039173,24.0,125
1719464039527,23.95,150
1719464040186,23.9,50
1719464040518,23.9,25
1719464041131,23.9,25
1719464041545,23.85,200
1719464042162,23.9,25
1719464042726,23.95,25
1719464043153,23.95,175
1719464043969,23.9,25
1719464044139,23.9,25
1719464044961,24.15,150
1719464045172,24.1,25
1719464046178,23.95,25
1719464047198,24.25,25
1719464048181,24.05,25
1719464048251,24.15,825
1719464049176,24.1,75
1719464049371,24.1,50
1719464050191,24.3,125
1719464050772,24.3,150
1719464051173,24.3,50
1719464051570,24.25,25
1719464052361,24.25,50
1719464052587,24.25,50
1719464053185,24.25,100
1719464053561,24.25,50
1719464054183,23.95,25
1719464054767,23.95,25
1719464055165,24.15,25
1719464055973,23.85,50
1719464056126,23.9,150
1719464056990,23.6,1000
1719464057201,23.4,75
1719464057982,23.65,25
1719464058186,23.7,650
1719464058904,23.75,100
1719464059175,23.85,25
1719464060185,23.95,50
1719464061148,24.2,25
1719464061339,24.2,25
1719464062207,24.3,25
1719464062386,24.25,50
1719464063200,24.4,50
1719464063407,24.35,50
1719464064166,24.5,25
1719464064391,24.6,25
1719464074410,24.9,25
1719464075201,24.75,25
1719464075562,24.8,75
1719464076197,24.75,250
1719464076617,24.75,125
1719464077151,24.75,275
1719464077795,24.6,50
1719464078212,24.75,25
1719464078828,24.65,25
1719464079209,24.65,375
1719464079773,24.6,25
1719464080225,24.9,325
1719464081003,24.45,25
1719464081215,24.45,25
1719464081826,24.65,25
1719464082213,24.65,50
1719464083028,24.7,25
1719464083201,24.75,100
1719464083419,24.75,25
1719464084191,24.9,25
1719464084208,24.9,25
1719464085215,25.0,150
1719464085610,24.8,475
1719464086141,25.0,25
1719464086601,24.95,25
1719464087200,24.9,175
1719464087826,24.95,250
1719464088373,25.0,125
1719464088834,25.1,25
1719464089212,25.0,25
1719464089969,25.0,25
1719464090233,24.95,200
1719464091189,25.0,25
1719464091604,24.85,50
1719464092196,24.75,300
1719464092625,24.5,50
1719464093226,24.05,75
1719464093827,24.15,50
1719464094218,24.0,25
1719464094851,23.5,25
1719464095189,23.85,75
1719464096043,23.75,25
1719464096245,23.9,25
1719464097214,23.8,25
1719464097418,23.85,25
1719464098165,24.0,25
1719464098626,24.1,50
1719464099167,24.25,175
1719464099633,24.35,175
1719464100155,24.2,25
1719464100614,24.15,50
1719464101412,24.15,400
1719464102050,23.95,25
1719464102128,23.95,450
1719464102437,23.95,25
1719464103209,23.8,25
1719464103643,24.0,25
1719464104181,23.85,50
1719464104849,23.85,175
1719464105236,23.85,50
1719464105826,23.8,50
1719464106229,23.95,125
1719464106697,23.9,25
1719464107210,24.05,25
1719464108044,24.2,25
1719464108261,24.05,100
1719464109257,24.05,75
1719464110225,24.35,175
1719464110415,24.35,25
1719464111156,24.3,25
1719464111459,24.25,300
1719464112239,24.2,50
1719464112454,24.2,25
1719464113232,24.3,75
1719464113441,24.25,25
1719464120360,23.7,50
1719464121207,23.4,25
1719464121258,23.3,150
1719464122202,23.8,25
1719464123187,23.7,50
1719464124234,24.2,25
1719464124470,24.1,300
1719464125214,24.05,25
1719464125853,23.9,25
1719464126249,23.85,150
1719464126853,23.9,50
1719464127427,23.95,75
1719464128062,24.05,25
1719464128235,24.0,150
1719464128388,24.05,25
1719464129209,24.05,25
1719464129485,23.95,50
1719464130246,23.9,75
1719464130474,23.85,100
1719464131162,23.85,100
1719464159176,24.6,350
1719464159917,24.75,50
1719464160108,24.65,250
1719464160271,24.65,25
1719464160911,24.55,50
1719464161255,24.5,300
1719464161878,24.6,25
1719464162264,24.55,25
1719464162929,24.3,75
1719464163230,24.35,125
1719464163466,24.25,400
1719464164257,24.2,75
1719464164257,24.2,75
1719464165037,24.05,25
1719464166149,24.2,75
1719464166485,24.3,25
1719464167247,24.25,25
1719464167693,24.2,50
1719464168260,24.25,50
1719464168925,24.05,25
1719464169187,24.1,150
1719464170142,23.9,75
1719464170266,24.0,50
1719464170895,24.0,25
1719464171174,23.9,50
1719464172099,23.9,275
1719464172342,23.95,475
1719464173256,23.8,25
1719464173675,23.85,25
1719464174185,23.95,25
1719464174837,23.95,50
1719464175239,24.0,25
1719464175943,24.15,25
1719464176261,24.15,25
1719464177339,24.0,150
1719464178346,24.1,125
1719464178449,24.15,175
1719464179254,24.2,25
1719464179322,24.15,25
1719464180230,24.0,100
1719464180534,23.85,75
1719464181274,23.7,25
1719464182263,23.5,250
1719464182361,23.55,300
1719464183252,23.5,25
1719464183550,23.4,75
1719464184549,23.45,75
1719464185251,23.65,25
1719464185555,23.55,125
1719464186261,23.3,25
1719464186556,23.45,25
1719464187278,23.35,75
1719464187760,23.5,50
1719464188247,23.8,25
1719464188904,23.85,25
1719464189249,23.8,25
1719464189869,23.85,325
1719464190042,23.75,25
1719464190259,23.75,100
1719464190975,23.95,25
1719464191262,24.15,100
1719464191320,24.2,25
1719464192248,24.15,50
1719464192564,24.1,25
1719464193276,24.3,25
1719464193947,23.95,25
1719464194225,23.85,25
1719464194979,23.6,25
1719464195231,23.8,25
1719464196140,23.75,25
1719464196339,23.5,50
1719464197286,23.55,25
1719464197570,23.6,25
1719464198286,23.6,125
1719464198533,23.55,25
1719464199240,23.55,25
1719464199710,23.7,75
1719464200223,23.85,25
1719464200954,23.95,500
1719464201280,24.2,25
1719464206274,23.8,25
1719464206910,24.0,25
1719464207267,23.85,25
1719464207797,23.75,25
1719464208284,23.7,25
1719464208798,23.55,50
1719464209284,23.6,50
1719464209782,23.55,25
1719464210438,23.45,50
1719464211177,23.3,100
1719464211260,23.35,25
1719464212257,23.4,325
1719464212379,23.3,225
1719464213230,23.55,100
1719464213600,23.55,25
1719464214293,23.6,50
1719464214556,23.5,125
1719464215289,23.4,25
1719464215560,23.5,25
1719464216286,23.5,800
1719464216748,23.3,50
1719464217370,23.2,25
1719464218277,22.95,1000
1719464218611,22.9,25
1719464219303,22.45,25
1719464219812,22.15,50
1719464220083,22.3,75
1719464220300,22.1,25
1719464220804,22.05,25
1719464221267,22.35,775
1719464221804,22.35,50
1719464222285,22.3,25
1719464222991,22.2,150
1719464223260,22.2,150
1719464223968,22.1,25
1719464224497,22.0,125
1719464225211,22.1,25
1719464225263,22.05,200
1719464225357,22.15,150
1719464226310,21.6,25
1719464226412,21.55,225
1719464227302,21.5,25
1719464228326,21.35,100
1719464228599,21.25,25
1719464229326,21.25,25
1719464230030,21.25,100
1719464230495,20.85,50
1719464231028,21.0,25
1719464231294,21.05,25
1719464232292,20.8,100
1719464233038,21.2,25
1719464233268,21.25,25
1719464234318,20.95,50
1719464234431,21.05,25
1719464235311,21.3,75
1719464235433,21.15,50
1719464236299,21.05,350
1719464236583,21.05,500
1719464237301,21.15,50
1719464237810,21.15,100
1719464238308,21.0,100
1719464238838,21.15,75
1719464239294,21.2,25
1719464239833,21.05,50
1719464240230,21.05,25
1719464240825,21.15,200
1719464241313,21.1,50
1719464242029,21.15,125
1719464242295,21.2,25
1719464243306,21.05,50
1719464243458,21.05,300
1719464244301,20.9,25
1719464244444,20.9,400
1719464245241,20.8,25
1719464245633,20.8,25
1719464246301,21.05,25
1719464246859,20.4,50
1719464247308,20.05,25
1719464248309,19.45,250
1719464249508,18.8,75
1719464250108,19.3,75
1719464250320,19.45,250
1719464250847,19.2,25
1719464251315,19.0,25
1719464252062,19.5,75
1719464252285,19.45,50
1719464253062,19.35,50
1719464253288,19.25,900
1719464254315,18.9,25
1719464254461,19.05,25
1719464255500,19.3,25
1719464255824,19.3,700
1719464256317,19.25,25
1719464256872,19.25,25
1719464257302,19.2,50
1719464257848,19.05,50
1719464258329,18.8,50
1719464260082,18.95,75
1719464260319,18.85,25
1719464261077,18.95,175
1719464261293,18.95,250
1719464262061,18.8,25
1719464262329,18.8,175
1719464263071,18.85,25
1719464263325,18.65,50
1719464264100,18.8,50
1719464264312,18.8,25
1719464265087,18.7,25
1719464265312,18.7,25
1719464265697,18.65,25
1719464266279,18.65,175
1719464266884,18.85,300
1719464267327,18.8,25
1719464267883,18.8,50
1719464268307,18.75,25
1719464269078,18.65,50
1719464269300,18.75,25
1719464270319,18.55,275
1719464271315,18.7,150
1719464272290,19.05,325
1719464272314,19.05,25
1719464272481,19.15,125
1719464273308,18.75,100
1719464273455,18.8,25
1719464274341,18.95,150
1719464274490,18.9,75
1719464275270,19.0,25
1719464275897,19.0,25
1719464284101,18.8,25
1719464284326,18.9,50
1719464285321,18.75,75
1719464285497,18.85,100
1719464286333,18.85,75
1719464286485,18.85,25
1719464287331,19.0,50
1719464287707,18.9,25
1719464288341,18.95,25
1719464288706,18.95,75
1719464289328,18.9,200
1719464289897,18.8,25
1719464290314,18.9,25
1719464290513,19.05,25
1719464291387,18.55,25
1719464291473,18.6,50
1719464292542,17.95,325
1719464293333,17.9,175
1719464293726,18.0,50
1719464294346,18.0,25
1719464294727,17.9,25
1719464295343,18.05,75
1719464295927,17.95,350
1719464296339,18.1,200
1719464296914,18.05,50
1719464297352,18.05,100
1719464298119,17.95,200
1719464298341,17.85,50
1719464299120,17.75,200
1719464299338,17.75,50
1719464300121,17.75,50
1719464300323,17.9,75
1719464301144,18.0,50
1719464301344,18.05,50
1719464301528,17.95,25
1719464302330,18.05,125
1719464302534,18.1,1150
1719464303326,18.0,175
1719464303530,18.0,250
1719464304365,17.9,50
1719464304756,17.95,175
1719464305337,17.65,75
1719464305919,17.85,50
1719464306337,18.1,25
1719464307138,17.95,25
1719464307322,17.95,25
1719464308338,17.8,175
1719464308515,17.75,150
1719464309134,17.75,25
1719464309341,17.65,100
1719464310104,17.55,300
1719464310348,17.15,50
1719464310729,17.1,100
1719464311354,17.3,800
1719464311741,17.3,25
1719464312343,17.1,275
1719464312740,17.3,25
1719464313349,17.55,50
1719464313962,17.4,25
1719464314351,17.0,25
1719464314946,17.0,25
1719464315356,17.1,25
1719464316144,17.05,25
1719464316356,17.05,25
1719464317148,16.9,125
1719464317343,16.85,25
1719464318301,17.0,150
1719464318553,17.05,225
1719464319352,17.1,25
1719464319548,17.0,300
1719464320351,16.7,325
1719464320551,16.85,25
1719464321343,16.9,50
1719464321764,16.8,25
1719464322290,16.8,150
1719464322945,16.85,75
1719464323568,16.75,100
1719464324318,16.8,100
1719464324773,16.75,200
1719464325356,16.9,50
1719464325565,17.05,100
1719464326310,16.9,25
1719464326569,16.75,50
1719464327348,17.2,50
1719464327789,17.25,25
1719464328361,17.3,50
1719464328755,17.35,100
1719464329352,17.45,25
1719464329970,17.85,100
1719464330342,17.6,50
1719464330771,17.3,25
1719464367327,17.55,75
1719464367401,17.6,75
1719464367626,17.55,25
1719464368368,17.55,25
1719464368624,17.6,50
1719464369358,17.7,225
1719464369999,17.6,25
1719464370037,17.65,50
1719464370370,17.75,25
1719464371014,17.45,25
1719464371366,17.5,25
1719464372022,17.55,25
1719464372390,17.5,50
1719464373246,17.4,75
1719464373383,17.5,25
1719464375360,17.45,650
1719464375572,17.5,25
1719464376373,17.55,25
1719464376598,17.6,25
1719464377376,17.55,175
1719464377829,17.5,175
1719464378392,17.55,125
1719464378601,17.55,200
1719464379369,17.65,50
1719464379636,17.6,25
1719464380374,17.65,300
1719464380850,17.55,25
1719464381382,17.5,75
1719464382049,17.5,200
1719464382394,17.65,25
1719464383043,17.5,50
1719464383324,17.6,1050
1719464384182,17.75,50
1719464384362,17.65,50
1719464385241,17.7,50
1719464385362,17.65,25
1719464386450,17.75,50
1719464386855,17.7,675
1719464387402,17.7,25
1719464388036,17.8,100
1719464388390,17.6,25
1719464389241,17.65,225
1719464389359,17.65,50
1719464390255,17.7,50
1719464390397,17.7,625
1719464390644,17.65,50
1719464391369,17.5,25
1719464391649,17.55,50
1719464392383,17.55,275
1719464392771,17.55,25
1719464393381,17.6,25
1719464396383,17.4,250
1719464398362,17.2,100
1719464398837,17.1,150
1719464399354,17.15,925
1719464400057,17.05,125
1719464400120,17.15,75
1719464400599,17.2,25
1719464401276,17.2,25
1719464401399,17.2,25
1719464402436,17.3,25
1719464403459,17.3,25
1719464403663,17.3,75
1719464404399,17.15,75
1719464404668,17.2,1025
1719464405375,17.1,75
1719464405678,17.15,25
1719464406394,16.9,75
1719464406863,17.0,25
1719464407403,17.15,175
1719464407863,17.15,100
1719464408398,17.0,250
1719464408886,17.05,50
1719464409393,17.05,325
1719464410265,17.1,25
1719464410346,17.1,25
1719464411475,17.15,50
1719464411641,17.2,175
1719464412399,17.4,125
1719464412888,17.35,50
1719464413412,17.45,25
1719464414198,17.5,500
1719464414594,17.5,25
1719464415456,17.45,25
1719464415684,17.45,50
1719464416413,17.5,50
1719464416660,17.55,50
1719464417354,17.55,225
1719464417870,17.5,50
1719464418384,17.5,125
1719464418696,17.5,25
1719464419400,17.4,50
1719464419699,17.35,25
1719464420406,17.4,25
1719464420843,17.35,25
1719464421424,17.55,25
1719464421896,17.5,100
1719464422320,17.55,25
1719464423163,17.45,200
1719464423353,17.45,50
1719464424054,17.45,75
1719464424384,17.4,50
1719464425236,17.5,25
1719464425420,17.3,50
1719464425675,17.25,175
1719464426410,17.25,50
1719464426656,17.2,25
1719464427226,17.3,25
1719464427649,17.3,50
1719464428353,17.35,25
1719464428900,17.35,25
1719464429402,17.35,25
1719464429703,17.35,25
1719464430052,17.4,425
1719464430413,17.3,50
1719464430703,17.4,50
1719464431406,17.35,25
1719464431706,17.35,600
1719464432411,17.0,50
1719464432864,17.2,175
1719464433406,17.3,25
1719464434298,17.2,100
1719464434406,17.2,300
1719464435378,17.1,25
1719464435453,17.0,25
1719464435718,17.1,50
1719464436432,17.2,50
1719464436930,17.25,75
