time,price,volume
1719461502899,53.5,500
1719461502899,53.5,500
1719461505939,53.45,50
1719461507029,53.55,25
1719461507029,53.55,25
1719461508485,53.7,25
1719461508887,53.8,25
1719461509775,53.7,1000
1719461511033,53.5,25
1719461511657,53.4,250
1719461512706,53.7,550
1719461512706,53.7,550
1719461512706,53.7,550
1719461514811,53.3,250
1719461515599,53.15,25
1719461515943,52.8,100
1719461516792,52.65,25
1719461517377,53.2,100
1719461518287,53.3,50
1719461518884,53.5,25
1719461519739,53.35,25
1719461520274,53.4,50
1719461520274,53.4,50
1719461520274,53.4,50
1719461521408,53.1,100
1719461521962,53.4,25
1719461521962,53.4,25
1719461523409,53.1,25
1719461524159,53.8,25
1719461524524,53.3,25
1719461525567,53.25,25
1719461525567,53.25,25
1719461526460,53.3,50
1719461527730,54.0,250
1719461528819,54.05,250
1719461529141,53.85,50
1719461529141,53.85,50
1719461530335,53.55,75
1719461530335,53.55,75
1719461530335,53.55,75
1719461532934,53.4,100
1719461533603,53.45,125
1719461533603,53.45,125
1719461534397,53.6,50
1719461534938,53.5,50
1719461534938,53.5,50
1719461536565,53.4,25
1719461537141,53.4,75
1719461537141,53.4,75
1719461539132,53.5,25
1719461539132,53.5,25
1719461539960,53.8,25
1719461540592,54.0,25
1719461540816,53.65,25
1719461541558,54.0,25
1719461542614,53.8,25
1719461542614,53.8,25
1719461543680,54.0,25
1719461544141,54.0,50
1719461544141,54.0,50
1719461545821,54.4,200
1719461545821,54.4,200
1719461546717,54.55,25
1719461547378,54.2,50
1719461547656,54.2,25
1719461548767,53.9,300
1719461548767,53.9,300
1719461549697,54.15,25
1719461550065,54.0,50
1719461550065,54.0,50
1719461550065,54.0,50
1719461551739,54.1,75
1719461552388,53.9,50
1719461552388,53.9,50
1719461553597,54.1,25
1719461553597,54.1,25
1719461554504,53.9,75
1719461556021,53.95,100
1719461556164,53.65,25
1719461556505,54.1,50
1719461557800,53.85,25
1719461557800,53.85,25
1719461559607,53.95,25
1719461561082,53.85,50
1719461561082,53.85,50
1719461561279,53.85,250
1719461562318,54.0,275
1719461562318,54.0,275
1719461563269,54.5,500
1719461564245,54.85,100
1719461564556,54.8,50
1719461565386,54.95,100
1719461565386,54.95,100
1719461566576,54.7,25
1719461566576,54.7,25
1719461568072,54.8,25
1719461568592,54.75,25
1719461569193,54.6,25
1719461569193,54.6,25
1719461570129,54.75,300
1719461570129,54.75,300
1719461571557,54.45,250
1719461572313,54.2,25
1719461572313,54.2,25
1719461573625,54.6,250
1719461574269,54.6,25
1719461574668,54.65,25
1719461575450,54.95,25
1719461575836,54.8,25
1719461576259,54.65,25
1719461576695,54.5,25
1719461576695,54.5,25
1719461578221,54.7,25
1719461578221,54.7,25
1719461578221,54.7,25
1719461578221,54.7,25
1719461581879,54.55,50
1719461582820,54.3,50
1719461583557,54.6,25
1719461584254,54.55,25
1719461584607,54.7,25
1719461585537,54.7,125
1719461586227,54.9,50
1719461586559,54.95,125
1719461587481,54.95,175
1719461587481,54.95,175
1719461588591,55.0,50
1719461589381,54.95,50
1719461589479,54.8,25
1719461590659,55.3,25
1719461590940,55.3,25
1719461591472,55.1,150
1719461591472,55.1,150
1719461593884,55.0,25
1719461594442,54.95,50
1719461594442,54.95,50
1719461595963,54.8,25
1719461596155,54.4,25
1719461596259,54.6,25
1719461597121,54.9,75
1719461597715,54.9,25
1719461598431,55.05,425
1719461598431,55.05,425
1719461600617,54.9,200
1719461601152,54.9,25
1719461601336,54.6,450
1719461601336,54.6,450
1719461603757,55.0,125
1719461603757,55.0,125
1719461603757,55.0,125
1719461607459,54.9,50
1719461607798,55.2,25
1719461607798,55.2,25
1719461608240,55.1,25
1719461608240,55.1,25
1719461609786,55.0,25
1719461609786,55.0,25
1719461609786,55.0,25
1719461612585,55.0,50
1719461612585,55.0,50
1719461613875,54.8,50
1719461613875,54.8,50
1719461613875,54.8,50
1719461615344,55.0,25
1719461615344,55.0,25
1719461617008,55.0,25
1719461617370,55.15,25
1719461617370,55.15,25
1719461618218,55.2,525
1719461619253,55.0,25
1719461619253,55.0,25
1719461620643,55.0,50
1719461620870,54.75,25
1719461621742,54.6,25
1719461622826,54.85,25
1719461623864,54.5,225
1719461624489,54.1,50
1719461624498,54.0,25
1719461625652,54.0,50
1719461625802,54.05,50
1719461626606,54.3,50
1719461627911,54.1,50
1719461628610,54.05,50
1719461629336,54.0,50
1719461629336,54.0,50
1719461631041,53.9,25
1719461631041,53.9,25
1719461631711,54.45,150
1719461632618,54.25,100
1719461632875,54.3,25
1719461633620,54.4,50
1719461633620,54.4,50
1719461635463,54.5,25
1719461635647,54.5,25
1719461635647,54.5,25
1719461637661,54.2,75
1719461637661,54.2,75
1719461638667,54.65,50
1719461639258,54.7,25
1719461639258,54.7,25
1719461639258,54.7,25
1719461641116,54.5,25
1719461641116,54.5,25
1719461641116,54.5,25
1719461641116,54.5,25
1719461646170,54.95,175
1719461647063,54.5,25
1719461647237,54.5,75
1719461647237,54.5,75
1719461648944,54.75,75
1719461648944,54.75,75
1719461650035,54.6,25
1719461651307,54.8,75
1719461651307,54.8,75
1719461651307,54.8,75
1719461653553,54.2,25
1719461653553,54.2,25
1719461653553,54.2,25
1719461657805,54.35,25
1719461658559,54.7,50
1719461659074,54.95,50
1719461659074,54.95,50
1719461660497,54.8,150
1719461660497,54.8,150
1719461661683,55.0,25
1719461662678,55.4,50
1719461662678,55.4,50
1719461663695,55.5,25
1719461663695,55.5,25
1719461666286,54.75,150
1719461666286,54.75,150
1719461666876,54.9,75
1719461667882,54.5,50
1719461668263,54.4,25
1719461668263,54.4,25
1719461670028,54.5,25
1719461670339,54.25,50
1719461670571,54.45,25
1719461670812,54.55,25
1719461671397,54.5,250
1719461672433,54.85,25
1719461672433,54.85,25
1719461673670,54.5,400
1719461673670,54.5,400
1719461675413,54.95,25
1719461675413,54.95,25
1719461676473,54.5,1000
1719461677295,54.2,375
1719461677355,54.5,25
1719461677739,54.45,50
1719461678597,54.9,50
1719461679311,54.7,50
1719461680585,55.0,50
1719461681154,54.7,25
1719461681588,54.7,50
1719461682879,54.5,25
1719461683565,54.1,25
1719461684445,54.2,25
1719461684584,54.3,50
1719461685803,54.35,175
1719461685803,54.35,175
1719461687605,54.4,50
1719461687605,54.4,50
1719461688550,54.5,50
1719461689057,54.35,200
1719461689057,54.35,200
1719461690808,54.0,25
1719461690808,54.0,25
1719461691453,54.1,50
1719461692519,54.25,25
1719461692519,54.25,25
1719461693273,54.4,75
1719461693815,54.35,25
1719461693815,54.35,25
1719461695606,54.2,75
1719461695606,54.2,75
1719461697184,54.35,25
1719461697184,54.35,25
1719461699277,54.6,50
1719461699496,54.8,100
1719461699496,54.8,100
1719461700321,54.3,25
1719461700695,54.05,25
1719461701255,54.2,50
1719461701255,54.2,50
1719461702780,53.7,75
1719461702943,53.8,25
1719461703738,53.85,50
1719461703738,53.85,50
1719461705018,54.25,25
1719461705572,54.4,75
1719461706410,54.6,100
1719461706410,54.6,100
1719461707029,54.65,25
1719461707790,55.0,25
1719461707790,55.0,25
1719461709548,54.95,50
1719461709548,54.95,50
1719461710849,54.05,25
1719461711090,54.0,500
1719461711090,54.0,500
1719461712600,54.3,25
1719461712961,54.1,25
1719461712961,54.1,25
1719461712961,54.1,25
1719461715022,54.65,25
1719461715426,54.4,250
1719461715426,54.4,250
1719461716872,54.5,25
1719461717955,54.45,150
1719461718105,54.2,25
1719461718552,54.35,25
1719461719561,54.3,25
1719461719699,53.8,25
1719461720319,53.85,25
1719461720319,53.85,25
1719461722580,53.95,50
1719461723015,53.95,25
1719461723015,53.95,25
1719461747994,52.5,25
1719461747994,52.5,25
1719461747994,52.5,25
1719461750840,52.0,25
1719461750840,52.0,25
1719461751543,52.05,25
1719461752916,51.85,50
1719461752916,51.85,50
1719461753372,52.0,25
1719461754169,52.1,25
1719461754873,52.3,25
1719461755600,52.05,125
1719461755600,52.05,125
1719461756764,52.05,25
1719461757157,52.25,475
1719461757157,52.25,475
1719461758444,52.2,25
1719461759360,52.25,25
1719461760003,52.35,50
1719461760593,52.1,150
1719461761065,52.25,50
1719461761065,52.25,50
1719461762288,51.75,75
1719461762288,51.75,75
1719461763915,52.25,50
1719461764549,51.95,25
1719461764549,51.95,25
1719461765693,52.25,25
1719461766311,52.35,25
1719461766311,52.35,25
1719461768301,52.2,25
1719461768753,52.45,25
1719461769249,52.2,25
1719461769249,52.2,25
1719461770753,52.2,25
1719461771003,52.1,25
1719461771003,52.1,25
1719461772262,52.65,75
1719461772262,52.65,75
1719461774730,52.7,75
1719461776083,52.35,325
1719461776083,52.35,325
1719461777069,52.25,50
1719461777069,52.25,50
1719461778371,52.55,75
1719461778688,52.4,25
1719461779513,52.2,25
1719461779729,52.3,25
1719461780967,52.2,25
1719461781322,52.4,25
1719461781322,52.4,25
1719461782318,52.0,25
1719461782318,52.0,25
1719461783888,52.0,25
1719461783888,52.0,25
1719461785466,52.0,625
1719461786290,51.8,50
1719461786714,51.4,25
1719461787015,51.5,75
1719461787015,51.5,75
1719461788464,51.0,725
1719461789335,51.4,75
1719461789917,51.15,875
1719461790397,51.4,25
1719461790935,51.35,250
1719461790935,51.35,250
1719461791879,51.4,25
1719461792508,51.55,200
1719461792859,51.9,25
1719461793270,51.7,400
1719461794534,51.8,125
1719461794646,51.9,25
1719461795905,51.85,50
1719461795905,51.85,50
1719461796748,51.65,50
1719461796949,51.95,25
1719461796949,51.95,25
1719461798672,51.5,250
1719461799012,51.5,25
1719461799012,51.5,25
1719461800737,51.8,25
1719461800737,51.8,25
1719461801796,51.5,150
1719461802550,51.5,25
1719461802550,51.5,25
1719461803800,51.5,100
1719461804203,51.75,25
1719461804203,51.75,25
1719461805779,51.8,225
1719461805779,51.8,225
1719461806596,51.75,250
1719461806596,51.75,250
1719461809550,51.75,200
1719461810133,52.0,25
1719461810870,51.45,25
1719461811196,51.7,225
1719461811412,51.5,125
1719461812086,51.85,175
1719461812086,51.85,175
1719461813802,51.8,150
1719461814262,51.55,150
1719461814792,51.95,75
1719461815008,52.0,50
1719461815008,52.0,50
1719461816926,52.0,200
1719461817638,52.2,175
1719461817638,52.2,175
1719461819467,52.4,25
1719461819789,52.25,50
1719461819789,52.25,50
1719461820702,52.1,100
1719461821178,52.05,25
1719461821178,52.05,25
1719461822539,52.4,175
1719461823640,52.25,25
1719461824593,52.6,25
1719461824593,52.6,25
1719461825708,52.3,75
1719461825708,52.3,75
1719461826744,52.55,25
1719461827924,52.5,50
1719461828753,52.7,25
1719461829753,52.65,25
1719461830952,52.8,100
1719461830952,52.8,100
1719461831578,52.85,50
1719461832406,52.5,250
1719461833216,52.4,25
1719461833718,52.4,475
1719461834784,52.2,25
1719461835546,52.0,50
1719461836415,52.45,450
1719461836546,52.55,75
1719461837952,52.75,150
1719461838135,52.9,75
1719461838135,52.9,75
1719461839590,53.0,500
1719461840460,53.2,25
1719461840460,53.2,25
1719461841549,53.3,25
1719461842358,53.15,275
1719461842843,53.0,25
1719461843808,52.9,25
1719461843808,52.9,25
1719461845582,53.2,50
1719461845931,53.2,175
1719461845931,53.2,175
1719461846729,53.2,50
1719461848093,53.0,100
1719461849784,53.1,100
1719461849784,53.1,100
1719461849784,53.1,100
1719461851161,53.4,100
1719461851161,53.4,100
1719461851508,53.35,25
1719461852368,53.55,25
1719461852368,53.55,25
1719461852368,53.55,25
1719461854025,53.4,100
1719461855002,53.25,25
1719461856149,53.1,25
1719461856149,53.1,25
1719461856149,53.1,25
1719461859676,53.5,175
1719461859834,53.55,50
1719461860424,53.9,25
1719461860424,53.9,25
1719461861522,53.45,75
1719461861522,53.45,75
1719461864464,53.5,50
1719461864464,53.5,50
1719461865662,53.6,25
1719461865662,53.6,25
1719461866663,53.1,500
1719461866663,53.1,500
1719461866663,53.1,500
1719461866663,53.1,500
1719461872093,54.0,25
1719461872787,53.9,375
1719461872787,53.9,375
1719461873804,53.9,25
1719461874734,54.2,25
1719461874734,54.2,25
1719461874878,54.15,50
1719461876332,54.3,200
1719461876748,54.25,75
1719461877094,54.1,125
1719461877094,54.1,125
1719461877094,54.1,125
1719461880119,54.1,25
1719461880119,54.1,25
1719461881412,54.0,25
1719461881412,54.0,25
1719461881929,54.55,25
1719461882493,54.4,25
1719461883086,54.2,150
1719461883086,54.2,150
1719461884739,54.2,175
1719461885760,54.1,125
1719461886441,54.1,25
1719461886513,54.0,200
1719461886513,54.0,200
1719461889194,53.85,25
1719461889194,53.85,25
1719461890079,54.3,25
1719461890661,54.25,25
1719461890661,54.25,25
1719461892261,54.5,25
1719461892261,54.5,25
1719461893906,54.3,50
1719461893906,54.3,50
1719461895398,54.55,25
1719461895987,54.6,225
1719461896169,54.5,75
1719461896169,54.5,75
1719461897456,54.55,25
1719461897456,54.55,25
1719461898902,54.7,25
1719461899735,54.5,25
1719461900929,54.3,25
1719461901182,54.3,25
1719461901182,54.3,25
1719461901948,54.0,100
1719461901948,54.0,100
1719461904826,54.3,25
1719461904826,54.3,25
1719461906421,54.35,25
1719461906421,54.35,25
1719461907061,54.6,100
1719461907061,54.6,100
1719461909331,54.4,25
1719461909331,54.4,25
1719461910287,54.35,150
1719461910287,54.35,150
1719461910657,54.6,25
1719461911474,54.95,25
1719461912048,54.6,25
1719461912048,54.6,25
1719461912048,54.6,25
1719461913790,54.35,350
1719461913790,54.35,350
1719461913790,54.35,350
1719461916976,55.0,50
1719461918205,54.85,50
1719461918557,54.8,25
1719461919459,54.65,75
1719461919459,54.65,75
1719461920631,54.3,250
1719461921062,54.6,25
1719461921062,54.6,25
1719461922316,54.25,25
1719461922316,54.25,25
1719461923534,54.5,25
1719461923534,54.5,25
1719461925301,54.35,25
1719461925774,54.0,100
1719461926487,54.15,75
1719461926487,54.15,75
1719461926487,54.15,75
1719461928548,54.2,25
1719461929196,54.15,25
1719461929529,54.15,25
1719461929529,54.15,25
1719461931016,54.1,25
1719461931233,54.0,425
1719461931233,54.0,425
1719461931919,54.4,25
1719461931919,54.4,25
1719461931919,54.4,25
1719461935714,54.35,550
1719461935714,54.35,550
1719461936606,54.6,250
1719461937821,54.4,125
1719461937821,54.4,125
1719461939578,54.25,75
1719461939578,54.25,75
1719461939578,54.25,75
1719461941550,54.05,25
1719461941675,54.15,25
1719461941675,54.15,25
1719461942419,54.3,25
1719461942995,54.3,25
1719461942995,54.3,25
1719461944110,54.2,25
1719461944110,54.2,25
1719461945255,54.25,25
1719461946498,53.8,25
1719461946498,53.8,25
1719461946498,53.8,25
1719461948320,53.85,25
1719461948320,53.85,25
1719461950479,53.8,25
1719461950479,53.8,25
1719461952660,53.6,225
1719461953115,53.8,25
1719461953423,53.8,100
1719461954884,53.8,250
1719461954884,53.8,250
1719461955862,53.8,25
1719461955983,53.8,300
1719461956816,53.9,50
1719461956816,53.9,50
1719461958555,53.5,100
1719461958790,53.4,400
1719461959562,53.45,100
1719461959562,53.45,100
1719461960780,53.0,50
1719461961466,52.85,25
1719461961885,52.5,175
1719461962420,52.8,125
1719461963273,52.4,25
1719461963273,52.4,25
1719461963273,52.4,25
1719461966664,52.9,25
1719461966900,53.0,25
1719461967940,53.0,75
1719461968123,52.95,50
1719461968123,52.95,50
1719461969633,52.8,200
1719461969633,52.8,200
1719461969633,52.8,200
1719461971075,52.75,250
1719461971075,52.75,250
1719461971075,52.75,250
1719461974547,52.9,50
1719461974547,52.9,50
1719461974547,52.9,50
1719461977076,53.15,50
1719461977893,53.1,125
1719461978216,53.25,50
1719461978630,53.2,75
1719461979875,53.0,50
1719461979875,53.0,50
1719461979875,53.0,50
1719461979875,53.0,50
1719461983294,52.85,50
1719461984068,52.65,25
1719461984861,52.45,50
1719461984861,52.45,50
1719461987592,52.4,175
1719461987721,52.45,25
1719461987721,52.45,25
1719461988346,52.5,75
1719461989957,52.75,25
1719461989957,52.75,25
1719461991082,52.6,25
1719461991082,52.6,25
1719461991720,52.8,50
1719461992650,52.6,25
1719461992650,52.6,25
1719461993305,52.6,25
1719461994265,52.45,25
1719461995031,52.45,25
1719461995856,52.4,75
1719461995856,52.4,75
1719461996717,52.75,600
1719461997486,52.9,25
1719461997486,52.9,25
1719461999856,52.6,25
1719462000049,52.6,50
1719462000313,52.6,25
1719462000581,52.65,25
1719462001336,52.6,25
1719462001336,52.6,25
1719462003083,52.25,25
1719462003083,52.25,25
1719462003603,52.5,50
1719462004721,52.35,25
1719462004721,52.35,25
1719462004721,52.35,25
1719462007045,52.0,75
1719462007667,52.1,100
1719462008266,51.95,25
1719462009004,51.8,25
1719462009943,51.95,125
1719462010389,51.8,25
1719462010389,51.8,25
1719462011949,52.3,25
1719462013004,52.05,25
1719462013253,52.15,25
1719462013423,52.05,25
1719462014400,52.05,50
1719462014400,52.05,50
1719462015237,51.95,375
1719462016644,51.9,25
1719462016644,51.9,25
1719462017284,51.8,25
1719462017284,51.8,25
1719462018727,51.8,75
1719462018996,51.85,75
1719462020396,51.8,25
1719462021584,51.9,25
1719462021898,52.1,50
1719462022710,52.4,50
1719462023255,52.5,50
1719462024007,52.4,25
1719462024943,52.6,25
1719462025827,52.6,25
1719462026470,52.4,25
1719462026470,52.4,25
1719462026470,52.4,25
1719462028752,52.55,300
1719462030012,52.6,125
1719462030012,52.6,125
1719462030465,52.35,25
1719462031698,52.2,25
1719462031931,52.3,100
1719462032586,52.15,25
1719462032586,52.15,25
1719462033330,52.4,25
1719462034127,52.35,250
1719462034127,52.35,250
1719462034127,52.35,250
1719462037305,52.6,25
1719462037917,52.5,50
1719462038132,52.7,25
1719462038132,52.7,25
1719462038132,52.7,25
1719462040535,52.5,175
1719462040579,52.45,25
1719462041586,52.75,25
1719462041586,52.75,25
1719462042830,52.9,50
1719462042830,52.9,50
1719462044222,53.0,500
1719462044769,52.9,200
1719462044769,52.9,200
1719462045786,53.0,500
1719462046316,53.05,25
1719462046316,53.05,25
1719462046316,53.05,25
1719462046316,53.05,25
1719462050227,52.45,75
1719462050227,52.45,75
1719462052447,52.3,25
1719462053020,52.15,25
1719462053020,52.15,25
1719462054114,52.35,75
1719462054505,52.5,50
1719462054505,52.5,50
1719462055859,52.6,75
1719462056441,52.75,300
1719462056441,52.75,300
1719462057886,52.8,75
1719462057951,53.0,25
1719462058512,53.0,700
1719462060047,52.9,25
1719462060047,52.9,25
1719462060656,52.8,25
1719462060656,52.8,25
1719462060656,52.8,25
1719462064177,53.0,100
1719462064736,53.35,25
1719462064736,53.35,25
1719462065403,53.2,25
1719462066571,53.25,25
1719462066571,53.25,25
1719462066571,53.25,25
1719462068598,53.2,25
1719462068598,53.2,25
1719462070254,53.25,25
1719462070753,53.3,25
1719462071527,53.1,200
1719462071527,53.1,200
1719462073022,53.2,75
1719462073273,53.2,300
1719462073459,53.2,425
1719462074584,53.0,200
1719462074584,53.0,200
1719462074584,53.0,200
1719462079616,53.0,575
1719462080067,52.9,225
1719462080517,53.2,50
1719462081437,53.0,25
1719462081437,53.0,25
1719462082807,53.65,125
1719462084433,53.6,875
1719462084638,53.6,100
1719462084638,53.6,100
1719462085719,53.4,200
1719462086058,53.35,50
1719462086058,53.35,50
1719462087344,53.4,100
1719462088082,53.25,25
1719462088082,53.25,25
1719462090209,53.25,25
1719462090396,53.2,25
1719462090848,53.15,125
1719462091680,53.4,25
1719462091680,53.4,25
1719462092752,53.4,600
1719462092752,53.4,600
1719462095137,53.5,25
1719462095175,53.6,25
1719462095793,53.4,75
1719462095793,53.4,75
1719462095793,53.4,75
1719462095793,53.4,75
1719462095793,53.4,75
1719462101942,53.2,25
1719462103015,53.2,25
1719462103015,53.2,25
1719462104078,53.3,50
1719462104078,53.3,50
1719462105430,53.2,100
1719462128349,53.45,25
1719462128503,53.45,25
1719462128503,53.45,25
1719462130622,53.25,25
1719462130870,53.5,25
1719462130870,53.5,25
1719462132706,53.45,25
1719462133504,53.5,475
1719462133504,53.5,475
1719462135756,53.2,200
1719462136776,53.25,25
1719462136776,53.25,25
1719462138530,53.35,25
1719462138757,53.65,75
1719462138757,53.65,75
1719462140613,53.55,25
1719462140613,53.55,25
1719462140613,53.55,25
1719462144277,53.55,50
1719462145084,53.8,550
1719462145084,53.8,550
1719462146704,53.55,25
1719462146704,53.55,25
1719462147381,53.45,25
1719462147929,53.5,125
1719462148374,53.25,25
1719462148374,53.25,25
1719462149369,53.55,50
1719462149369,53.55,50
1719462150308,53.45,50
1719462150985,53.6,25
1719462151625,53.7,50
1719462151625,53.7,50
1719462152507,53.55,450
1719462152507,53.55,450
1719462152507,53.55,450
1719462155476,53.55,25
1719462155760,53.35,25
1719462155760,53.35,25
1719462157230,53.55,50
1719462158189,53.65,750
1719462158189,53.65,750
1719462158189,53.65,750
1719462160182,53.9,450
1719462160182,53.9,450
1719462162198,53.95,25
1719462162198,53.95,25
1719462164804,54.0,50
1719462164804,54.0,50
1719462164804,54.0,50
1719462167784,54.0,25
1719462167784,54.0,25
1719462169576,54.3,75
1719462169900,54.35,25
1719462169900,54.35,25
1719462170504,54.15,25
1719462171683,54.2,325
1719462171683,54.2,325
1719462172899,54.05,25
1719462173384,53.6,100
1719462173384,53.6,100
1719462174844,53.55,700
1719462174844,53.55,700
1719462177775,54.3,75
1719462177775,54.3,75
1719462178544,54.55,25
1719462178688,54.6,25
1719462180018,54.3,50
1719462180018,54.3,50
1719462181672,54.55,25
1719462181672,54.55,25
1719462182455,54.2,200
1719462182667,54.15,100
1719462182667,54.15,100
1719462183884,54.3,25
1719462184251,54.5,25
1719462185081,54.6,25
1719462185081,54.6,25
1719462185081,54.6,25
1719462187032,54.6,25
1719462188434,54.6,125
1719462188434,54.6,125
1719462191497,54.45,100
1719462191497,54.45,100
1719462192199,54.0,75
1719462193207,54.4,25
1719462193207,54.4,25
1719462193897,54.55,125
1719462194889,54.3,25
1719462194889,54.3,25
1719462195798,54.4,25
1719462195798,54.4,25
1719462197564,54.45,350
1719462198508,54.6,375
1719462198606,54.65,25
1719462200020,54.3,75
1719462200020,54.3,75
1719462200276,54.6,125
1719462200276,54.6,125
1719462202234,54.2,25
1719462203609,54.0,25
1719462204118,53.9,100
1719462204246,53.8,50
1719462206590,53.65,25
1719462206590,53.65,25
1719462206988,53.8,150
1719462207305,53.55,125
1719462208510,53.9,375
1719462208510,53.9,375
1719462209163,54.05,25
1719462209163,54.05,25
1719462209163,54.05,25
1719462210607,54.0,25
1719462210607,54.0,25
1719462213623,54.0,50
1719462214419,54.0,50
1719462215067,54.0,150
1719462215067,54.0,150
1719462215067,54.0,150
1719462217044,54.05,25
1719462217844,54.0,25
1719462217844,54.0,25
1719462218609,54.05,50
1719462218609,54.05,50
1719462220591,53.8,25
1719462220591,53.8,25
1719462222940,54.1,25
1719462223537,54.1,50
1719462223537,54.1,50
1719462225112,54.15,25
1719462226028,53.75,25
1719462226028,53.75,25
1719462227952,53.8,50
1719462227952,53.8,50
1719462229545,54.0,25
1719462229731,54.2,75
1719462229731,54.2,75
1719462231040,54.3,25
1719462231778,54.05,25
1719462231778,54.05,25
1719462233383,54.35,50
1719462233383,54.35,50
1719462233857,54.3,25
1719462234890,54.25,50
1719462234890,54.25,50
1719462234890,54.25,50
1719462237806,54.5,25
1719462237806,54.5,25
1719462239033,54.35,100
1719462240008,54.35,25
1719462240008,54.35,25
1719462240226,54.05,100
1719462240587,54.1,250
1719462240587,54.1,250
1719462243068,53.75,75
1719462243068,53.75,75
1719462243068,53.75,75
1719462245994,53.8,75
1719462246775,53.4,25
1719462246775,53.4,25
1719462247348,53.7,25
1719462247348,53.7,25
1719462249980,53.55,50
1719462250106,53.6,50
1719462251000,53.9,25
1719462252046,54.5,75
1719462253001,54.7,100
1719462253474,54.6,25
1719462253474,54.6,25
1719462254376,54.4,25
1719462254376,54.4,25
1719462256205,54.45,25
1719462256881,54.6,25
1719462256881,54.6,25
1719462257432,54.5,25
1719462258141,54.5,25
1719462258141,54.5,25
1719462258141,54.5,25
1719462260552,54.4,25
1719462260552,54.4,25
1719462262188,54.2,75
1719462262785,54.45,475
1719462262785,54.45,475
1719462262785,54.45,475
1719462262785,54.45,475
1719462267348,54.25,50
1719462267535,53.85,150
1719462268315,54.25,50
1719462268315,54.25,50
1719462268315,54.25,50
1719462268315,54.25,50
1719462268315,54.25,50
1719462273029,54.0,325
1719462273374,54.25,25
1719462273374,54.25,25
1719462273374,54.25,25
1719462275791,53.85,100
1719462276007,54.1,25
1719462276501,54.2,25
1719462276501,54.2,25
1719462276501,54.2,25
1719462281225,53.25,175
1719462281225,53.25,175
1719462282634,53.2,100
1719462283049,53.3,175
1719462283228,53.3,150
1719462283228,53.3,150
1719462284417,53.6,125
1719462285257,53.65,50
1719462285862,53.3,150
1719462285862,53.3,150
1719462285862,53.3,150
1719462289870,53.0,500
1719462289870,53.0,500
1719462291047,53.0,25
1719462291972,52.7,25
1719462293539,52.95,50
1719462294200,53.1,175
1719462294898,53.3,25
1719462294898,53.3,25
1719462295352,53.3,25
1719462295352,53.3,25
1719462298091,53.1,150
1719462298321,53.1,150
1719462299035,53.0,25
1719462299035,53.0,25
1719462300517,53.2,200
1719462301276,53.3,25
1719462301324,53.1,250
1719462303259,53.15,175
1719462303259,53.15,175
1719462304397,53.0,125
1719462304397,53.0,125
1719462305818,53.0,600
1719462306254,53.1,25
1719462306755,53.15,25
1719462308327,53.15,100
1719462308327,53.15,100
1719462309795,53.35,25
1719462309795,53.35,25
1719462310593,53.05,25
1719462311143,53.0,175
1719462312053,52.5,100
1719462312194,52.15,75
1719462313234,52.0,1000
1719462313675,52.4,75
1719462313999,52.5,100
1719462314679,52.4,25
1719462315813,52.6,50
1719462317126,52.65,75
1719462317126,52.65,75
1719462318396,52.8,25
1719462318396,52.8,25
1719462319340,52.7,100
1719462319771,52.5,25
1719462320153,52.6,25
1719462320153,52.6,25
1719462322195,52.6,25
1719462322807,52.6,50
1719462323640,52.5,50
1719462323940,52.75,225
1719462324417,52.65,100
1719462325216,52.6,25
1719462325721,52.75,25
1719462326816,52.55,25
1719462326816,52.55,25
1719462328111,52.4,25
1719462328642,52.15,100
1719462328642,52.15,100
1719462330008,52.5,50
1719462330008,52.5,50
1719462331151,52.4,100
1719462331631,52.2,400
1719462333057,52.5,25
1719462333690,52.5,25
1719462333974,52.35,25
1719462334864,52.6,125
1719462334864,52.6,125
1719462335825,52.45,150
1719462337068,52.4,500
1719462337068,52.4,500
1719462338010,52.8,75
1719462338318,52.9,75
1719462338318,52.9,75
1719462338318,52.9,75
1719462340928,52.4,25
1719462341742,52.6,25
1719462341742,52.6,25
1719462344895,52.35,25
1719462344895,52.35,25
1719462345574,52.7,25
1719462346259,52.65,50
1719462346259,52.65,50
1719462347403,52.9,25
1719462348524,52.75,75
1719462348524,52.75,75
1719462348524,52.75,75
1719462352351,52.8,50
1719462352670,52.7,75
1719462352670,52.7,75
1719462354057,52.9,25
1719462354996,52.65,25
1719462354996,52.65,25
1719462357019,52.9,200
1719462357019,52.9,200
1719462357019,52.9,200
1719462360039,52.85,75
1719462360039,52.85,75
1719462360039,52.85,75
1719462361119,53.0,50
1719462361119,53.0,50
1719462362737,52.85,100
1719462362737,52.85,100
1719462364147,52.9,50
1719462365045,53.2,25
1719462365045,53.2,25
1719462366355,53.15,25
1719462366355,53.15,25
1719462366355,53.15,25
1719462369691,53.1,50
1719462369859,53.05,650
1719462370254,53.1,25
1719462370254,53.1,25
1719462371979,52.95,50
1719462371979,52.95,50
1719462374647,52.7,25
1719462374647,52.7,25
1719462374647,52.7,25
1719462377580,52.7,50
1719462377580,52.7,50
1719462380297,53.15,25
1719462380297,53.15,25
1719462381956,53.4,25
1719462381956,53.4,25
1719462381956,53.4,25
1719462384562,53.05,25
1719462384562,53.05,25
1719462386125,53.2,75
1719462386125,53.2,75
1719462386125,53.2,75
1719462390188,53.55,25
1719462390188,53.55,25
1719462390188,53.55,25
1719462392620,53.25,75
1719462393232,53.3,25
1719462393559,53.2,25
1719462393559,53.2,25
1719462395225,53.2,25
1719462395366,53.0,25
1719462395366,53.0,25
1719462397044,52.65,25
1719462397044,52.65,25
1719462398728,52.5,25
1719462398728,52.5,25
1719462399853,52.2,25
1719462400341,51.85,25
1719462400872,51.6,100
1719462402194,51.4,25
1719462403280,51.0,100
1719462403280,51.0,100
1719462404320,51.0,150
1719462405086,51.0,200
1719462405086,51.0,200
1719462406916,51.0,250
1719462406916,51.0,250
1719462408590,50.4,25
1719462408590,50.4,25
1719462409008,50.4,25
1719462410309,51.05,75
1719462410478,51.0,100
1719462410748,50.9,25
1719462412126,50.75,25
1719462412126,50.75,25
1719462412573,50.95,75
1719462413900,50.55,50
1719462413997,50.8,25
1719462415342,50.0,100
1719462415417,50.2,75
1719462416349,49.8,50
1719462417219,49.8,25
1719462417424,50.1,75
1719462417947,49.85,150
1719462418796,49.75,275
1719462419140,49.45,25
1719462420000,49.7,25
1719462420000,49.7,25
1719462420505,49.3,250
1719462421190,49.0,50
1719462422216,48.8,250
1719462422390,48.75,25
1719462423130,48.85,75
1719462423620,49.15,75
1719462424133,49.1,25
1719462425136,49.45,25
1719462425467,49.35,25
1719462426120,49.5,25
1719462426949,49.45,25
1719462427511,49.5,25
1719462427841,49.85,100
1719462428290,49.9,25
1719462428290,49.9,25
1719462430152,49.75,75
1719462430447,49.75,75
1719462431101,49.9,500
1719462431312,49.5,75
1719462431312,49.5,75
1719462433165,49.85,50
1719462433165,49.85,50
1719462433165,49.85,50
1719462434824,49.65,25
1719462435420,49.3,25
1719462435569,49.55,25
1719462436983,49.55,50
1719462437892,49.2,500
1719462438924,48.95,75
1719462438924,48.95,75
1719462439332,49.05,75
1719462440540,49.6,50
1719462440789,49.25,150
1719462442311,49.2,125
1719462442732,49.2,100
1719462443820,48.9,100
1719462443820,48.9,100
1719462445355,48.65,25
1719462445510,48.4,50
1719462445986,48.75,225
1719462447341,48.8,25
1719462448370,49.0,300
1719462448370,49.0,300
1719462448370,49.0,300
1719462449402,48.9,100
1719462449402,48.9,100
1719462450418,48.95,25
1719462451245,49.2,25
1719462451245,49.2,25
1719462452577,49.35,25
1719462453958,49.2,25
1719462454001,49.2,25
1719462454856,48.9,125
1719462454856,48.9,125
1719462455764,49.05,75
1719462456965,48.9,50
1719462456965,48.9,50
1719462457839,48.85,25
1719462458742,49.25,125
1719462458742,49.25,125
1719462460376,48.7,300
1719462460376,48.7,300
1719462461052,48.9,25
1719462461494,48.9,50
1719462462228,48.75,25
1719462463042,48.6,25
1719462463859,48.3,75
1719462464087,48.25,25
1719462465128,48.5,125
1719462465128,48.5,125
1719462466367,48.0,100
1719462466573,48.0,500
1719462466573,48.0,500
1719462468166,47.8,150
1719462468800,47.9,100
1719462469146,47.75,25
1719462470104,47.4,25
1719462470104,47.4,25
1719462471184,47.3,25
1719462472015,47.4,25
1719462472015,47.4,25
1719462473206,47.0,75
1719462473960,47.0,100
1719462474379,46.9,225
1719462475156,47.1,150
1719462475514,47.05,50
1719462476186,46.9,50
1719462476678,46.7,50
1719462476678,46.7,50
1719462478379,46.9,25
1719462478970,47.0,300
1719462479210,46.9,75
1719462479941,46.8,25
1719462480565,46.65,50
1719462481517,46.2,25
1719462482256,46.1,25
1719462482256,46.1,25
1719462483281,45.85,25
1719462483919,46.1,50
1719462484295,46.35,50
1719462485370,46.35,25
1719462485544,46.3,25
1719462486100,46.6,25
1719462486886,46.7,25
1719462486886,46.7,25
1719462488137,47.0,25
1719462488829,46.5,25
1719462488829,46.5,25
1719462489465,46.5,25
1719462489465,46.5,25
1719462490919,46.7,25
1719462491766,46.5,100
1719462492834,46.65,25
1719462493891,46.7,50
1719462493891,46.7,50
1719462494680,46.5,100
1719462494680,46.5,100
1719462495932,46.9,100
1719462496858,46.3,25
1719462496858,46.3,25
1719462497946,46.6,25
1719462498767,46.5,25
1719462499369,46.8,25
1719462500352,46.6,25
1719462500447,46.7,25
1719462501350,46.55,25
1719462502028,46.3,25
1719462502298,46.3,25
1719462502727,46.15,25
1719462502727,46.15,25
1719462504381,46.1,100
1719462505151,46.15,300
1719462505406,46.1,100
1719462505816,45.9,25
1719462506695,45.65,25
1719462508589,45.95,25
1719462508589,45.95,25
1719462509375,45.8,100
1719462510206,46.0,25
1719462510206,46.0,25
1719462510206,46.0,25
1719462511277,45.75,25
1719462512250,45.7,25
1719462512250,45.7,25
1719462513255,45.45,25
1719462513745,45.4,200
1719462514341,45.3,25
1719462514866,45.7,50
1719462514866,45.7,50
1719462516391,45.65,50
1719462517206,45.5,100
1719462517626,45.85,25
1719462518686,45.75,25
1719462519138,45.75,25
1719462520443,45.45,25
1719462520443,45.45,25
1719462520931,45.85,25
1719462522136,45.9,25
1719462522136,45.9,25
1719462523326,45.75,25
1719462523952,45.8,25
1719462524304,45.8,25
1719462525131,45.6,25
1719462525414,45.85,50
1719462526102,45.7,25
1719462526699,45.85,75
1719462527804,45.65,25
1719462528483,46.0,25
1719462528483,46.0,25
1719462529801,46.1,825
1719462530665,46.15,50
1719462531075,45.8,25
1719462531965,45.7,150
1719462531965,45.7,150
1719462533779,45.9,50
1719462533971,45.7,25
1719462533971,45.7,25
1719462535244,45.7,25
1719462535500,45.65,25
1719462535500,45.65,25
1719462537174,45.85,25
1719462537174,45.85,25
1719462537630,45.65,250
1719462538693,45.85,50
1719462538693,45.85,50
1719462540173,45.55,25
1719462540173,45.55,25
1719462540173,45.55,25
1719462541190,45.85,25
1719462542050,45.6,25
1719462542341,45.75,100
1719462543045,45.6,100
1719462543045,45.6,100
1719462544656,45.6,350
1719462544656,45.6,350
1719462546564,45.85,1000
1719462546564,45.85,1000
1719462547771,45.7,200
1719462548966,45.75,25
1719462549166,45.8,25
1719462549577,45.9,50
1719462550579,45.55,25
1719462551348,45.5,125
1719462551786,45.5,25
1719462552303,45.4,50
1719462552595,45.35,25
1719462552595,45.35,25
1719462554406,45.4,25
1719462555160,45.3,25
1719462555496,45.2,375
1719462556090,45.4,25
1719462557310,45.2,25
1719462557310,45.2,25
1719462557856,45.4,50
1719462557856,45.4,50
1719462559702,45.3,50
1719462560388,45.5,25
1719462560599,45.55,25
1719462561247,45.4,50
1719462562143,45.35,25
1719462562143,45.35,25
1719462563063,45.4,500
1719462563944,45.15,800
1719462564298,45.1,150
1719462564298,45.1,150
1719462566350,45.1,25
1719462566956,45.15,125
1719462566956,45.15,125
1719462568044,45.05,50
1719462568424,45.3,25
1719462568424,45.3,25
1719462570213,45.05,25
1719462570277,45.1,25
1719462570564,45.05,50
1719462571339,45.05,25
1719462572225,44.7,275
1719462572848,45.15,150
1719462573277,45.0,300
1719462573277,45.0,300
1719462575231,45.2,25
1719462575719,45.35,100
1719462576060,45.2,100
1719462576572,45.3,100
1719462578151,45.9,25
1719462578942,45.8,200
1719462578942,45.8,200
1719462579903,45.8,25
1719462579903,45.8,25
1719462581343,45.5,25
1719462581779,45.65,50
1719462582647,45.85,25
1719462583850,45.5,25
1719462583850,45.5,25
1719462585049,45.5,25
1719462585049,45.5,25
1719462586159,45.55,50
1719462587195,45.3,25
1719462588089,45.55,150
1719462588089,45.55,150
1719462589850,45.45,75
1719462589850,45.45,75
1719462590827,45.3,25
1719462591427,45.3,25
1719462591427,45.3,25
1719462592463,45.55,25
1719462592463,45.55,25
1719462594354,45.45,250
1719462594838,45.3,225
1719462594838,45.3,225
1719462597287,45.5,250
1719462597586,45.35,250
1719462599021,45.1,75
1719462599021,45.1,75
1719462600370,45.0,25
1719462600565,44.75,75
1719462601474,44.4,25
1719462602050,44.3,25
1719462603354,44.75,50
1719462604187,44.95,150
1719462604457,45.1,150
1719462605407,45.1,25
1719462605550,45.3,25
1719462605821,45.15,125
1719462606993,45.15,25
1719462606993,45.15,25
1719462608089,45.3,300
1719462608936,44.95,475
1719462608936,44.95,475
1719462609862,45.25,125
1719462610501,45.45,50
1719462610501,45.45,50
1719462612357,45.3,150
1719462612357,45.3,150
1719462613804,45.2,50
1719462614088,45.3,50
1719462614260,45.2,25
1719462615174,45.15,25
1719462615804,45.0,25
1719462616093,45.05,75
1719462616093,45.05,75
1719462617812,45.3,25
1719462618315,45.15,75
1719462619136,45.3,50
1719462619136,45.3,50
1719462620302,45.6,100
1719462620302,45.6,100
1719462621030,45.3,75
1719462621030,45.3,75
1719462624211,45.6,25
1719462624355,45.6,25
1719462624947,45.6,25
1719462624947,45.6,25
1719462626100,45.45,25
1719462627396,45.35,25
1719462627567,45.35,25
1719462628395,45.05,25
1719462628395,45.05,25
1719462629424,45.25,25
1719462630371,45.25,25
1719462630495,45.2,25
1719462630495,45.2,25
1719462632450,45.0,50
1719462632613,45.05,125
1719462633397,44.85,50
1719462633850,44.95,25
1719462633850,44.95,25
1719462635383,44.9,25
1719462635786,44.85,200
1719462635786,44.85,200
1719462637009,45.15,50
1719462637009,45.15,50
1719462638242,44.9,200
1719462639063,45.15,25
1719462639063,45.15,25
1719462639862,45.35,50
1719462640764,45.3,100
1719462641182,45.25,25
1719462641630,45.4,100
1719462641630,45.4,100
1719462643367,45.3,100
1719462643669,45.4,75
1719462645126,45.2,25
1719462645367,45.35,25
1719462645950,45.2,25
1719462647275,45.0,25
1719462647588,45.05,275
1719462648144,45.25,25
1719462648595,45.15,25
1719462649464,45.2,100
1719462650316,45.35,50
1719462650937,45.35,25
1719462652252,45.1,25
1719462652252,45.1,25
1719462653245,45.2,25
1719462653245,45.2,25
1719462654556,45.25,25
1719462654969,45.35,25
1719462654969,45.35,25
1719462656102,45.25,25
1719462657472,45.0,475
1719462657505,45.0,25
1719462658471,44.65,50
1719462659263,44.7,25
1719462659548,44.5,25
1719462660135,44.3,25
1719462660681,44.4,25
1719462660826,44.15,25
1719462660930,44.15,1275
1719462662358,44.35,100
1719462663295,44.55,25
1719462704940,44.0,50
1719462705852,44.15,225
1719462705852,44.15,225
1719462707349,44.0,50
1719462708290,43.95,50
1719462708785,43.95,50
1719462709200,44.0,100
1719462709684,44.15,175
1719462710636,44.35,100
1719462711255,44.25,75
1719462712298,43.8,25
1719462712298,43.8,25
1719462713205,43.7,50
1719462714097,43.15,25
1719462714421,43.3,75
1719462715472,42.95,100
1719462715897,43.15,200
1719462716372,43.4,50
1719462717461,43.2,25
1719462717461,43.2,25
1719462718267,43.3,25
1719462719103,43.3,25
1719462719103,43.3,25
1719462720004,43.3,25
1719462720004,43.3,25
1719462720004,43.3,25
1719462721436,42.8,375
1719462722356,42.35,125
1719462723490,42.65,50
1719462723926,42.65,25
1719462724671,42.35,25
1719462725236,42.5,25
1719462725981,42.85,25
1719462726264,42.75,25
1719462727329,43.0,75
1719462727561,43.25,700
1719462728192,43.0,100
1719462728983,42.9,25
1719462728983,42.9,25
1719462730710,43.15,25
1719462730710,43.15,25
1719462731637,43.4,200
1719462732415,43.7,50
1719462732415,43.7,50
1719462732790,43.5,175
1719462734106,43.55,50
1719462734106,43.55,50
1719462735055,43.5,75
1719462735947,43.8,250
1719462736522,43.65,25
1719462737248,43.75,25
1719462738055,43.65,200
1719462738055,43.65,200
1719462740928,43.65,50
1719462740928,43.65,50
1719462741665,43.75,50
1719462741665,43.75,50
1719462743050,43.65,25
1719462743851,43.55,575
1719462743851,43.55,575
1719462745021,43.4,25
1719462745190,43.35,25
1719462746020,43.3,25
1719462746384,43.4,25
1719462746595,43.4,125
1719462746595,43.4,125
1719462748763,43.5,25
1719462748763,43.5,25
1719462749990,43.5,25
1719462749990,43.5,25
1719462750754,43.4,50
1719462750754,43.4,50
1719462751329,43.4,150
1719462752172,43.3,25
1719462752363,43.1,75
1719462753554,43.0,25
1719462753737,43.0,375
1719462753737,43.0,375
1719462755341,43.05,225
1719462755912,43.25,50
1719462756429,43.0,200
1719462757288,42.85,25
1719462757385,42.65,25
1719462758006,42.8,25
1719462759161,43.0,25
1719462759263,42.8,125
1719462760990,42.8,250
1719462761087,42.6,250
1719462761257,42.95,25
1719462762447,42.65,75
1719462762642,42.6,75
1719462762968,42.7,250
1719462764341,42.8,25
1719462765522,42.8,50
1719462765689,42.85,25
1719462765689,42.85,25
1719462767295,42.8,50
1719462768541,42.75,150
1719462769022,42.5,25
1719462769022,42.5,25
1719462769620,42.6,100
1719462770997,42.5,25
1719462771489,42.2,450
1719462772467,41.8,25
1719462772467,41.8,25
1719462773420,41.45,100
1719462773988,41.65,250
1719462774542,41.9,25
1719462775587,42.0,25
1719462776000,41.65,300
1719462776332,41.45,50
1719462777251,41.8,800
1719462778488,41.85,25
1719462779295,41.8,25
1719462779526,41.5,125
1719462780399,42.0,25
1719462780981,41.8,200
1719462781335,41.95,25
1719462782131,41.75,50
1719462782417,41.65,75
1719462783320,41.35,25
1719462784169,41.3,25
1719462784475,41.4,25
1719462785310,41.1,50
1719462786012,41.3,425
1719462786596,41.3,25
1719462786968,41.05,75
1719462786968,41.05,75
1719462788559,41.35,25
1719462789211,41.25,100
1719462789339,41.15,375
1719462790696,41.1,25
1719462790988,41.05,50
1719462791574,41.05,300
1719462791842,41.2,50
1719462792542,40.95,50
1719462793019,41.2,25
1719462794116,41.2,100
1719462794310,41.05,125
1719462795004,41.05,25
1719462796053,41.15,25
1719462796345,41.0,50
1719462796965,41.4,25
1719462797585,41.3,150
1719462798051,41.4,25
1719462799099,41.25,75
1719462799524,41.15,25
1719462800144,41.2,50
1719462800922,40.8,50
1719462800922,40.8,50
1719462802538,41.05,75
1719462802682,41.1,25
1719462803497,41.1,25
1719462804075,41.15,25
1719462804940,41.15,50
1719462804940,41.15,50
1719462806148,41.25,100
1719462807394,41.5,100
1719462807394,41.5,100
1719462808516,41.75,25
1719462809008,41.75,750
1719462809515,41.85,25
1719462810210,41.75,25
1719462810692,41.75,25
1719462811054,41.8,275
1719462811282,41.7,225
1719462812389,41.7,100
1719462812739,41.55,50
1719462813555,41.15,100
1719462814112,41.05,250
1719462814456,41.25,425
1719462815586,41.2,25
1719462815815,41.2,100
1719462816352,41.2,25
1719462817342,41.1,25
1719462817342,41.1,25
1719462818221,41.3,75
1719462818999,41.4,25
1719462819519,41.5,25
1719462819519,41.5,25
1719462821501,41.8,25
1719462822495,41.9,25
1719462822731,41.75,350
1719462823703,41.85,25
1719462823703,41.85,25
1719462824392,41.65,25
1719462826010,41.85,75
1719462826010,41.85,75
1719462826430,42.0,25
1719462826430,42.0,25
1719462827796,41.6,50
1719462828826,42.0,75
1719462829230,41.85,375
1719462830283,41.85,150
1719462830682,41.6,100
1719462831473,42.0,75
1719462832519,41.75,25
1719462832720,41.5,75
1719462833506,41.4,25
1719462833506,41.4,25
1719462834774,41.75,100
1719462834971,41.85,25
1719462836068,41.8,25
1719462836356,41.85,25
1719462837212,41.9,450
1719462837212,41.9,450
1719462838181,41.75,100
1719462839267,41.6,50
1719462839620,41.8,200
1719462840601,41.6,100
1719462840782,41.5,25
1719462841497,41.75,25
1719462842117,41.9,100
1719462842740,41.75,25
1719462843087,41.85,500
1719462844041,41.8,250
1719462844434,41.8,25
1719462845217,41.8,150
1719462846143,42.2,25
1719462846503,42.4,25
1719462847416,42.4,625
1719462847745,42.4,25
1719462847831,42.55,50
1719462847831,42.55,50
1719462849995,42.75,75
1719462850289,42.7,150
1719462850766,42.45,25
1719462851533,42.4,25
1719462852091,42.25,50
1719462852091,42.25,50
1719462853160,42.65,50
1719462854519,42.7,25
1719462854656,42.75,25
1719462856075,42.6,50
1719462856348,42.4,450
1719462857289,42.45,125
1719462857406,42.5,25
1719462858073,42.35,25
1719462859588,42.55,50
1719462859588,42.55,50
1719462859856,42.45,25
1719462861007,42.45,25
1719462861007,42.45,25
1719462862501,42.45,25
1719462862799,42.3,250
1719462863238,42.45,200
1719462863457,42.35,50
1719462864574,42.3,125
1719462864665,42.3,50
1719462866092,42.4,100
1719462866092,42.4,100
1719462867389,42.7,75
1719462867469,42.5,100
1719462867469,42.5,100
1719462868708,42.4,100
1719462869535,42.6,25
1719463135058,41.75,25
1719463136642,41.65,75
1719463137463,41.7,50
1719463137739,41.75,100
1719463138500,41.7,25
1719463139727,41.1,175
1719463139727,41.1,175
1719463320770,41.15,25
1719463321614,40.75,175
1719463322486,40.7,875
1719463322807,40.6,50
1719463322807,40.6,50
1719463324856,40.75,25
1719463325054,40.75,50
1719463325172,40.9,25
1719463326668,41.0,25
1719463326668,41.0,25
1719463327114,41.0,150
1719463328155,41.25,25
1719463328595,41.25,25
1719463329782,41.0,25
1719463330503,41.2,25
1719463331260,41.25,25
1719463332814,41.2,25
1719463332814,41.2,25
1719463333755,41.25,25
1719463334555,41.25,25
1719463335091,41.0,400
1719463336475,41.25,25
1719463337578,41.05,25
1719463337578,41.05,25
1719463338415,41.0,50
1719463339060,41.1,25
1719463339862,41.35,300
1719463340534,41.25,25
1719463341649,41.2,50
1719463341649,41.2,50
1719463341649,41.2,50
1719463343846,41.25,75
1719463344882,41.45,75
1719463344921,41.25,50
1719463345413,41.45,25
1719463346706,41.25,50
1719463347526,41.3,75
1719463347873,41.55,75
1719463348811,41.65,450
1719463348918,41.6,25
1719463350406,41.2,25
1719463350925,41.2,75
1719463350925,41.2,75
1719463352502,41.4,100
1719463353108,41.35,25
1719463353649,41.1,25
1719463354862,41.1,25
1719463355197,40.9,75
1719463356127,40.75,25
1719463356127,40.75,25
1719463357542,40.7,25
1719463358175,40.75,25
1719463358868,40.65,25
1719463359527,40.5,100
1719463359527,40.5,100
1719463360639,40.7,25
1719463361595,40.6,25
1719463363008,41.3,325
1719463363288,41.25,25
1719463363614,41.3,25
1719463364436,41.1,25
1719463364436,41.1,25
1719463365023,41.2,100
1719463366587,41.25,25
1719463367009,41.0,75
1719463368030,41.1,125
1719463368030,41.1,125
1719463369600,41.1,50
1719463369600,41.1,50
1719463370619,41.1,25
1719463370824,41.0,50
1719463372908,41.0,50
1719463373064,41.0,25
1719463373527,40.9,25
1719463373527,40.9,25
1719463375026,40.85,25
1719463375554,41.0,100
1719463376654,41.1,100
1719463376986,41.0,75
1719463378048,41.05,500
1719463378715,41.1,50
1719463379468,41.4,50
1719463379888,41.5,25
1719463379888,41.5,25
1719463379888,41.5,25
1719463381100,41.7,50
1719463381100,41.7,50
1719463382573,41.7,250
1719463382573,41.7,250
1719463383526,41.75,25
1719463384890,41.1,50
1719463384951,41.05,50
1719463385994,41.1,500
1719463386753,40.9,25
1719463388058,41.0,25
1719463388058,41.0,25
1719463388411,41.0,25
1719463388962,41.1,25
1719463389882,41.0,125
1719463390444,41.0,50
1719463391132,41.25,425
1719463391132,41.25,425
1719463392041,41.3,25
1719463393053,41.45,25
1719463393053,41.45,25
1719463394279,41.35,125
1719463394279,41.35,125
1719463394279,41.35,125
1719463397913,41.6,300
1719463397913,41.6,300
1719463400195,41.55,25
1719463400852,41.5,25
1719463401311,41.75,25
1719463401311,41.75,25
1719463401311,41.75,25
1719463404321,41.9,25
1719463404523,41.85,25
1719463404523,41.85,25
1719463405381,41.75,25
1719463406457,41.95,25
1719463406457,41.95,25
1719463407538,42.0,25
1719463408089,41.85,25
1719463408700,42.0,25
1719463409341,42.0,25
1719463409341,42.0,25
1719463409341,42.0,25
1719463411148,42.1,25
1719463411561,41.8,25
1719463411561,41.8,25
1719463412273,42.0,25
1719463413070,41.85,25
1719463413713,41.9,75
1719463414743,41.7,50
1719463416362,41.95,50
1719463416362,41.95,50
1719463416710,42.0,1150
1719463417744,42.2,25
1719463418112,42.0,50
1719463418533,42.1,50
1719463419408,42.05,175
1719463419408,42.05,175
1719463421420,42.0,50
1719463421895,41.8,25
1719463422596,42.0,25
1719463422596,42.0,25
1719463422596,42.0,25
1719463425408,42.15,50
1719463425408,42.15,50
1719463427889,42.0,25
1719463428214,42.3,100
1719463428813,42.7,25
1719463429607,42.7,50
1719463430548,42.3,50
1719463431172,42.2,50
1719463431172,42.2,50
1719463433130,42.4,50
1719463433130,42.4,50
1719463434121,42.45,100
1719463434561,42.3,25
1719463435897,42.2,25
1719463436264,42.3,25
1719463436264,42.3,25
1719463437083,42.3,25
1719463437083,42.3,25
1719463438349,42.25,50
1719463438349,42.25,50
1719463440338,42.15,25
1719463440338,42.15,25
1719463441606,42.1,25
1719463441606,42.1,25
1719463442455,42.0,25
1719463443087,42.05,50
1719463443329,42.1,250
1719463444726,42.15,50
1719463444726,42.15,50
1719463445191,42.0,150
1719463446498,42.1,25
1719463446698,42.0,100
1719463447576,42.2,25
1719463447576,42.2,25
1719463448299,42.2,50
1719463449395,42.3,25
1719463451030,42.3,25
1719463451305,42.2,25
1719463451877,42.2,25
1719463452030,42.05,25
1719463452897,42.15,200
1719463453711,42.1,75
1719463453711,42.1,75
1719463454914,42.0,375
1719463455461,42.0,25
1719463456418,42.15,150
1719463458107,42.1,25
1719463458579,42.05,25
1719463458579,42.05,25
1719463460582,42.1,25
1719463460582,42.1,25
1719463461938,42.1,500
1719463462614,42.2,25
1719463462614,42.2,25
1719463463742,42.05,25
1719463464529,42.2,50
1719463464529,42.2,50
1719463465290,42.1,25
1719463466514,42.1,25
1719463467517,42.0,150
1719463467924,42.2,75
1719463467924,42.2,75
1719463469870,42.1,50
1719463469870,42.1,50
1719463470256,41.7,75
1719463470853,41.5,25
1719463471638,41.7,25
1719463471638,41.7,25
1719463472792,41.6,100
1719463473136,41.65,125
1719463473136,41.65,125
1719463474117,41.75,25
1719463474830,41.6,25
1719463474830,41.6,25
1719463476224,41.75,100
1719463476224,41.75,100
1719463477866,41.95,25
1719463478192,42.1,50
1719463478441,42.1,100
1719463478441,42.1,100
1719463480646,42.3,25
1719463481388,42.3,375
1719463483294,42.5,25
1719463483294,42.5,25
1719463483567,42.55,100
1719463484564,42.3,25
1719463484564,42.3,25
1719463485086,42.25,175
1719463485782,42.25,25
1719463485782,42.25,25
1719463486879,42.2,25
1719463486879,42.2,25
1719463488604,42.15,25
1719463488901,42.3,50
1719463488901,42.3,50
1719463488901,42.3,50
1719463491915,42.25,25
1719463492708,42.5,125
1719463492708,42.5,125
1719463493717,42.4,25
1719463494234,42.15,50
1719463494787,42.5,25
1719463495204,42.5,25
1719463495204,42.5,25
1719463497054,42.35,125
1719463497242,42.35,50
1719463497242,42.35,50
1719463498733,42.45,150
1719463499344,42.45,225
1719463499344,42.45,225
1719463499344,42.45,225
1719463501029,42.15,25
1719463501258,42.2,25
1719463501258,42.2,25
1719463502231,42.35,250
1719463503313,42.3,25
1719463503670,42.45,50
1719463504775,42.2,50
1719463505744,42.5,25
1719463506747,42.6,25
1719463506926,42.55,75
1719463507885,42.4,75
1719463508255,42.4,25
1719463508586,42.3,25
1719463509186,42.2,25
1719463509858,42.0,25
1719463510650,42.35,25
1719463511319,42.7,25
1719463512006,42.75,25
1719463513310,42.4,25
1719463513310,42.4,25
1719463514254,42.55,25
1719463514254,42.55,25
1719463515562,42.35,25
1719463515562,42.35,25
1719463517344,42.65,75
1719463517344,42.65,75
1719463518637,42.65,150
1719463519605,42.45,100
1719463519897,42.45,25
1719463520585,42.45,25
1719463521614,42.35,25
1719463522687,42.2,50
1719463523291,42.2,50
1719463523744,42.0,25
1719463524469,42.2,25
1719463525830,42.0,25
1719463526272,42.2,125
1719463527718,41.9,25
1719463528265,41.9,25
1719463528597,41.85,25
1719463529904,42.05,25
1719463530396,42.0,25
1719463530739,41.75,25
1719463531702,41.8,25
1719463532764,41.7,25
1719463533015,41.9,50
1719463533015,41.9,50
1719463534567,42.0,100
1719463534567,42.0,100
1719463535735,41.95,300
1719463536377,42.0,125
1719463537007,41.85,25
1719463537447,41.75,25
1719463538349,41.8,25
1719463538349,41.8,25
1719463539360,41.9,25
1719463539360,41.9,25
1719463541154,41.85,300
1719463541784,42.15,200
1719463543011,42.0,125
1719463543045,42.0,650
1719463543673,42.0,50
1719463544319,42.0,25
1719463546194,42.0,750
1719463546797,42.0,25
1719463547480,42.15,25
1719463547480,42.15,25
1719463548583,42.0,250
1719463549754,41.7,25
1719463550792,41.6,75
1719463550792,41.6,75
1719463552950,42.0,100
1719463552950,42.0,100
1719463554197,42.3,25
1719463554197,42.3,25
1719463555174,42.25,425
1719463555572,42.1,100
1719463556723,42.0,175
1719463556723,42.0,175
1719463559131,42.2,50
1719463559131,42.2,50
1719463559131,42.2,50
1719463561033,42.35,25
1719463561647,42.25,150
1719463562240,42.25,475
1719463562844,42.3,25
1719463562844,42.3,25
1719463564623,42.5,150
1719463565376,42.5,150
1719463566030,42.5,25
1719463567545,42.65,25
1719463568254,42.65,25
1719463568745,42.6,125
1719463569481,42.5,50
1719463570144,42.65,50
1719463570569,42.5,25
1719463571839,42.35,125
1719463572001,42.3,25
1719463572595,42.4,250
1719463573040,42.45,100
1719463573040,42.45,100
1719463574401,42.45,25
1719463575227,42.55,250
1719463575997,42.45,25
1719463575997,42.45,25
1719463577661,42.5,25
1719463578156,42.55,25
1719463578564,42.55,125
1719463579606,42.45,100
1719463579606,42.45,100
1719463580900,42.55,25
1719463581631,42.6,75
1719463582198,42.5,25
1719463583283,42.55,25
1719463583942,42.5,25
1719463584652,42.8,225
1719463584652,42.8,225
1719463586324,42.55,25
1719463586585,42.45,400
1719463587155,42.45,25
1719463587838,42.5,150
1719463587838,42.5,150
1719463589190,42.6,775
1719463590175,42.6,25
1719463590175,42.6,25
1719463590175,42.6,25
1719463591064,42.5,275
1719463592179,42.7,100
1719463592179,42.7,100
1719463593924,42.6,25
1719463594730,42.75,25
1719463594730,42.75,25
1719463595962,42.7,675
1719463595962,42.7,675
1719463597015,42.65,75
1719463597842,42.75,675
1719463597842,42.75,675
1719463598765,42.8,900
1719463599652,42.8,100
1719463600284,42.8,150
1719463600827,42.8,225
1719463600827,42.8,225
1719463602447,42.6,475
1719463602713,42.5,225
1719463602920,42.35,400
1719463603764,42.25,25
1719463604902,42.0,25
1719463605265,41.9,25
1719463605648,41.95,25
1719463606592,41.9,25
1719463606592,41.9,25
1719463607731,42.05,125
1719463607731,42.05,125
1719463609231,42.25,500
1719463609478,42.45,100
1719463609948,42.45,175
1719463610658,42.65,25
1719463611450,42.3,75
1719463611450,42.3,75
1719463612522,42.5,25
1719463612936,42.7,100
1719463612936,42.7,100
1719463612936,42.7,100
1719463615470,42.7,25
1719463615730,42.75,325
1719463616764,42.6,25
1719463617326,42.3,25
1719463617326,42.3,25
1719463620038,42.8,450
1719463620077,42.8,25
1719463620077,42.8,25
1719463621914,43.0,25
1719463622564,42.8,25
1719463622564,42.8,25
1719463625058,43.0,100
1719463626058,43.05,75
1719463626551,43.1,25
1719463626551,43.1,25
1719463628406,42.75,125
1719463628406,42.75,125
1719463629159,42.85,25
1719463629636,42.75,375
1719463630232,42.8,50
1719463630232,42.8,50
1719463631867,42.55,50
1719463631867,42.55,50
1719463632382,42.6,25
1719463633489,42.6,25
1719463633794,42.7,25
1719463634475,42.55,25
1719463635262,42.7,50
1719463635262,42.7,50
1719463636834,42.65,25
1719463636834,42.65,25
1719463637692,42.5,175
1719463638381,42.5,25
1719463638381,42.5,25
1719463640034,42.6,50
1719463640158,42.7,25
1719463640710,42.5,50
1719463641612,42.35,50
1719463642785,42.5,25
1719463643398,42.4,75
1719463643398,42.4,75
1719463644614,42.5,25
1719463645359,42.5,25
1719463645840,42.5,300
1719463646906,42.9,25
1719463647026,42.85,25
1719463647561,42.8,600
1719463648057,43.0,550
1719463648057,43.0,550
1719463649814,43.1,25
1719463649814,43.1,25
1719463650456,43.1,25
1719463651266,43.0,25
1719463651922,42.8,75
1719463651922,42.8,75
1719463651922,42.8,75
1719463653715,43.05,25
1719463654636,43.1,25
1719463655086,43.0,125
1719463656009,43.1,100
1719463656853,43.1,175
1719463657593,43.25,25
1719463658263,43.35,25
1719463658800,43.05,50
1719463658800,43.05,50
1719463661211,43.05,25
1719463661211,43.05,25
1719463662157,43.3,50
1719463662986,43.3,100
1719463663455,43.15,100
1719463663455,43.15,100
1719463664280,43.0,200
1719463665302,43.3,25
1719463665302,43.3,25
1719463666079,43.4,50
1719463666910,43.2,50
1719463666910,43.2,50
1719463666910,43.2,50
1719463666910,43.2,50
1719463670652,43.15,25
1719463671252,43.45,25
1719463671678,43.1,25
1719463672848,43.0,25
1719463673582,42.9,25
1719463673582,42.9,25
1719463674550,42.85,50
1719463675115,43.15,25
1719463675115,43.15,25
1719463676562,43.35,25
1719463676992,43.2,25
1719463677607,43.2,500
1719463677976,43.1,250
1719463678716,43.1,75
1719463679726,43.3,25
1719463680038,43.3,50
1719463680708,43.4,75
1719463681795,43.2,75
1719463682067,43.25,125
1719463683205,43.2,75
1719463683320,43.3,25
1719463683320,43.3,25
1719463684149,43.2,25
1719463685157,43.2,25
1719463685834,43.1,25
1719463686769,42.6,100
1719463686769,42.6,100
1719463687871,42.9,175
1719463687871,42.9,175
1719463688644,42.9,675
1719463689306,43.05,25
1719463690287,42.75,200
1719463690287,42.75,200
1719463690287,42.75,200
1719463692846,43.2,25
1719463693358,43.05,50
1719463693358,43.05,50
1719463694257,43.25,75
1719463694257,43.25,75
1719463695819,43.15,50
1719463696883,43.3,25
1719463696883,43.3,25
1719463697908,42.9,25
1719463698435,42.85,75
1719463698883,42.8,25
1719463700070,42.95,300
1719463700220,43.1,75
1719463700220,43.1,75
1719463701898,43.1,75
1719463701941,43.0,25
1719463702848,42.95,25
1719463703595,42.75,25
1719463703936,42.75,50
1719463704360,42.65,25
1719463704360,42.65,25
1719463706088,42.6,25
1719463706994,42.4,50
1719463707727,42.5,50
1719463707727,42.5,50
1719463709435,42.5,175
1719463710337,42.6,125
1719463711684,42.45,50
1719463711684,42.45,50
1719463712455,42.25,25
1719463712914,42.2,25
1719463713605,42.4,50
1719463713605,42.4,50
1719463714625,42.6,25
1719463714625,42.6,25
1719463716480,42.5,400
1719463716876,42.25,50
1719463716876,42.25,50
1719463717661,42.2,100
1719463718192,42.3,25
1719463718789,42.4,50
1719463719850,42.25,25
1719463720440,42.2,50
1719463720728,42.0,25
1719463721062,42.0,25
1719463721062,42.0,25
1719463721062,42.0,25
1719463723982,42.15,25
1719463724660,42.2,50
1719463725291,42.0,75
1719463725291,42.0,75
1719463726196,42.05,25
1719463727038,42.35,25
1719463727562,42.25,25
1719463727562,42.25,25
1719463728923,42.55,25
1719463728923,42.55,25
1719463730562,42.65,25
1719463731564,42.4,25
1719463731564,42.4,25
1719463733073,42.5,25
1719463733073,42.5,25
1719463733987,42.6,25
1719463734353,42.65,25
1719463735410,42.55,900
1719463735836,42.5,25
1719463736407,42.5,100
1719463736407,42.5,100
1719463737419,42.25,25
1719463737419,42.25,25
1719463739623,42.15,50
1719463740107,42.2,25
1719463740107,42.2,25
1719463740107,42.2,25
1719463742856,42.25,50
1719463742856,42.25,50
1719463743720,42.25,225
1719463744145,42.4,25
1719463745493,42.25,50
1719463745605,42.2,175
1719463746873,42.2,25
1719463746873,42.2,25
1719463747403,42.25,25
1719463748378,42.2,25
1719463748378,42.2,25
1719463749530,42.25,25
1719463750080,42.25,25
1719463750080,42.25,25
1719463751918,42.0,25
1719463751918,42.0,25
1719463752520,42.0,150
1719463753110,42.1,50
1719463753873,42.0,275
1719463754528,42.25,225
1719463754528,42.25,225
1719463754528,42.25,225
1719463757448,42.0,75
1719463757670,42.15,150
1719463757670,42.15,150
1719463758908,42.0,25
1719463760123,41.45,150
1719463760123,41.45,150
1719463761454,41.4,75
1719463761845,41.6,75
1719463762769,41.4,175
1719463763543,41.3,75
1719463763543,41.3,75
1719463764359,41.55,25
1719463765035,41.75,25
1719463765546,41.7,100
1719463766755,41.7,25
1719463767761,41.95,25
1719463768405,42.0,150
1719463768929,42.0,50
1719463769823,41.65,100
1719463770019,41.7,75
1719463770831,41.9,25
1719463771421,41.8,50
1719463771421,41.8,50
1719463772835,41.7,75
1719463773749,41.65,75
1719463773749,41.65,75
1719463774099,41.6,150
1719463774099,41.6,150
1719463776346,41.5,25
1719463776346,41.5,25
1719463777265,41.3,25
1719463778094,41.5,25
1719463778615,41.4,25
1719463778615,41.4,25
1719463779429,41.3,100
1719463780023,41.55,25
1719463780599,41.65,25
1719463781436,41.7,25
1719463781436,41.7,25
1719463782685,41.55,25
1719463782685,41.55,25
1719463782685,41.55,25
1719463782685,41.55,25
1719463788711,41.5,75
1719463789201,41.5,250
1719463789618,41.45,125
1719463789618,41.45,125
1719463790710,41.25,100
1719463791820,41.15,25
1719463792102,41.4,275
1719463792401,41.55,25
1719463793602,41.4,300
1719463793602,41.4,300
1719463794406,41.25,25
1719463794406,41.25,25
1719463796702,41.4,25
1719463797032,41.45,50
1719463797654,41.6,25
1719463798374,41.6,25
1719463798901,41.45,25
1719463799378,41.5,25
1719463800071,41.6,25
1719463800411,41.45,25
1719463800411,41.45,25
1719463800411,41.45,25
1719463802518,41.5,25
1719463803081,41.5,25
1719463803081,41.5,25
1719463804601,41.4,50
1719463804601,41.4,50
1719463806233,41.7,50
1719463806698,41.6,25
1719463806698,41.6,25
1719463807872,41.6,25
1719463808708,41.55,125
1719463808708,41.55,125
1719463810255,41.55,25
1719463810531,41.5,200
1719463810867,41.3,25
1719463810867,41.3,25
1719463812457,41.55,150
1719463813153,41.25,200
1719463813586,41.0,50
1719463813948,40.95,25
1719463814255,40.75,25
1719463815066,41.05,25
1719463815066,41.05,25
1719463816523,41.1,25
1719463816523,41.1,25
1719463817621,41.3,25
1719463818640,41.5,200
1719463818640,41.5,200
1719463819319,41.4,50
1719463820216,41.55,375
1719463820709,41.35,25
1719463821600,41.55,25
1719463821600,41.55,25
1719463821600,41.55,25
1719463824306,41.5,25
1719463824559,41.5,25
1719463824559,41.5,25
1719463824559,41.5,25
1719463827276,41.55,25
1719463827780,41.85,200
1719463827780,41.85,200
1719463828947,42.0,25
1719463829701,41.75,475
1719463830138,42.2,225
1719463830605,42.0,25
1719463830932,42.0,175
1719463831909,41.6,25
1719463832038,41.85,25
1719463832659,41.55,200
1719463832659,41.55,200
1719463833899,41.7,25
1719463835233,41.7,200
1719463835433,41.8,25
1719463835433,41.8,25
1719463836893,41.85,25
1719463836893,41.85,25
1719463837732,42.15,50
1719463838767,42.0,200
1719463838767,42.0,200
1719463839422,42.0,25
1719463839422,42.0,25
1719463839422,42.0,25
1719463842842,42.25,25
1719463843503,42.6,25
1719463843503,42.6,25
1719463844259,42.55,75
1719463845284,42.5,25
1719463846167,42.65,25
1719463847001,42.5,125
1719463847001,42.5,125
1719463847767,42.4,25
1719463847767,42.4,25
1719463849032,42.6,25
1719463850250,42.7,75
1719463850250,42.7,75
1719463850897,42.6,50
1719463851140,42.6,325
1719463852172,42.7,25
1719463852172,42.7,25
1719463853505,42.6,25
1719463853505,42.6,25
1719463854781,42.75,25
1719463854781,42.75,25
1719463856662,42.85,25
1719463857176,42.6,25
1719463857940,42.5,25
1719463858795,42.55,25
1719463858795,42.55,25
1719463859948,42.15,50
1719463860238,42.0,25
1719463860570,42.05,25
1719463860570,42.05,25
1719463861079,42.0,375
1719463861079,42.0,375
1719463862384,41.85,25
1719463862384,41.85,25
1719463865715,42.15,100
1719463866254,42.5,25
1719463866254,42.5,25
1719463867623,42.55,125
1719463867903,42.45,25
1719463868795,42.5,25
1719463868976,42.5,50
1719463869135,42.5,50
1719463870158,42.55,200
1719463870158,42.55,200
1719463870158,42.55,200
1719463870158,42.55,200
1719463874895,42.6,75
1719463874895,42.6,75
1719463875835,42.7,25
1719463876623,42.7,50
1719463876623,42.7,50
1719463878784,42.3,25
1719463878784,42.3,25
1719463880222,42.15,25
1719463880684,42.2,75
1719463880684,42.2,75
1719463880684,42.2,75
1719463882538,42.0,25
1719463883248,41.95,50
1719463883248,41.95,50
1719463884475,41.85,50
1719463884475,41.85,50
1719463886201,41.9,50
1719463886201,41.9,50
1719463887596,41.8,25
1719463888147,41.7,50
1719463888813,41.75,25
1719463888813,41.75,25
1719463888813,41.75,25
1719463890843,41.5,25
1719463890843,41.5,25
1719463893504,41.75,25
1719463893504,41.75,25
1719463895127,42.0,25
1719463895127,42.0,25
1719463896161,42.05,25
1719463896560,42.25,25
1719463897272,42.3,275
1719463897345,42.1,25
1719463897345,42.1,25
1719463899567,41.9,50
1719463900383,42.0,75
1719463900383,42.0,75
1719463900383,42.0,75
1719463902371,41.8,450
1719463902492,41.55,400
1719463902492,41.55,400
1719463902492,41.55,400
1719463906312,41.85,25
1719463906924,41.85,75
1719463906924,41.85,75
1719463907510,41.75,500
1719463907510,41.75,500
1719463910452,41.7,50
1719463910452,41.7,50
1719463910915,41.7,25
1719463911514,41.6,25
1719463911514,41.6,25
1719463913232,41.5,25
1719463913232,41.5,25
1719463914455,41.6,450
1719463915415,41.8,25
1719463915732,41.75,25
1719463915963,41.7,1800
1719463916726,41.7,100
1719463916726,41.7,100
1719463916726,41.7,100
1719463919769,41.85,25
1719463919769,41.85,25
1719463920516,42.0,25
1719463920516,42.0,25
1719463921598,41.8,175
1719463921598,41.8,175
1719463923801,42.0,25
1719463923801,42.0,25
1719463925205,42.1,100
1719463925565,42.1,50
1719463925565,42.1,50
1719463926255,41.85,25
1719463927369,42.0,25
1719463927412,42.1,100
1719463928533,42.15,25
1719463929897,42.1,50
1719463929897,42.1,50
1719463929897,42.1,50
1719463932584,42.0,75
1719463932778,41.75,150
1719463933858,41.8,100
1719463934980,41.6,25
1719463935609,41.25,50
1719463935903,41.25,25
1719463936579,41.3,125
1719463937375,41.6,50
1719463938202,41.7,125
1719463938957,41.75,25
1719463938957,41.75,25
1719463939638,41.9,25
1719463939638,41.9,25
1719463940874,41.8,50
1719463941315,41.85,75
1719463941315,41.85,75
1719463943478,41.85,25
1719463943478,41.85,25
1719463945363,42.1,25
1719463945576,42.1,25
1719463945576,42.1,25
1719463946592,41.95,50
1719463946592,41.95,50
1719463948493,42.2,25
1719463948707,42.25,100
1719463950022,42.25,75
1719463950742,42.25,100
1719463950742,42.25,100
1719463952028,42.1,100
1719463952028,42.1,100
1719463952938,42.25,25
1719463953837,42.25,50
1719463953837,42.25,50
1719463954928,42.3,125
1719463955574,42.4,75
1719463955941,42.5,50
1719463956922,42.6,50
1719463957060,42.6,125
1719463957537,42.6,125
1719463957537,42.6,125
1719463960046,42.6,150
1719463960046,42.6,150
1719463960046,42.6,150
1719463963084,42.8,50
1719463963084,42.8,50
1719463964110,42.65,150
1719463964110,42.65,150
1719463964110,42.65,150
1719463967744,42.5,25
1719463968659,42.6,125
1719463968659,42.6,125
1719463968659,42.6,125
1719463971065,42.65,25
1719463971763,42.85,25
1719463972324,42.85,25
1719463972324,42.85,25
1719463974037,42.9,650
1719463974888,42.65,25
1719463974888,42.65,25
1719463976696,42.75,125
1719463976696,42.75,125
1719463977493,42.7,25
1719463978443,42.75,50
1719463978443,42.75,50
1719463980144,42.3,125
1719463980144,42.3,125
1719463980144,42.3,125
1719463980969,42.45,25
1719463982292,42.45,25
1719463982292,42.45,25
1719463984192,42.5,50
1719463985020,42.65,50
1719463985669,42.4,75
1719463985669,42.4,75
1719463986118,42.45,50
1719463987076,42.5,100
1719463987076,42.5,100
1719463988254,42.85,25
1719463988254,42.85,25
1719463988254,42.85,25
1719463992496,42.6,350
1719463992786,42.75,25
1719463992786,42.75,25
1719463994342,42.85,975
1719463995860,42.8,25
1719463995860,42.8,25
1719463995860,42.8,25
1719463998218,42.75,25
1719463998409,42.8,25
1719464000021,42.9,25
1719464000683,42.95,75
1719464001422,43.0,25
1719464001636,42.9,250
1719464002430,42.7,25
1719464002596,42.7,25
1719464003585,42.7,25
1719464003585,42.7,25
1719464004458,42.85,25
1719464005579,42.9,25
1719464005966,42.85,25
1719464006772,42.65,50
1719464007483,42.75,25
1719464007483,42.75,25
1719464008671,42.85,25
1719464008671,42.85,25
1719464010811,42.8,25
1719464012272,42.9,150
1719464012999,42.8,25
1719464013982,42.65,25
1719464014457,42.8,25
1719464015561,42.6,200
1719464016044,42.75,50
1719464017456,42.6,500
1719464018024,42.55,25
1719464018584,42.5,25
1719464018584,42.5,25
1719464019274,42.5,25
1719464019274,42.5,25
1719464021606,42.2,100
1719464022478,42.2,25
1719464022478,42.2,25
1719464022984,42.15,25
1719464024046,42.25,100
1719464024528,42.35,75
1719464025534,42.5,25
1719464025534,42.5,25
1719464025534,42.5,25
1719464028884,42.6,100
1719464029555,42.4,200
1719464029555,42.4,200
1719464031410,42.55,25
1719464031732,42.6,100
1719464031732,42.6,100
1719464031732,42.6,100
1719464034153,42.6,25
1719464034153,42.6,25
1719464034153,42.6,25
1719464034153,42.6,25
1719464039384,42.8,25
1719464039908,42.6,25
1719464039908,42.6,25
1719464040729,42.7,25
1719464041072,42.85,25
1719464041072,42.85,25
1719464042627,42.6,100
1719464043153,42.8,25
1719464043913,42.6,25
1719464044504,42.9,25
1719464044504,42.9,25
1719464044504,42.9,25
1719464044504,42.9,25
1719464049627,42.9,25
1719464050888,42.95,100
1719464052380,43.0,25
1719464052640,42.9,25
1719464053671,43.0,500
1719464054743,42.6,25
1719464054743,42.6,25
1719464056003,42.6,25
1719464056758,42.55,100
1719464056758,42.55,100
1719464057959,42.5,25
1719464058833,42.55,100
1719464060045,42.7,100
1719464060386,42.9,25
1719464060956,42.8,250
1719464061791,43.0,200
1719464061791,43.0,200
1719464061791,43.0,200
1719464061791,43.0,200
1719464061791,43.0,200
1719464069072,42.9,75
1719464069800,43.1,300
1719464069800,43.1,300
1719464070518,43.0,250
1719464070518,43.0,250
1719464070518,43.0,250
1719464073304,43.1,50
1719464073879,43.0,25
1719464073879,43.0,25
1719464073879,43.0,25
1719464077029,43.15,25
1719464077234,43.05,25
1719464077773,42.95,25
1719464077773,42.95,25
1719464079248,43.0,100
1719464080303,43.2,50
1719464080303,43.2,50
1719464080868,42.95,250
1719464081815,43.0,50
1719464082509,43.2,100
1719464082967,43.15,250
1719464083448,43.2,25
1719464085069,43.35,25
1719464085481,43.3,50
1719464085481,43.3,50
1719464086219,43.25,25
1719464086219,43.25,25
1719464086219,43.25,25
1719464090489,43.0,75
1719464090489,43.0,75
1719464092055,43.0,275
1719464092362,42.8,25
1719464092362,42.8,25
1719464093655,42.7,25
1719464093655,42.7,25
1719464095283,42.5,25
1719464095571,42.5,100
1719464095571,42.5,100
1719464095571,42.5,100
1719464099319,42.65,25
1719464100101,42.8,25
1719464100434,42.6,50
1719464100434,42.6,50
1719464102212,42.6,125
1719464102212,42.6,125
1719464103513,42.45,25
1719464103513,42.45,25
1719464104875,42.5,25
1719464104875,42.5,25
1719464106255,42.5,25
1719464106782,42.5,125
1719464106782,42.5,125
1719464107833,42.6,25
1719464108172,42.6,25
1719464109980,42.7,25
1719464110432,42.65,25
1719464110432,42.65,25
1719464111715,42.7,100
1719464112272,42.6,25
1719464112272,42.6,25
1719464114254,42.85,25
1719464114254,42.85,25
1719464115071,42.75,25
1719464115071,42.75,25
1719464115071,42.75,25
1719464119015,42.4,25
1719464119015,42.4,25
1719464119637,42.55,25
1719464120652,42.15,75
1719464120652,42.15,75
1719464121939,42.15,50
1719464121939,42.15,50
1719464122688,42.5,25
1719464124228,42.75,150
1719464124690,42.7,400
1719464125400,42.6,25
1719464125400,42.6,25
1719464126787,42.55,75
1719464126787,42.55,75
1719464127515,42.45,175
1719464128351,42.65,100
1719464128351,42.65,100
1719464129359,42.7,25
1719464129359,42.7,25
1719464129359,42.7,25
1719464131866,42.8,200
1719464131866,42.8,200
1719464133235,43.0,50
1719464133610,43.1,75
1719464133610,43.1,75
1719464133610,43.1,75
1719464137045,43.2,25
1719464137325,43.25,50
1719464138127,43.2,75
1719464138606,43.25,100
1719464138606,43.25,100
1719464140081,43.45,50
1719464140649,43.4,25
1719464140649,43.4,25
1719464140649,43.4,25
1719464142810,43.25,175
1719464143434,43.1,50
1719464144033,43.0,50
1719464144033,43.0,50
1719464144740,42.75,50
1719464145847,42.85,25
1719464145847,42.85,25
1719464147041,42.9,25
1719464147041,42.9,25
1719464147584,42.85,100
1719464148641,42.9,50
1719464148641,42.9,50
1719464148641,42.9,50
1719464152900,42.9,125
1719464153099,42.8,25
1719464154064,42.75,125
1719464154064,42.75,125
1719464154716,42.7,550
1719464155810,43.2,100
1719464155810,43.2,100
1719464156909,43.2,125
1719464156909,43.2,125
1719464157569,43.2,800
1719464158476,43.25,100
1719464158476,43.25,100
1719464158476,43.25,100
1719464158476,43.25,100
1719464161268,43.0,25
1719464161992,43.2,100
1719464161992,43.2,100
1719464163481,43.0,25
1719464164008,42.95,125
1719464164008,42.95,125
1719464165578,43.0,100
1719464165578,43.0,100
1719464166255,43.1,25
1719464167064,43.25,25
1719464167064,43.25,25
1719464168536,43.1,150
1719464168536,43.1,150
1719464169564,43.0,25
1719464170079,43.0,400
1719464170079,43.0,400
1719464171441,43.0,1100
1719464172051,43.1,25
1719464172051,43.1,25
1719464173562,43.0,100
1719464173911,43.1,125
1719464173911,43.1,125
1719464174716,42.95,25
1719464174716,42.95,25
1719464177463,43.25,75
1719464177941,43.2,25
1719464177941,43.2,25
1719464179598,43.2,400
1719464180762,42.9,25
1719464180762,42.9,25
1719464180762,42.9,25
1719464183873,42.8,250
1719464184174,42.75,150
1719464184343,42.6,25
1719464184959,42.8,25
1719464185765,42.9,650
1719464186107,42.9,450
1719464186107,42.9,450
1719464187749,42.95,175
1719464188102,43.05,25
1719464188717,43.1,50
1719464190031,43.0,50
1719464190634,43.25,50
1719464190634,43.25,50
1719464192079,43.2,25
1719464192518,43.1,25
1719464192634,43.2,200
1719464193580,43.25,500
1719464193580,43.25,500
1719464195892,42.95,1250
1719464196205,42.9,25
1719464196205,42.9,25
1719464197910,42.95,25
1719464198130,42.85,475
1719464199181,42.9,100
1719464199864,43.0,25
1719464200892,43.0,400
1719464200892,43.0,400
1719464201394,43.25,25
1719464202406,43.2,150
1719464202406,43.2,150
1719464202406,43.2,150
1719464204432,43.15,50
1719464205164,43.0,25
1719464205929,43.0,25
1719464205929,43.0,25
1719464206654,43.0,650
1719464206654,43.0,650
1719464208215,42.9,25
1719464208215,42.9,25
1719464210201,42.8,225
1719464210866,42.8,25
1719464210866,42.8,25
1719464211773,42.85,50
1719464211773,42.85,50
1719464213391,43.0,100
1719464213391,43.0,100
1719464213391,43.0,100
1719464213391,43.0,100
1719464216452,43.0,25
1719464216611,42.85,25
1719464216611,42.85,25
1719464218350,42.5,25
1719464218871,42.5,25
1719464218871,42.5,25
1719464221124,42.5,25
1719464221124,42.5,25
1719464223153,42.35,25
1719464224078,42.3,25
1719464224078,42.3,25
1719464225141,42.5,200
1719464225368,42.3,100
1719464226254,42.25,25
1719464227046,42.1,400
1719464227588,42.15,50
1719464228139,42.0,250
1719464229138,41.95,25
1719464229660,41.95,100
1719464230295,41.8,25
1719464230295,41.8,25
1719464231990,41.7,25
1719464231990,41.7,25
1719464233324,41.85,50
1719464233859,41.85,75
1719464233859,41.85,75
1719464234712,41.75,25
1719464235829,41.75,25
1719464235829,41.75,25
1719464235829,41.75,25
1719464238367,41.65,50
1719464238367,41.65,50
1719464239928,41.6,25
1719464240797,41.85,25
1719464240855,41.85,25
1719464240855,41.85,25
1719464242171,41.65,25
1719464242171,41.65,25
1719464242922,41.65,250
1719464244130,41.75,25
1719464244130,41.75,25
1719464247017,41.15,100
1719464247017,41.15,100
1719464248226,41.0,275
1719464249403,40.3,175
1719464250316,40.85,125
1719464250608,40.7,75
1719464250608,40.7,75
1719464251210,40.3,200
1719464251885,40.7,25
1719464252401,40.8,200
1719464253402,40.5,150
1719464254404,40.35,150
1719464254404,40.35,150
1719464254942,40.35,500
1719464256008,40.5,275
1719464256008,40.5,275
1719464256910,40.75,75
1719464257607,40.5,200
1719464257800,40.45,25
1719464258986,40.3,125
1719464258986,40.3,125
1719464260031,40.75,25
1719464260031,40.75,25
1719464261528,40.7,250
1719464261528,40.7,250
1719464263307,40.5,100
1719464264431,40.55,100
1719464264952,40.5,25
1719464265676,40.45,100
1719464265676,40.45,100
1719464267133,40.6,25
1719464267607,40.6,25
1719464267607,40.6,25
1719464268285,40.4,25
1719464269456,40.4,50
1719464269756,40.25,450
1719464270678,40.7,25
1719464271168,40.6,475
1719464271909,40.7,125
1719464272617,40.75,125
1719464272888,40.75,100
1719464272888,40.75,100
1719464275444,40.8,450
1719464275444,40.8,450
1719464275444,40.8,450
1719464275444,40.8,450
1719464279944,41.3,25
1719464279944,41.3,25
1719464279944,41.3,25
1719464281225,40.95,25
1719464282161,40.9,25
1719464282450,40.65,150
1719464282450,40.65,150
1719464282450,40.65,150
1719464285607,41.05,100
1719464285607,41.05,100
1719464286654,40.8,175
1719464286654,40.8,175
1719464288278,40.95,25
1719464289004,40.95,25
1719464289004,40.95,25
1719464289927,40.8,25
1719464291120,40.8,25
1719464291120,40.8,25
1719464292395,40.2,350
1719464292715,40.35,150
1719464292936,40.25,25
1719464294156,40.65,25
1719464294156,40.65,25
1719464295561,40.7,25
1719464295561,40.7,25
1719464297034,40.85,25
1719464297149,40.65,225
1719464297340,40.6,300
1719464298206,40.4,25
1719464298206,40.4,25
1719464299646,40.5,25
1719464300194,40.5,25
1719464301247,40.6,25
1719464301247,40.6,25
1719464302548,40.75,25
1719464302548,40.75,25
1719464304428,40.5,25
1719464305240,40.7,1050
1719464305240,40.7,1050
1719464306364,40.8,25
1719464307247,40.75,50
1719464307247,40.75,50
1719464309106,40.65,125
1719464309338,40.7,25
1719464310208,40.55,75
1719464311137,40.4,25
1719464311137,40.4,25
1719464312245,40.25,200
1719464312245,40.25,200
1719464313220,40.45,25
1719464313448,40.5,25
1719464314400,40.1,125
1719464314400,40.1,125
1719464315675,40.35,25
1719464316428,40.35,25
1719464316566,40.35,25
1719464317566,40.15,200
1719464318123,40.25,800
1719464318584,40.4,75
1719464318584,40.4,75
1719464320043,40.35,100
1719464320043,40.35,100
1719464321457,40.2,25
1719464321827,40.35,25
1719464322366,40.3,50
1719464323439,40.05,200
1719464324459,40.5,150
1719464324459,40.5,150
1719464325179,40.55,25
1719464325179,40.55,25
1719464327379,40.8,775
1719464327379,40.8,775
1719464328358,41.0,750
1719464329407,41.2,25
1719464329914,41.4,25
1719464329914,41.4,25
1719464331669,40.9,50
1719464332323,40.7,150
1719464332323,40.7,150
1719464333055,40.5,250
1719464333851,40.45,325
1719464334480,40.65,100
1719464334480,40.65,100
1719464334480,40.65,100
1719464334480,40.65,100
1719464337891,40.95,75
1719464338590,40.75,25
1719464338784,40.7,500
1719464338784,40.7,500
1719464340199,40.6,50
1719464340199,40.6,50
1719464340707,40.8,175
1719464341878,40.7,100
1719464341878,40.7,100
1719464343543,40.7,75
1719464344598,41.0,25
1719464344652,41.05,25
1719464345088,40.8,150
1719464345914,40.8,25
1719464346404,40.85,250
1719464347477,40.8,200
1719464347753,40.9,25
1719464348039,40.85,25
1719464348843,41.0,50
1719464348843,41.0,50
1719464350388,40.85,100
1719464351122,40.8,25
1719464351122,40.8,25
1719464352254,40.85,25
1719464352552,40.85,25
1719464352882,40.85,25
1719464354348,40.8,200
1719464354348,40.8,200
1719464354828,40.8,100
1719464355317,40.85,25
1719464356852,40.9,100
1719464357699,41.0,100
1719464357933,40.95,125
1719464358629,41.0,25
1719464359469,40.85,25
1719464360235,40.8,100
1719464360683,40.95,50
1719464360683,40.95,50
1719464362077,40.5,25
1719464362754,40.75,250
1719464362991,41.0,25
1719464364215,40.85,475
1719464364318,40.75,150
1719464364318,40.75,150
1719464364318,40.75,150
1719464367474,40.95,25
1719464367474,40.95,25
1719464368412,40.95,125
1719464368412,40.95,125
1719464369724,40.85,200
1719464370353,41.0,25
1719464370353,41.0,25
1719464371665,40.8,50
1719464372026,41.0,125
1719464372026,41.0,125
1719464373198,40.85,25
1719464373682,40.9,50
1719464373682,40.9,50
1719464374889,40.9,25
1719464375536,41.05,50
1719464375536,41.05,50
1719464377442,41.0,25
1719464377442,41.0,25
1719464378210,41.0,650
1719464379128,41.15,25
1719464379462,41.05,125
1719464380013,41.2,25
1719464380649,40.9,50
1719464382196,40.95,50
1719464382691,40.9,100
1719464382691,40.9,100
1719464384474,41.2,100
1719464384474,41.2,100
1719464384936,41.2,50
1719464384936,41.2,50
1719464386461,41.1,50
1719464386920,41.15,50
1719464387810,41.15,25
1719464388303,41.15,25
1719464388871,41.15,375
1719464388871,41.15,375
1719464390276,41.1,75
1719464391254,40.95,50
1719464392427,41.0,25
1719464392427,41.0,25
1719464393051,41.0,25
1719464394015,40.9,500
1719464394015,40.9,500
1719464395905,41.0,25
1719464395905,41.0,25
1719464395905,41.0,25
1719464398077,40.8,150
1719464398207,40.9,25
1719464399009,40.65,25
1719464399009,40.65,25
1719464400235,41.0,125
1719464400235,41.0,125
1719464401252,40.95,550
1719464401252,40.95,550
1719464402413,41.1,25
1719464402606,41.1,25
1719464402606,41.1,25
1719464404146,40.9,50
1719464404146,40.9,50
1719464405052,41.05,25
1719464405052,41.05,25
1719464406791,40.75,50
1719464406932,40.8,25
1719464407459,40.85,25
1719464408503,41.0,25
1719464409253,40.95,25
1719464409503,40.9,25
1719464409503,40.9,25
1719464411276,41.1,100
1719464412107,41.0,75
1719464412630,41.05,75
1719464413171,41.05,50
1719464413856,41.25,25
1719464413856,41.25,25
1719464413856,41.25,25
1719464417471,41.15,75
1719464417655,41.15,50
1719464417655,41.15,50
1719464419581,41.0,50
1719464420321,41.1,75
1719464421253,41.1,25
1719464422261,41.1,25
1719464422261,41.1,25
1719464423699,41.15,25
1719464423861,41.15,25
1719464424576,41.05,25
1719464425292,41.05,25
1719464426291,40.95,25
1719464427248,40.95,25
1719464427248,40.95,25
1719464428181,41.0,25
1719464428845,40.95,25
1719464429671,40.95,50
1719464430176,40.95,75
1719464430176,40.95,75
1719464431318,40.9,200
1719464431837,40.9,25
1719464432822,40.8,25
1719464433014,40.8,25
1719464434046,40.75,75
1719464434592,40.6,175
1719464435322,40.6,100
1719464435880,40.6,225
1719464435880,40.6,225
1719464438109,40.55,75
1719464438357,40.4,25
1719464439221,40.7,75
1719464439221,40.7,75
1719464440052,40.4,125
1719464440953,40.6,100
1719464442213,40.4,50
1719464442901,40.7,75
1719464443070,40.4,100
1719464444011,40.8,75
1719464444630,40.8,25
1719464445170,40.75,25
1719464445578,40.8,25
1719464446807,40.6,350
1719464447957,40.85,25
1719464447957,40.85,25
1719464448839,40.6,25
1719464449560,40.65,125
1719464449560,40.65,125
1719464451161,40.65,75
1719464452168,40.75,25
1719464452509,40.6,25
1719464452509,40.6,25
1719464454513,40.75,25
1719464454682,40.65,50
1719464455118,40.85,75
1719464456020,40.75,25
1719464456020,40.75,25
1719464456823,40.75,25
1719464456823,40.75,25
1719464458387,40.75,25
1719464459495,40.9,25
1719464459495,40.9,25
1719464460018,40.65,100
1719464460018,40.65,100
1719464460018,40.65,100
1719464461645,40.85,25
1719464462415,40.8,25
1719464462415,40.8,25
1719464463209,40.95,25
1719464463209,40.95,25
1719464465906,40.85,25
1719464466254,40.8,25
1719464466503,40.75,25
1719464467004,40.6,25
1719464467562,40.7,50
1719464468320,40.75,25
1719464468320,40.75,25
1719464468320,40.75,25
1719464471658,40.4,125
1719464472180,40.4,175
1719464472437,40.55,325
1719464472437,40.55,325
1719464474176,40.4,25
1719464474176,40.4,25
1719464475616,40.45,200
1719464475616,40.45,200
1719464476906,40.25,250
1719464477245,40.6,25
1719464477592,40.55,25
1719464477592,40.55,25
1719464479190,40.5,25
1719464479693,40.5,50
1719464479693,40.5,50
1719464479693,40.5,50
1719464479693,40.5,50
1719464483574,40.65,200
1719464484341,40.75,25
1719464484779,40.55,25
1719464485297,40.45,50
1719464485529,40.6,25
1719464488105,40.55,200
1719464488105,40.55,200
1719464488105,40.55,200
1719464491130,40.65,350
1719464491130,40.65,350
1719464491130,40.65,350
1719465023540,46.45,225
1719465023540,46.45,225
1719465024595,46.85,25
1719465025111,47.0,125
1719465025633,47.5,25
1719465026926,47.35,50
1719465027046,47.2,300
1719465027879,46.55,100
1719465029364,46.3,50
1719465030124,45.95,25
1719465030124,45.95,25
1719465030124,45.95,25
1719465030124,45.95,25
1719465032725,46.05,125
1719465032725,46.05,125
1719465033794,46.05,25
1719465034667,45.95,25
1719465035052,46.1,25
1719465035278,45.95,25
1719465036358,45.7,75
1719465036941,45.5,25
1719465036941,45.5,25
1719465037867,45.75,25
1719465039298,45.7,250
1719465039787,45.8,325
1719465040521,46.0,150
1719465041662,46.0,75
1719465041662,46.0,75
1719465042262,45.7,100
1719465043364,45.9,25
1719465044300,46.15,100
1719465044300,46.15,100
1719465046454,46.05,250
1719465047032,45.9,25
1719465047032,45.9,25
1719465047032,45.9,25
1719465049237,46.05,275
1719465050150,45.55,50
1719465050882,45.5,25
1719465051263,45.55,25
1719465052004,45.55,50
1719465052004,45.55,50
1719465053410,45.45,25
1719465053410,45.45,25
1719465053924,45.0,200
1719465055036,45.5,50
1719465055338,45.55,25
1719465056278,45.95,25
1719465056278,45.95,25
1719465057591,46.45,500
1719465058689,46.75,150
1719465058771,46.65,25
1719465059580,47.2,175
1719465059580,47.2,175
1719465060316,47.1,25
1719465060703,47.3,75
1719465060703,47.3,75
1719465060703,47.3,75
1719465063994,46.9,25
1719465064322,46.95,25
1719465064847,46.75,25
1719465064847,46.75,25
1719465065995,46.95,25
1719465065995,46.95,25
1719465068568,47.15,25
1719465068568,47.15,25
1719465068568,47.15,25
1719465071133,47.0,200
1719465071133,47.0,200
1719465073073,46.85,25
1719465073073,46.85,25
1719465074504,47.0,50
1719465075128,46.9,200
1719465075128,46.9,200
1719465075932,46.7,150
1719465075932,46.7,150
1719465077621,47.1,25
1719465078206,47.05,250
1719465078206,47.05,250
1719465080162,46.85,250
1719465080694,46.75,25
1719465080694,46.75,25
1719465080694,46.75,25
1719465084900,47.0,200
1719465084900,47.0,200
1719465085600,46.95,250
1719465086511,47.35,575
1719465086879,47.2,50
1719465086879,47.2,50
1719465088033,47.05,300
1719465088033,47.05,300
1719465089370,47.0,100
1719465089370,47.0,100
1719465089370,47.0,100
1719465090515,47.2,1000
1719465091226,47.4,150
1719465091652,47.2,200
1719465092539,47.5,200
1719465093436,47.7,300
1719465094593,47.45,25
1719465095263,47.5,250
1719465095578,47.5,25
1719465096564,47.25,25
1719465096837,47.1,125
1719465096837,47.1,125
1719465098575,47.5,50
1719465098753,47.6,100
1719465099268,47.85,25
1719465099910,47.8,25
1719465099910,47.8,25
1719465101446,47.9,50
1719465101940,48.0,200
1719465102637,48.2,25
1719465103697,48.0,150
1719465103697,48.0,150
1719465104384,47.6,75
1719465105279,47.7,25
1719465105279,47.7,25
1719465106605,47.8,75
1719465106884,47.75,25
1719465107590,47.65,25
1719465108431,47.65,25
1719465108431,47.65,25
1719465109583,48.0,75
1719465109783,47.95,350
1719465109783,47.95,350
1719465111578,47.6,75
1719465111578,47.6,75
1719465112577,47.9,75
1719465113649,47.85,150
1719465113649,47.85,150
1719465114049,47.75,25
1719465115035,48.1,100
1719465115376,47.85,25
1719465116445,48.25,200
1719465116879,47.85,250
1719465117631,48.3,125
1719465118066,48.15,50
1719465118703,48.5,100
1719465119088,48.7,150
1719465120238,47.85,25
1719465120390,47.8,25
1719465120390,47.8,25
1719465121566,47.85,25
1719465121949,47.7,100
1719465122446,47.7,200
1719465123686,47.35,150
1719465123686,47.35,150
1719465124440,47.35,200
1719465125340,47.4,25
1719465125340,47.4,25
1719465126637,48.0,25
1719465126637,48.0,25
1719465127790,48.0,75
1719465127790,48.0,75
1719465128908,48.05,650
1719465129317,48.1,150
1719465129317,48.1,150
1719465130970,48.1,25
1719465131630,48.1,25
1719465131992,48.3,25
1719465132791,47.85,25
1719465133456,47.7,25
1719465133791,47.45,100
1719465134643,47.4,25
1719465135373,47.5,100
1719465135617,47.65,25
1719465136313,47.75,25
1719465136313,47.75,25
1719465137340,47.8,25
1719465138602,47.75,25
1719465139457,47.45,25
1719465139923,47.2,100
1719465140587,47.4,25
1719465141592,47.6,25
1719465141847,47.75,550
1719465142164,47.8,50
1719465143597,48.1,125
1719465144568,48.3,100
1719465145391,47.75,50
1719465145647,47.5,25
1719465146837,47.4,100
1719465147032,47.55,50
1719465147513,47.45,100
1719465147965,47.65,25
1719465149539,47.3,50
1719465150135,46.9,100
1719465150483,47.0,25
1719465150883,47.05,100
1719465151767,47.05,25
1719465152587,47.0,75
1719465153594,46.95,75
1719465153594,46.95,75
1719465154257,46.95,275
1719465155024,47.0,100
1719465155572,47.1,25
1719465155572,47.1,25
1719465157240,47.1,450
1719465157462,47.25,50
1719465158278,47.35,125
1719465159569,47.35,75
1719465160214,47.3,75
1719465160214,47.3,75
1719465161307,47.1,25
1719465161810,47.25,25
1719465162146,47.0,75
1719465163546,47.05,75
1719465163546,47.05,75
1719465164584,47.15,25
1719465164584,47.15,25
1719465166583,47.1,50
1719465166583,47.1,50
1719465167904,47.3,25
1719465168510,47.5,75
1719465169422,47.65,50
1719465169915,47.65,25
1719465169915,47.65,25
1719465171277,47.75,225
1719465171277,47.75,225
1719465172506,47.8,100
1719465172955,47.95,100
1719465174589,47.8,25
1719465174589,47.8,25
1719465175570,47.75,100
1719465175570,47.75,100
1719465177595,47.6,25
1719465178586,47.65,100
1719465179482,47.9,100
1719465179482,47.9,100
1719465180596,47.85,100
1719465181822,47.3,25
1719465182039,47.5,75
1719465182868,47.4,25
1719465183678,47.15,75
1719465184026,47.25,75
1719465184980,47.4,100
1719465185868,47.25,100
1719465186579,47.2,25
1719465186742,47.2,25
1719465187553,47.05,25
1719465188271,47.25,25
1719465188271,47.25,25
1719465189828,47.0,25
1719465190151,47.4,650
1719465190151,47.4,650
1719465191472,47.55,100
1719465191472,47.55,100
1719465192367,46.9,200
1719465192913,47.1,400
1719465194915,47.25,50
1719465194915,47.25,50
1719465195625,46.95,25
1719465196039,47.05,50
1719465196039,47.05,50
1719465197851,47.25,50
1719465198618,47.55,100
1719465198844,47.55,150
1719465200046,48.0,500
1719465200046,48.0,500
1719465201873,48.3,25
1719465201873,48.3,25
1719465201873,48.3,25
1719465203326,49.0,100
1719465203791,48.9,100
1719465204497,48.9,25
1719465204497,48.9,25
1719465205686,48.55,25
1719465207094,48.9,25
1719465207246,48.65,125
1719465207738,49.0,25
1719465208102,49.2,25
1719465208737,48.95,25
1719465209191,49.3,450
1719465209191,49.3,450
1719465210571,48.9,25
1719465211608,49.2,75
1719465211608,49.2,75
1719465212772,49.35,250
1719465213360,50.0,100
1719465213360,50.0,100
1719465214230,50.0,25
1719465215186,50.5,200
1719465215652,50.85,475
1719465216139,52.05,25
1719465216139,52.05,25
1719465216241,52.5,25
1719465218730,52.7,25
1719465218818,52.75,25
1719465219849,53.65,25
1719465220538,53.6,25
1719465220621,53.8,25
1719465221792,53.45,850
1719465222138,53.0,25
1719465223011,52.95,150
1719465223884,52.8,375
1719465224895,53.6,150
1719465225521,53.4,25
1719465225983,53.35,25
1719465226743,53.65,25
1719465228014,54.5,50
1719465228740,55.6,25
1719465228878,56.95,50
1719465229113,57.25,125
1719465230190,54.85,150
1719465231087,54.5,50
1719465231522,54.5,25
1719465232163,54.95,150
1719465232569,54.35,100
1719465233746,54.6,25
1719465234676,54.55,25
1719465235557,55.0,100
1719465235823,55.0,25
1719465236859,56.7,100
1719465237174,57.0,25
1719465238079,57.0,25
1719465238456,56.4,25
1719465239782,55.9,50
1719465239782,55.9,50
1719465240470,57.0,25
1719465240939,57.1,25
1719465242018,57.2,25
1719465242972,56.35,75
1719465243704,56.25,475
1719465243704,56.25,475
1719465244598,56.2,25
1719465245169,55.5,100
1719465245169,55.5,100
1719465247043,56.25,225
1719465247194,55.95,225
1719465247576,55.7,175
1719465247870,55.65,25
1719465248697,55.7,25
1719465249472,56.0,25
1719465249472,56.0,25
1719465250569,56.8,25
1719465251602,56.8,25
1719465251752,56.6,50
1719465252848,57.35,375
1719465253476,58.4,25
1719465253633,57.75,50
1719465254616,56.9,100
1719465255378,57.1,100
1719465255803,56.9,50
1719465256688,56.8,25
1719465256688,56.8,25
1719465257859,56.55,125
1719465258545,56.55,25
1719465258938,56.1,25
1719465259812,57.05,25
1719465260221,56.95,150
1719465260621,56.95,100
1719465261387,56.9,25
1719465261387,56.9,25
1719465262219,56.45,200
1719465263437,57.3,25
1719465263668,57.1,900
1719465264630,56.95,825
1719465265395,56.45,150
1719465266013,56.85,250
1719465266509,56.0,150
1719465266509,56.0,150
1719465267386,55.65,25
1719465267386,55.65,25
1719465269079,55.45,100
1719465269903,57.1,25
1719465269903,57.1,25
1719465270706,57.5,50
1719465271674,57.8,375
1719465271917,57.6,50
1719465272579,57.3,150
1719465273263,57.25,25
1719465273711,57.2,25
1719465274570,57.0,100
1719465275259,56.85,25
1719465275876,56.5,50
1719465276621,57.5,400
1719465276621,57.5,400
1719465278060,56.35,100
1719465278306,56.85,25
1719465278306,56.85,25
1719465279700,56.85,50
1719465280147,56.85,50
1719465280147,56.85,50
1719465281590,56.65,25
1719465282008,56.15,125
1719465282313,56.15,75
1719465283250,55.75,25
1719465283250,55.75,25
1719465284808,56.2,500
1719465285077,56.6,75
1719465285672,56.75,225
1719465286828,56.9,25
1719465286828,56.9,25
1719465287653,56.2,25
1719465288643,56.8,450
1719465288643,56.8,450
1719465289430,57.0,75
1719465290043,57.1,150
1719465290586,57.1,25
1719465291909,56.9,200
1719465291909,56.9,200
1719465292589,56.95,25
1719465293453,56.7,500
1719465293453,56.7,500
1719465294330,56.5,25
1719465295136,56.25,25
1719465295704,56.1,200
1719465296660,56.3,1000
1719465297053,56.25,800
1719465297477,56.3,25
1719465298569,56.8,50
1719465298884,56.55,25
1719465299667,56.6,75
1719465300435,57.1,25
1719465300902,57.05,25
1719465301923,57.8,100
1719465302069,57.5,25
1719465302689,57.4,100
1719465303474,57.5,1075
1719465304294,56.55,25
1719465304531,56.8,50
1719465305270,58.0,50
1719465305902,58.7,100
1719465306537,58.55,275
1719465306993,58.3,50
1719465307840,58.3,25
1719465308652,58.4,125
1719465308912,58.35,100
1719465309787,58.2,25
1719465310239,58.1,300
1719465310809,58.4,25
1719465311903,59.05,25
1719465311918,58.9,250
1719465312880,58.7,25
1719465313579,58.75,25
1719465313824,58.6,25
1719465314717,58.8,25
1719465315168,58.85,50
1719465315770,58.25,25
1719465316920,57.95,275
1719465317061,57.9,375
1719465317602,57.55,25
1719465318326,58.05,275
1719465318913,57.9,25
1719465319896,57.6,150
1719465320105,57.45,25
1719465320782,57.4,75
1719465321728,57.55,200
1719465321985,57.25,25
1719465322799,57.1,350
1719465323491,57.5,75
1719465323867,57.5,100
1719465324909,57.45,225
1719465324909,57.45,225
1719465325723,57.55,50
1719465326394,58.0,25
1719465326993,57.5,25
1719465327665,58.0,100
1719465328727,58.4,950
1719465329517,57.6,25
1719465329970,57.95,100
1719465330438,57.3,50
1719465330627,57.45,25
1719465331787,57.2,50
1719465331955,56.75,25
1719465332803,56.8,50
1719465333720,56.1,25
1719465333870,55.7,275
1719465335132,56.55,150
1719465335275,56.2,250
1719465335911,56.4,25
1719465336833,56.85,25
1719465336833,56.85,25
1719465337796,57.55,75
1719465338698,58.4,100
1719465338926,58.05,300
1719465339820,58.75,50
1719465340290,58.5,50
1719465341110,58.1,25
1719465341603,57.6,50
1719465341901,57.65,100
1719465342556,57.2,350
1719465343508,56.85,25
1719465344833,56.1,25
1719465345267,55.9,25
1719465345764,55.7,100
1719465346530,56.0,125
1719465346789,56.0,75
1719465347687,55.9,200
1719465348560,56.2,25
1719465349776,56.4,25
1719465349997,56.15,950
1719465350934,55.45,25
1719465351922,55.5,25
1719465351922,55.5,25
1719465353017,56.35,50
1719465353732,56.65,25
1719465354073,56.5,50
1719465354944,56.2,50
1719465355230,56.45,250
1719465355230,56.45,250
1719465356572,56.6,25
1719465356572,56.6,25
1719465357879,56.8,25
1719465358634,56.7,25
1719465358823,56.65,25
1719465359442,56.6,25
1719465360273,56.7,25
1719465360394,57.0,25
1719465360710,56.4,100
1719465361598,56.65,25
1719465362047,57.0,400
1719465362680,57.1,50
1719465363535,56.9,25
1719465363924,56.7,50
1719465364558,56.0,25
1719465365030,56.2,75
1719465365856,56.2,100
1719465366907,55.95,25
1719465366907,55.95,25
1719465367505,56.0,25
1719465368640,56.1,25
1719465368640,56.1,25
1719465369672,56.0,700
1719465370198,55.9,25
1719465370687,55.9,100
1719465371156,55.8,25
1719465371156,55.8,25
1719465372214,55.5,25
1719465373302,55.4,50
1719465373910,55.35,25
1719465374090,55.25,175
1719465375024,55.45,100
1719465375716,55.45,900
1719465376685,55.1,100
1719465376685,55.1,100
1719465377212,55.4,25
1719465378736,55.35,750
1719465378977,55.1,25
1719465379679,55.0,250
1719465380129,54.95,75
1719465380597,54.85,50
1719465381696,55.05,100
1719465381954,55.15,200
1719465382938,54.35,25
1719465383595,54.1,125
1719465383595,54.1,125
1719465384387,54.0,250
1719465385268,54.3,50
1719465385906,54.1,25
1719465386739,54.4,25
1719465387792,54.7,50
1719465388587,54.9,75
1719465388587,54.9,75
1719465389454,55.0,1300
1719465389454,55.0,1300
1719465389454,55.0,1300
1719465390900,55.6,75
1719465391983,55.7,200
1719465392691,56.2,150
1719465393562,56.45,675
1719465393562,56.45,675
1719465394246,56.55,25
1719465395246,56.35,25
1719465395753,56.2,100
1719465396696,56.15,25
1719465396912,56.15,25
1719465398134,56.15,25
1719465398624,56.35,25
1719465398795,56.15,25
1719465399730,55.8,75
1719465400190,55.95,25
1719465400757,56.0,100
1719465401783,56.0,25
1719465402657,56.0,25
1719465403349,55.6,50
1719465403349,55.6,50
1719465404609,56.15,50
1719465405480,56.5,50
1719465405561,56.6,25
1719465406131,56.75,25
1719465406778,56.2,50
1719465407771,56.25,25
1719465408808,56.2,25
1719465408808,56.2,25
1719465409949,56.55,150
1719465410378,55.95,1125
1719465410555,55.65,75
1719465411192,55.95,125
1719465411985,55.6,50
1719465412543,56.0,100
1719465413730,55.9,25
1719465413951,55.95,275
1719465414479,55.6,350
1719465414479,55.6,350
1719465416536,56.3,25
1719465416756,56.55,25
1719465417020,56.8,25
1719465417840,56.3,75
1719465418386,56.5,650
1719465418386,56.5,650
1719465419862,56.7,25
1719465419862,56.7,25
1719465420639,56.5,25
1719465421757,56.8,25
1719465422034,56.8,50
1719465422746,56.6,75
1719465423749,57.0,50
1719465425167,57.2,50
1719465425282,57.05,25
1719465425842,57.0,25
1719465426949,56.9,25
1719465426949,56.9,25
1719465427807,57.2,400
1719465428261,57.0,25
1719465428261,57.0,25
1719465429220,57.3,25
1719465430587,57.45,25
1719465430587,57.45,25
1719465431656,57.4,50
1719465431814,56.85,25
1719465432617,56.15,25
1719465433623,56.0,25
1719465434559,56.4,25
1719465435599,56.25,150
1719465435931,56.6,50
1719465436950,57.45,150
1719465437240,57.45,50
1719465437762,57.45,25
1719465438908,57.25,250
1719465439619,57.25,225
1719465440762,57.55,25
1719465441704,57.6,250
1719465442134,57.75,100
1719465442965,57.5,25
1719465443652,57.5,25
1719465443652,57.5,25
1719465444549,57.7,25
1719465445650,57.55,275
1719465445650,57.55,275
1719465446632,57.25,400
1719465446632,57.25,400
1719465447599,57.7,25
1719465448582,57.85,25
1719465449262,57.6,25
1719465450357,58.0,175
1719465450671,58.0,375
1719465450671,58.0,375
1719465451041,57.75,100
1719465452273,57.55,150
1719465452691,57.75,25
1719465453691,57.7,50
1719465453691,57.7,50
1719465454131,57.95,75
1719465455291,57.6,475
1719465455291,57.6,475
1719465456831,56.75,225
1719465457147,56.7,275
1719465457697,57.4,25
1719465458571,57.55,25
1719465458571,57.55,25
1719465459795,57.8,350
1719465460409,58.25,25
1719465460409,58.25,25
1719465461666,58.3,100
1719465462097,58.3,25
1719465462097,58.3,25
1719465462097,58.3,25
1719465464272,57.95,50
1719465464634,57.7,25
1719465465742,57.8,25
1719465466785,58.2,25
1719465467236,58.25,75
1719465467675,58.75,50
1719465468643,58.65,50
1719465468821,58.8,175
1719465469855,58.5,250
1719465470680,58.4,250
1719465471642,58.4,250
1719465472284,58.35,125
1719465472856,58.45,50
1719465473598,58.7,75
1719465473796,58.75,50
1719465474643,58.65,250
1719465475652,58.7,100
1719465475735,59.0,550
1719465476869,58.8,25
1719465477087,58.85,25
1719465477795,58.7,75
1719465478857,58.35,175
1719465479962,58.65,75
1719465479962,58.65,75
1719465480676,58.2,400
1719465481847,57.3,250
1719465482088,57.3,250
1719465482682,57.45,250
1719465483846,57.35,50
1719465484870,57.95,50
1719465485638,58.1,75
1719465486169,58.5,25
1719465487301,58.6,775
1719465487485,58.6,250
1719465488940,58.9,25
1719465488952,58.95,250
1719465490195,58.75,50
1719465490195,58.75,50
1719465490828,58.8,375
1719465491931,58.45,25
1719465492235,58.05,75
1719465492473,58.1,325
1719465493834,57.9,25
1719465494920,57.7,25
1719465495441,57.85,25
1719465495761,57.55,25
1719465496752,57.9,25
1719465496752,57.9,25
1719465498337,58.2,475
1719465498533,58.2,150
1719465498533,58.2,150
1719465500182,57.85,25
1719465500182,57.85,25
1719465501510,57.85,50
1719465501754,58.0,600
1719465501877,58.2,25
1719465502731,58.2,75
1719465503963,57.5,25
1719465503963,57.5,25
1719465506936,57.8,50
1719465506936,57.8,50
1719465507989,57.75,50
1719465508863,57.5,25
1719465509408,57.5,25
1719465510348,57.6,25
1719465510348,57.6,25
1719465510348,57.6,25
1719465511680,58.25,25
1719465512137,58.5,25
1719465512137,58.5,25
1719465513753,58.35,175
1719465513753,58.35,175
1719465514623,58.25,25
1719465514623,58.25,25
1719465515790,58.05,50
1719465516807,58.75,50
1719465517317,58.9,250
1719465517317,58.9,250
1719465518380,58.5,25
1719465518380,58.5,25
1719465519440,58.0,400
1719465519440,58.0,400
1719465521047,58.0,500
1719465521644,58.25,25
1719465522194,58.25,25
1719465522194,58.25,25
1719465523338,58.25,25
1719465523338,58.25,25
1719465524653,58.4,25
1719465524653,58.4,25
1719465526054,58.1,25
1719465526363,58.05,125
1719465527329,58.0,50
1719465527638,57.3,600
1719465528973,57.8,25
1719465528973,57.8,25
1719465529552,57.5,275
1719465530401,57.3,100
1719465530401,57.3,100
1719465531295,57.7,25
1719465532022,58.0,100
1719465532725,57.85,450
1719465533547,57.8,25
1719465533942,58.0,375
1719465534695,58.2,25
1719465535517,58.3,50
1719465535517,58.3,50
1719465536660,58.8,350
1719465537395,58.2,25
1719465537980,58.05,25
1719465538162,58.3,50
1719465538970,58.9,25
1719465540009,59.0,225
1719465540182,59.15,25
1719465540580,58.8,125
1719465540682,59.1,375
1719465541536,58.75,25
1719465541536,58.75,25
1719465543114,59.0,125
1719465543707,58.25,25
1719465543707,58.25,25
1719465544262,58.3,75
1719465545210,58.25,25
1719465545210,58.25,25
1719465546434,57.7,100
1719465547274,57.8,25
1719465547786,58.15,100
1719465548676,58.25,25
1719465548676,58.25,25
1719465549578,58.2,475
1719465550387,58.1,225
1719465550387,58.1,225
1719465551613,57.9,275
1719465552179,57.95,25
1719465552690,57.95,25
1719465553929,58.65,200
1719465555157,57.6,25
1719465555370,57.7,25
1719465555684,57.8,250
1719465556526,57.9,50
1719465556526,57.9,50
1719465557805,57.8,25
1719465558384,57.8,175
1719465558890,57.7,75
1719465558890,57.7,75
1719465560610,57.7,25
1719465560610,57.7,25
1719465561695,57.6,150
1719465562062,57.3,250
1719465562996,57.45,100
1719465562996,57.45,100
1719465565530,57.7,25
1719465565897,57.65,250
1719465566672,57.75,250
1719465567199,57.9,75
1719465567723,57.85,50
1719465568524,57.8,250
1719465569059,57.8,25
1719465569108,58.0,25
1719465569108,58.0,25
1719465569108,58.0,25
1719465572230,57.3,200
1719465572702,57.3,250
1719465573814,57.3,100
1719465574211,57.8,25
1719465575630,57.8,25
1719465575788,57.8,25
1719465576544,57.4,200
1719465577239,57.45,25
1719465577785,57.3,250
1719465579007,58.0,25
1719465579720,57.8,50
1719465580564,57.6,250
1719465580708,57.6,50
1719465581709,57.8,150
1719465581908,57.85,250
1719465582746,58.2,25
1719465583710,57.8,250
1719465583978,58.15,1000
1719465584268,58.1,25
1719465585235,57.75,50
1719465585235,57.75,50
1719465587055,57.95,125
1719465587127,58.15,25
1719465587574,57.8,25
1719465588465,57.25,25
1719465588895,56.8,125
1719465589823,56.4,25
1719465590532,56.0,25
1719465590776,55.75,250
1719465591682,55.85,50
1719465592151,55.5,25
1719465592797,55.65,150
1719465593989,56.05,175
1719465594693,56.2,100
1719465595378,55.8,250
1719465595717,55.9,25
1719465596716,55.95,250
1719465597224,55.8,100
1719465597809,55.5,200
1719465598874,53.8,25
1719465598874,53.8,25
1719465600043,54.35,125
1719465600366,54.85,25
1719465600683,54.55,25
1719465600987,54.5,75
1719465601370,54.95,25
1719465602018,55.25,25
1719465602809,54.75,250
1719465603732,54.9,225
1719465603732,54.9,225
1719465604785,54.9,25
1719465605588,55.05,250
1719465605923,55.05,250
1719465606726,54.55,250
1719465607275,54.4,25
1719465607800,54.35,25
1719465608726,54.3,150
1719465609102,54.05,75
1719465609926,54.2,25
1719465610693,54.35,25
1719465610726,54.3,250
1719465611726,54.4,100
1719465612042,54.25,250
1719465613013,54.05,175
1719465614035,54.05,250
1719465614035,54.05,250
1719465614728,54.1,150
1719465615316,54.0,75
1719465615732,54.35,200
1719465616668,54.25,125
1719465617134,54.15,25
1719465617458,54.05,25
1719465619065,54.75,25
1719465619600,54.7,25
1719465620709,54.65,125
