time,price,volume
1719461502979,5.4,450
1719461503909,5.3,275
1719461504258,5.3,125
1719461504968,5.35,50
1719461505305,5.35,25
1719461505920,5.3,25
1719461506205,5.3,50
1719461506904,5.25,25
1719461507449,5.3,100
1719461507969,5.4,50
1719461508944,5.35,175
1719461510138,5.3,150
1719461510313,5.3,50
1719461510950,5.35,25
1719461511513,5.3,25
1719461511962,5.35,25
1719461512879,5.25,25
1719461513074,5.35,100
1719461513955,5.35,25
1719461514321,5.35,25
1719461514963,5.35,75
1719461515516,5.35,25
1719461515947,5.45,25
1719461516705,5.55,50
1719461517145,5.4,75
1719461517919,5.4,725
1719461518130,5.35,175
1719461518949,5.25,175
1719461519116,5.25,25
1719461519940,5.35,25
1719461520542,5.3,50
1719461521124,5.35,200
1719461521557,5.25,350
1719461521729,5.3,25
1719461521974,5.2,25
1719461522935,5.2,325
1719461523123,5.25,25
1719461523950,5.15,25
1719461524351,4.95,25
1719461524950,5.0,50
1719461525947,5.0,175
1719461526132,5.0,350
1719461526970,4.9,25
1719461527547,4.85,1000
1719461527963,4.9,100
1719461528686,4.9,75
1719461528924,4.95,500
1719461529933,5.0,100
1719461530151,5.0,75
1719461530987,4.95,500
1719461531439,4.95,25
1719461531932,4.95,50
1719461532737,5.0,500
1719461532962,5.0,75
1719461533956,4.95,25
1719461534160,4.9,25
1719461534969,4.95,75
1719461535217,4.95,25
1719461535723,4.95,25
1719461536345,4.95,100
1719461536823,4.9,600
1719461537300,4.95,100
1719461537762,4.95,25
1719461538524,5.0,75
1719461538896,5.0,50
1719461539842,4.95,25
1719461540155,4.95,50
1719461540934,4.9,25
1719461541786,4.85,75
1719461542105,4.9,25
1719461542975,4.85,25
1719461543342,4.7,200
1719461543874,4.75,50
1719461544958,4.7,25
1719461545975,4.6,100
1719461546578,4.6,250
1719461546948,4.6,25
1719461547987,4.7,800
1719461548139,4.7,25
1719461549188,4.7,125
1719461549289,4.75,25
1719461549967,4.7,200
1719461550227,4.75,25
1719461550960,4.75,325
1719461551498,4.75,25
1719461551938,4.75,75
1719461552774,4.75,25
1719461552924,4.75,375
1719461554005,4.75,25
1719461554005,4.75,25
1719461554942,4.85,550
1719461555383,4.8,25
1719461555870,4.85,75
1719461556391,4.8,25
1719461556970,4.75,50
1719461557600,4.75,25
1719461557975,4.85,100
1719461558329,4.8,25
1719461559000,4.9,50
1719461559983,4.8,175
1719461560000,4.8,25
1719461560971,4.85,25
1719461561183,4.9,100
1719461561871,4.85,25
1719461562326,4.75,150
1719461562844,4.8,25
1719461563404,4.7,25
1719461563890,4.7,25
1719461564699,4.7,25
1719461564988,4.7,1400
1719461566000,4.7,50
1719461566166,4.7,25
1719461566878,4.65,25
1719461567182,4.6,25
1719461568000,4.65,50
1719461568510,4.65,50
1719461568764,4.65,25
1719461569757,4.65,150
1719461570193,4.6,100
1719461571000,4.65,25
1719461572000,4.7,50
1719461572620,4.7,25
1719461572862,4.65,50
1719461573928,4.7,25
1719461574162,4.65,200
1719461574871,4.7,25
1719461575598,4.75,100
1719461576187,4.75,300
1719461576949,4.85,25
1719461577446,4.85,975
1719461577995,4.85,50
1719461578214,4.85,350
1719461578709,4.8,1175
1719461579742,4.85,25
1719461579742,4.85,25
1719461581023,4.75,50
1719461581412,4.75,100
1719461582000,4.8,50
1719461582424,4.8,25
1719461583000,4.85,50
1719461583544,4.8,25
1719461584008,4.85,25
1719461584596,4.8,100
1719461585018,4.8,75
1719461585913,4.7,25
1719461586952,4.75,175
1719461587016,4.75,1250
1719461587868,4.8,25
1719461588340,4.7,800
1719461588998,4.7,750
1719461589733,4.7,25
1719461589733,4.7,25
1719461591004,4.6,25
1719461591425,4.6,1375
1719461592012,4.6,150
1719461592876,4.6,750
1719461592923,4.6,100
1719461593921,4.65,200
1719461594060,4.6,600
1719461594734,4.7,25
1719461595228,4.65,200
1719461595973,4.7,300
1719461596597,4.75,25
1719461596939,4.75,1150
1719461597478,4.75,25
1719461597983,4.75,25
1719461599009,4.8,25
1719461600017,4.85,25
1719461600304,4.85,25
1719461600993,4.8,75
1719461601298,4.8,25
1719461601821,4.8,300
1719461602255,4.7,150
1719461603014,4.75,100
1719461603443,4.75,25
1719461604015,4.7,75
1719461604601,4.65,25
1719461604940,4.7,25
1719461605890,4.75,150
1719461605991,4.8,1125
1719461606965,4.75,250
1719461607776,4.7,25
1719461608280,4.65,25
1719461609010,4.65,300
1719461609155,4.75,850
1719461609870,4.7,400
1719461610630,4.7,25
1719461610890,4.75,25
1719461611640,4.7,175
1719461612248,4.75,75
1719461612975,4.7,50
1719461613437,4.7,50
1719461613961,4.7,250
1719461614584,4.75,50
1719461615011,4.7,150
1719461615701,4.65,25
1719461615949,4.7,25
1719461617004,4.7,50
1719461617004,4.7,50
1719461618216,4.6,50
1719461618338,4.65,25
1719461618983,4.65,25
1719461619519,4.7,175
1719461620014,4.7,50
1719461620684,4.7,850
1719461620899,4.8,75
1719461621954,4.8,50
1719461622050,4.8,1000
1719461622654,4.8,175
1719461623091,4.75,175
1719461623990,4.8,850
1719461624697,4.9,50
1719461624995,4.95,25
1719461626241,5.0,1350
1719461626252,4.95,25
1719461626827,4.95,25
1719461627682,5.0,375
1719461628027,5.05,1625
1719461628676,5.05,50
1719461629018,5.0,1000
1719461629529,5.0,25
1719461629951,5.05,75
1719461630878,5.05,100
1719461630878,5.05,100
1719461632007,5.0,75
1719461632246,5.0,350
1719461633012,5.2,25
1719461633317,5.15,25
1719461634013,5.15,50
1719461634453,5.2,25
1719461634995,5.15,325
1719461635698,5.1,25
1719461635863,5.1,1375
1719461636722,5.15,300
1719461636898,5.15,200
1719461637716,5.1,25
1719461637899,5.15,25
1719461639023,5.0,150
1719461639023,5.0,150
1719461640026,5.1,400
1719461640495,5.1,300
1719461641017,5.1,550
1719461641490,5.1,450
1719461641721,5.1,25
1719461642029,5.0,25
1719461642459,5.0,50
1719461642968,5.05,25
1719461643856,5.1,50
1719461644000,5.05,25
1719461644989,5.05,25
1719461645273,5.1,25
1719461645879,5.05,25
1719461646517,5.05,275
1719461646966,5.1,100
1719461647585,5.15,200
1719461648040,5.05,225
1719461648671,5.1,525
1719461649032,5.1,25
1719461649534,5.1,25
1719461649764,5.15,25
1719461650877,5.15,25
1719461652006,5.15,150
1719461652006,5.15,150
1719461653023,5.25,75
1719461653353,5.15,300
1719461654016,5.25,50
1719461654486,5.3,75
1719461655014,5.3,25
1719461655776,5.25,525
1719461656020,5.25,25
1719461657000,5.25,25
1719461657967,5.25,300
1719461658117,5.2,175
1719461658925,5.1,125
1719461659300,5.1,175
1719461659935,5.15,1800
1719461660560,5.2,400
1719461660843,5.15,150
1719461661537,5.15,25
1719461662017,5.05,100
1719461663023,5.05,25
1719461664002,5.05,25
1719461664368,4.95,725
1719461665038,4.95,75
1719461665538,5.0,300
1719461665989,5.05,25
1719461666724,5.0,150
1719461666957,5.05,25
1719461667764,5.1,25
1719461668053,5.1,100
1719461668791,5.2,25
1719461669142,5.15,850
1719461670040,5.2,50
1719461670306,5.15,25
1719461670941,5.1,300
1719461671402,5.15,75
1719461671909,5.1,1325
1719461672534,5.0,75
1719461672731,5.1,275
1719461673764,5.05,25
1719461674017,5.05,100
1719461674804,5.0,25
1719461674918,5.0,100
1719461675856,5.05,150
1719461676996,5.05,25
1719461677149,5.1,50
1719461678119,5.1,50
1719461679000,5.05,450
1719461679282,5.0,25
1719461680066,4.95,300
1719461680736,4.95,375
1719461681039,5.05,25
1719461681707,5.1,50
1719461682045,5.1,25
1719461682993,5.05,750
1719461684188,5.15,25
1719461685040,5.05,100
1719461685365,5.05,25
1719461686032,5.1,25
1719461686374,5.15,75
1719461686907,5.15,75
1719461687591,5.05,300
1719461687782,5.05,375
1719461688571,5.05,50
1719461689088,5.0,50
1719461689567,5.1,25
1719461690064,5.1,25
1719461690451,5.1,25
1719461691020,5.1,450
1719461691594,5.15,25
1719461692038,5.1,75
1719461692763,5.05,25
1719461693026,5.1,75
1719461693803,5.1,25
1719461694007,5.1,25
1719461694643,5.1,25
1719461695039,5.1,25
1719461695995,5.1,25
1719461696071,5.1,75
1719461697008,5.15,75
1719461698048,5.15,600
1719461698969,4.95,25
1719461699314,4.95,125
1719461700054,5.0,25
1719461700414,4.95,250
1719461701021,5.05,450
1719461701418,5.15,25
1719461701582,5.15,50
1719461702057,5.2,25
1719461702585,5.2,75
1719461703070,5.2,25
1719461703605,5.15,25
1719461704057,5.2,25
1719461704822,5.2,75
1719461704946,5.1,525
1719461705980,5.1,25
1719461707061,4.95,75
1719461708072,4.9,75
1719461708227,4.95,75
1719461709077,5.0,100
1719461709221,4.95,25
1719461710084,5.0,100
1719461710150,5.05,175
1719461711053,5.1,25
1719461711229,5.2,25
1719461712045,5.15,100
1719461712129,5.1,225
1719461713082,5.1,25
1719461713410,5.1,50
1719461714015,5.05,25
1719461714441,5.05,25
1719461714653,5.05,100
1719461715324,5.05,175
1719461716031,5.05,175
1719461716331,5.0,25
1719461717003,5.0,50
1719461717568,5.05,150
1719461718002,5.05,25
1719461718428,5.0,25
1719461719057,5.05,25
1719461719644,5.1,25
1719461719947,5.25,25
1719461720856,5.2,500
1719461721017,5.2,275
1719461722069,5.15,725
1719461723043,5.1,100
1719461723541,5.15,50
1719461723949,5.2,175
1719461724850,5.2,200
1719461725101,5.25,25
1719461725851,5.2,25
1719461726036,5.15,25
1719461727072,5.1,100
1719461728016,5.15,275
1719461728209,5.1,50
1719461729050,5.1,25
1719461729454,5.1,225
1719461730055,5.2,25
1719461730617,5.15,275
1719461731073,5.15,25
1719461731873,5.2,200
1719461732100,5.2,25
1719461733090,5.35,200
1719461733255,5.35,75
1719461734283,5.6,50
1719461735076,5.65,525
1719461736095,5.8,50
1719461736610,5.8,25
1719461737087,5.75,925
1719461738062,5.6,25
1719461738248,5.55,50
1719461739103,5.4,350
1719461739874,5.45,100
1719461740305,5.45,25
1719461741075,5.5,50
1719461741494,5.4,25
1719461742031,5.45,50
1719461742702,5.4,25
1719461743099,5.45,25
1719461743720,5.45,575
1719461744105,5.45,250
1719461745063,5.55,50
1719461745063,5.55,50
1719461746088,5.55,50
1719461746456,5.6,50
1719461747096,5.65,75
1719461747860,5.6,25
1719461748070,5.6,25
1719461748905,5.55,200
1719461749080,5.55,750
1719461750109,5.55,25
1719461750301,5.55,25
1719461751108,5.55,200
1719461751601,5.65,25
1719461752095,5.65,125
1719461764117,5.75,25
1719461764304,5.85,25
1719461765110,5.85,225
1719461765728,5.7,275
1719461766107,5.7,700
1719461766934,5.7,25
1719461767119,5.7,75
1719461768113,5.65,25
1719461768540,5.6,25
1719461769274,5.65,225
1719461769720,5.6,25
1719461770110,5.55,75
1719461770936,5.65,25
1719461771128,5.7,650
1719461772112,5.55,25
1719461772529,5.5,75
1719461773131,5.55,325
1719461774115,5.4,75
1719461775321,5.4,25
1719461775757,5.45,25
1719461776040,5.45,25
1719461777140,5.5,75
1719461778026,5.5,150
1719461778332,5.5,200
1719461779037,5.45,50
1719461779731,5.4,25
1719461780145,5.45,175
1719461780655,5.5,75
1719461781139,5.6,75
1719461781855,5.5,150
1719461782092,5.6,150
1719461782953,5.6,100
1719461783115,5.55,150
1719461784151,5.65,25
1719461785104,5.6,25
1719461785528,5.55,75
1719461786094,5.65,1025
1719461786752,5.85,25
1719461787081,5.8,25
1719461787762,6.0,25
1719461788134,6.1,25
1719461793339,5.8,100
1719461793923,5.8,175
1719461794113,5.8,75
1719461794946,5.8,25
1719461795101,5.75,25
1719461796075,5.85,25
1719461796368,5.85,25
1719461797099,5.8,25
1719461797697,5.75,75
1719461798138,5.85,25
1719461798924,6.0,25
1719461799186,5.9,175
1719461800071,5.85,25
1719461800071,5.85,25
1719461801132,5.9,550
1719461801345,5.85,600
1719461802098,5.9,100
1719461802565,5.9,300
1719461803331,5.85,650
1719461803970,5.95,200
1719461804136,5.9,200
1719461805135,5.75,900
1719461806114,5.9,50
1719461806543,5.8,25
1719461807021,5.85,50
1719461807774,5.9,25
1719461808061,5.85,50
1719461808779,5.85,25
1719461809152,5.85,50
1719461809783,5.85,25
1719461810347,5.85,100
1719461811162,5.9,25
1719461812151,5.9,25
1719461817809,5.65,25
1719461818146,5.7,500
1719461818935,5.7,25
1719461860183,5.55,25
1719461862012,5.65,25
1719461862186,5.6,25
1719461863066,5.6,75
1719461863169,5.65,125
1719461864000,5.6,50
1719461864000,5.6,50
1719461865371,5.55,125
1719461873181,5.4,200
1719461873252,5.5,50
1719461873927,5.4,225
1719461874652,5.35,25
1719461875192,5.3,75
1719461875831,5.35,25
1719461876183,5.35,50
1719461877132,5.35,25
1719461877265,5.35,25
1719461878116,5.3,250
1719461878603,5.3,100
1719461879129,5.35,125
1719461879893,5.3,25
1719461880121,5.3,25
1719461881272,5.3,100
1719461881552,5.25,75
1719461882153,5.2,75
1719461882679,5.25,50
1719461883151,5.25,450
1719461884101,5.35,50
1719461884172,5.3,75
1719461885168,5.35,75
1719461885437,5.4,350
1719461886145,5.4,1000
1719461886666,5.4,125
1719461887155,5.4,125
1719461887878,5.45,50
1719461888190,5.45,50
1719461888885,5.4,75
1719461889057,5.5,400
1719461890105,5.35,75
1719461890105,5.35,75
1719461891065,5.35,50
1719461891300,5.4,25
1719461892177,5.3,600
1719461892571,5.2,75
1719461893041,5.25,25
1719461893898,5.25,25
1719461894183,5.25,400
1719461894848,5.25,25
1719461895029,5.25,50
1719461895815,5.25,25
1719461896171,5.25,100
1719461897169,5.2,25
1719461898072,5.3,25
1719461899169,5.25,50
1719461899320,5.3,25
1719461900122,5.3,200
1719461900508,5.35,25
1719461901186,5.35,25
1719461901457,5.35,250
1719461902196,5.35,175
1719461902918,5.5,50
1719461903089,5.45,50
1719461904193,5.45,25
1719461905027,5.4,25
1719461905027,5.4,25
1719461905027,5.4,25
1719461906195,5.4,100
1719461906511,5.3,75
1719461907155,5.35,25
1719461907904,5.45,25
1719461908148,5.35,50
1719461909105,5.3,25
1719461909105,5.3,25
1719461910169,5.3,50
1719461911107,5.2,100
1719461911107,5.2,100
1719461911534,5.15,25
1719461912225,5.25,75
1719461912501,5.3,25
1719461913162,5.25,400
1719461913813,5.2,25
1719461914006,5.2,50
1719461915188,5.2,25
1719461915860,5.25,25
1719461917072,5.15,100
1719461917544,5.3,25
1719461918092,5.25,25
1719461918680,5.2,25
1719461919218,5.2,75
1719461919865,5.25,75
1719461919865,5.25,75
1719461920728,5.25,25
1719461921221,5.3,825
1719461921694,5.3,25
1719461922196,5.25,50
1719461922922,5.25,150
1719461923163,5.25,1200
1719461924031,5.25,400
1719461924195,5.25,100
1719461925202,5.3,25
1719461926208,5.4,25
1719461926208,5.4,25
1719461927063,5.35,500
1719461927504,5.35,125
1719461928043,5.35,25
1719461928723,5.35,50
1719461929106,5.35,25
1719461929947,5.35,275
1719461930161,5.3,125
1719461931162,5.4,25
1719461932151,5.3,50
1719461933223,5.3,25
1719461933324,5.35,450
1719461934222,5.25,50
1719461934329,5.3,100
1719461935207,5.25,825
1719461935516,5.3,100
1719461936160,5.3,25
1719461936902,5.3,25
1719461937321,5.2,200
1719461938200,5.2,25
1719461939182,5.25,50
1719461939207,5.3,25
1719461940008,5.3,25
1719461940341,5.3,50
1719461941242,5.4,25
1719461941484,5.3,350
1719461941896,5.3,550
1719461941896,5.3,550
1719461943188,5.35,25
1719461944212,5.3,125
1719461945105,5.3,50
1719461945105,5.3,50
1719461945271,5.3,50
1719461946229,5.4,175
1719461946358,5.35,50
1719461947193,5.35,25
1719461947291,5.4,600
1719461948168,5.45,25
1719461948763,5.45,475
1719461949071,5.45,250
1719461949662,5.4,200
1719461950206,5.45,150
1719461950986,5.45,25
1719461951234,5.5,25
1719461952215,5.55,775
1719461953204,5.55,50
1719461954200,5.55,800
1719461954598,5.55,150
1719461955045,5.5,925
1719461955576,5.55,150
1719461956030,5.55,300
1719461956677,5.5,675
1719461958005,5.55,200
1719461958005,5.55,200
1719461959222,5.65,75
1719461960197,5.8,25
1719461960813,5.75,25
1719461961227,5.85,25
1719461962251,5.9,50
1719461963452,6.0,25
1719461964213,5.85,200
1719461964822,5.8,300
1719461965174,5.9,200
1719461965754,5.85,25
1719461966225,5.75,25
1719461967019,5.75,25
1719461967256,5.75,25
1719461968141,5.7,400
1719461969255,5.75,250
1719461969364,5.75,25
1719461970153,5.8,75
1719461970789,5.75,500
1719461971233,5.75,75
1719461971525,5.75,25
1719461972014,5.85,25
1719461972176,5.85,200
1719461973202,5.8,200
1719461973202,5.8,200
1719461974069,5.7,175
1719461975217,5.75,25
1719461976245,5.75,475
1719461977196,5.65,75
1719461977439,5.7,25
1719461978141,5.6,925
1719461978636,5.6,525
1719461979242,5.6,75
1719461979773,5.6,25
1719461980246,5.6,25
1719461980942,5.6,200
1719461981114,5.65,50
1719461981961,5.6,50
1719461981961,5.6,50
1719461983237,5.75,50
1719461984354,5.85,25
1719461985225,5.85,450
1719461985653,5.75,25
1719461986186,5.8,175
1719461987007,5.9,25
1719461987226,5.85,125
1719461988250,5.9,75
1719461989228,5.85,900
1719461989419,5.85,450
1719461990184,5.85,25
1719461990607,5.8,25
1719461991232,5.75,175
1719461991957,5.8,25
1719461992256,5.8,200
1719461993038,5.75,50
1719461993233,5.8,25
1719461994032,5.8,25
1719461994221,5.85,25
1719461995139,5.8,25
1719461996236,5.85,200
1719461996472,5.8,25
1719461997226,5.6,75
1719461997679,5.6,25
1719461998152,5.65,25
1719461998840,5.6,25
1719461999195,5.7,25
1719461999952,5.7,525
1719462000213,5.7,50
1719462001225,5.7,125
1719462001467,5.7,25
1719462002265,5.85,400
1719462002433,5.85,825
1719462003223,5.8,25
1719462003839,5.75,50
1719462004210,5.75,675
1719462005250,5.85,75
1719462005432,5.85,25
1719462006265,5.85,25
1719462007099,6.0,25
1719462007451,5.9,450
1719462008259,5.95,425
1719462008663,5.9,825
1719462009258,5.95,50
1719462010232,5.9,125
1719462010431,5.9,50
1719462011468,5.85,675
1719462012053,5.7,75
1719462012221,5.75,100
1719462013205,5.85,50
1719462013449,5.85,25
1719462014215,5.8,50
1719462014864,5.7,25
1719462015232,5.8,50
1719462016258,5.8,25
1719462016471,5.8,25
1719462017234,5.8,225
1719462017697,5.85,25
1719462018269,5.85,25
1719462019294,5.85,25
1719462019439,5.85,25
1719462020258,5.9,100
1719462020690,5.85,75
1719462021278,5.85,100
1719462022289,5.65,75
1719462022447,5.75,25
1719462023273,5.7,25
1719462023507,5.7,25
1719462024254,5.7,25
1719462024887,5.65,25
1719462025260,5.55,25
1719462025857,5.6,50
1719462026251,5.65,50
1719462027070,5.6,400
1719462027288,5.65,25
1719462028293,5.55,275
1719462028420,5.6,25
1719462029311,5.65,25
1719462030154,5.65,250
1719462030862,5.65,200
1719462031177,5.7,25
1719462031565,5.75,200
1719462032097,5.75,175
1719462032270,5.75,150
1719462032965,5.7,50
1719462033243,5.75,75
1719462034262,5.7,25
1719462034262,5.7,25
1719462035312,5.75,25
1719462036451,5.85,75
1719462036931,5.8,100
1719462037203,5.75,175
1719462038143,5.65,100
1719462038281,5.7,275
1719462039267,5.75,225
1719462040270,5.75,250
1719462040740,5.8,200
1719462041304,5.75,50
1719462041897,5.7,125
1719462042214,5.65,25
1719462043163,5.7,150
1719462044330,5.65,250
1719462045278,5.7,200
1719462045479,5.75,150
1719462046281,5.7,900
1719462047164,5.75,150
1719462047228,5.7,50
1719462048301,5.75,25
1719462048407,5.8,700
1719462049176,5.7,25
1719462049554,5.75,100
1719462050302,5.85,25
1719462050682,5.8,575
1719462051228,5.9,25
1719462052113,5.9,25
1719462052288,5.9,450
1719462053148,5.95,25
1719462053319,6.0,25
1719462054251,5.95,25
1719462054732,5.85,25
1719462055269,5.85,25
1719462056172,5.85,1175
1719462056282,5.85,1500
1719462057311,5.75,200
1719462058529,5.7,100
1719462059290,5.75,25
1719462059955,5.75,125
1719462060309,5.8,25
1719462061232,5.85,100
1719462061351,5.85,125
1719462062286,5.9,25
1719462062904,5.9,50
1719462063275,5.85,225
1719462064390,5.8,475
1719462064503,5.8,400
1719462065266,5.85,25
1719462065707,5.8,50
1719462066311,5.85,50
1719462067179,5.85,425
1719462067296,5.85,100
1719462068499,5.85,25
1719462069279,5.85,25
1719462069739,5.85,75
1719462070299,5.8,25
1719462071173,5.8,25
1719462071274,5.8,450
1719462072195,5.85,175
1719462072227,5.8,25
1719462073294,5.85,25
1719462074254,5.85,25
1719462074544,5.9,25
1719462075283,5.8,750
1719462076141,5.75,75
1719462076260,5.8,25
1719462077184,5.75,50
1719462077286,5.75,25
1719462078392,5.85,75
1719462079384,5.85,25
1719462080303,5.8,75
1719462080598,5.8,25
1719462081281,5.85,100
1719462081798,5.75,250
1719462082287,5.75,25
1719462083313,5.6,75
1719462083381,5.6,25
1719462084317,5.65,50
1719462084990,5.55,200
1719462085230,5.6,75
1719462086190,5.65,25
1719462086279,5.6,25
1719462087381,5.7,25
1719462087948,5.7,25
1719462088330,5.75,400
1719462089309,5.7,50
1719462090330,5.7,25
1719462090522,5.75,100
1719462091310,5.7,25
1719462091519,5.65,25
1719462091831,5.7,50
1719462092323,5.7,1100
1719462093011,5.75,25
1719462093280,5.7,25
1719462094219,5.7,25
1719462094300,5.7,25
1719462095319,5.55,25
1719462095370,5.55,325
1719462096374,5.65,975
1719462096607,5.65,250
1719462097279,5.6,400
1719462097986,5.6,100
1719462098294,5.55,50
1719462099180,5.6,25
1719462099282,5.55,225
1719462100432,5.65,75
1719462101339,5.6,250
1719462101756,5.6,50
1719462102297,5.65,25
1719462102984,5.6,75
1719462103308,5.65,25
1719462104334,5.65,25
1719462105323,5.65,50
1719462105389,5.6,250
1719462106329,5.6,50
1719462106749,5.6,25
1719462107322,5.6,25
1719462108031,5.6,375
1719462108031,5.6,375
1719462109435,5.7,25
1719462110336,5.8,175
1719462110821,5.85,400
1719462111241,5.8,25
1719462112444,5.8,25
1719462113327,5.9,25
1719462113649,5.9,25
1719462114298,5.8,100
1719462115033,5.8,25
1719462115321,5.75,25
1719462116172,5.7,125
1719462117196,5.65,50
1719462117196,5.65,50
1719462118326,5.65,375
1719462118687,5.65,25
1719462119331,5.55,400
1719462120000,5.6,50
1719462120274,5.6,150
1719462121319,5.6,25
1719462121555,5.6,200
1719462122271,5.45,1400
1719462122856,5.45,750
1719462123336,5.5,25
1719462124068,5.5,175
1719462124329,5.5,50
1719462125335,5.5,25
1719462126449,5.55,25
1719462127279,5.5,200
1719462127527,5.55,200
1719462128337,5.5,50
1719462129311,5.5,25
1719462130316,5.45,1425
1719462130478,5.45,25
1719462131276,5.45,25
1719462131283,5.45,75
1719462132311,5.5,25
1719462132678,5.45,25
1719462133306,5.45,75
1719462134333,5.5,325
1719462135215,5.55,50
1719462135469,5.55,125
1719462136135,5.55,100
1719462136451,5.5,75
1719462137323,5.55,50
1719462137805,5.55,25
1719462138273,5.55,75
1719462138878,5.5,75
1719462139250,5.45,25
1719462140325,5.35,25
1719462141177,5.4,275
1719462142283,5.35,75
1719462142385,5.3,475
1719462143442,5.25,250
1719462144447,5.25,75
1719462144878,5.2,50
1719462145340,5.2,25
1719462145878,5.25,50
1719462146307,5.3,425
1719462147254,5.35,25
1719462148263,5.4,825
1719462148348,5.5,50
1719462149182,5.4,25
1719462149329,5.45,375
1719462150279,5.45,100
1719462150448,5.5,175
1719462151161,5.45,25
1719462151581,5.4,50
1719462151696,5.4,25
1719462152099,5.35,25
1719462152646,5.4,25
1719462153319,5.4,100
1719462153723,5.4,100
1719462154361,5.45,25
1719462154900,5.45,475
1719462155279,5.5,75
1719462156332,5.5,75
1719462156433,5.5,75
1719462157303,5.5,75
1719462157502,5.5,50
1719462158258,5.45,50
1719462158369,5.5,175
1719462159358,5.5,75
1719462159412,5.5,75
1719462160337,5.45,100
1719462160538,5.45,175
1719462161340,5.45,75
1719462161918,5.45,75
1719462162306,5.45,150
1719462163288,5.35,75
1719462164294,5.35,75
1719462165246,5.35,25
1719462165440,5.3,500
1719462166271,5.35,25
1719462166742,5.35,275
1719462167369,5.35,75
1719462167927,5.3,400
1719462168361,5.35,75
1719462169293,5.3,800
1719462169524,5.3,25
1719462170307,5.15,50
1719462170870,5.25,50
1719462171355,5.25,675
1719462172354,5.25,25
1719462173300,5.25,525
1719462173367,5.3,75
1719462174385,5.4,25
1719462174530,5.4,100
1719462175251,5.5,25
1719462175739,5.55,25
1719462176348,5.45,100
1719462177132,5.3,25
1719462177233,5.3,25
1719462178133,5.2,25
1719462178332,5.2,25
1719462179312,5.2,25
1719462179312,5.2,25
1719462180354,5.2,75
1719462180478,5.2,300
1719462181352,5.1,25
1719462181561,5.15,75
1719462182257,5.15,75
1719462182761,5.1,25
1719462183321,5.1,125
1719462184157,5.1,75
1719462184256,5.05,350
1719462185348,5.05,50
1719462186370,5.0,25
1719462187337,4.95,25
1719462188228,4.9,250
1719462189384,4.9,850
1719462189800,4.95,100
1719462190370,4.9,250
1719462191174,5.0,100
1719462191371,4.95,25
1719462192370,5.05,25
1719462193363,4.95,250
1719462193567,5.0,125
1719462194374,4.95,25
1719462194569,4.95,25
1719462195399,4.95,25
1719462195768,4.95,300
1719462196389,4.95,25
1719462196986,4.9,25
1719462197306,4.9,100
1719462198177,4.95,25
1719462198394,4.9,475
1719462199357,4.9,25
1719462200335,4.85,25
1719462201355,4.9,25
1719462202397,4.95,25
1719462203372,5.05,50
1719462203530,5.1,50
1719462204395,5.2,275
1719462204511,5.25,700
1719462205225,5.2,200
1719462205517,5.2,350
1719462206357,5.2,25
1719462206775,5.15,550
1719462207267,5.2,150
1719462207908,5.15,25
1719462208279,5.1,450
1719462209196,5.1,50
1719462209321,5.1,250
1719462210257,5.05,25
1719462211352,5.0,50
1719462211521,5.0,25
1719462211521,5.0,25
1719462212355,4.9,150
1719462212479,5.0,150
1719462213380,5.05,50
1719462213783,5.1,75
1719462214330,5.0,25
1719462214892,4.95,50
1719462215272,4.95,75
1719462216356,5.0,75
1719462216356,5.0,75
1719462217215,5.05,1000
1719462218372,5.0,75
1719462219336,5.1,25
1719462220379,5.05,200
1719462220822,5.05,475
1719462221343,5.0,25
1719462221698,5.05,75
1719462222151,5.0,375
1719462223134,5.0,25
1719462223301,5.05,100
1719462224350,5.0,25
1719462225243,5.0,25
1719462225526,5.05,25
1719462226375,5.05,275
1719462226504,5.05,100
1719462227406,5.0,225
1719462227612,5.0,25
1719462228031,5.05,25
1719462228382,5.0,25
1719462229215,5.05,50
1719462229360,5.0,150
1719462230335,4.9,100
1719462231435,4.95,50
1719462232363,4.95,300
1719462232566,4.9,50
1719462233263,4.9,25
1719462233648,4.9,500
1719462234400,4.9,25
1719462234628,4.95,25
1719462235307,4.95,25
1719462235835,4.9,125
1719462236610,4.9,25
1719462237051,4.9,125
1719462237254,4.85,200
1719462238448,4.85,25
1719462239347,4.85,25
1719462240382,4.85,25
1719462240602,4.85,25
1719462241275,4.95,350
1719462241527,5.0,100
1719462242374,4.9,250
1719462242374,4.9,250
1719462243366,5.05,50
1719462243634,4.95,100
1719462244030,5.0,475
1719462244403,5.05,150
1719462245261,5.05,25
1719462245409,5.1,600
1719462246423,5.05,100
1719462247379,5.1,25
1719462247379,5.1,25
1719462248404,5.15,200
1719462249284,5.1,25
1719462249670,5.1,325
1719462250412,5.1,175
1719462250843,5.1,25
1719462251284,5.05,250
1719462251802,5.05,200
1719462252104,5.05,175
1719462252973,5.0,25
1719462253417,5.0,25
1719462254239,5.0,25
1719462254306,5.1,250
1719462255331,5.05,100
1719462255331,5.05,100
1719462256019,5.05,825
1719462256391,5.1,1325
1719462256996,5.1,225
1719462257318,5.1,25
1719462258388,5.0,50
1719462259404,5.05,25
1719462259452,5.1,250
1719462260418,5.05,100
1719462260761,5.05,25
1719462261295,5.05,100
1719462262227,5.1,50
1719462262364,5.05,25
1719462263424,5.1,525
1719462264372,5.15,25
1719462264654,5.1,25
1719462265370,5.1,100
1719462265477,5.05,25
1719462266343,5.1,300
1719462267003,5.1,25
1719462267388,5.15,50
1719462268084,5.15,75
1719462268619,5.1,250
1719462269292,5.15,25
1719462270307,5.1,25
1719462270307,5.1,25
1719462271359,5.15,25
1719462271475,5.15,25
1719462271606,5.15,25
1719462272347,5.15,900
1719462273115,5.15,25
1719462273115,5.15,25
1719462274400,5.2,25
1719462274400,5.2,25
1719462275419,5.1,25
1719462275698,5.1,50
1719462276270,5.1,75
1719462276682,5.15,50
1719462277395,5.2,75
1719462278049,5.2,25
1719462278367,5.25,25
1719462279508,5.25,25
1719462280339,5.3,75
1719462280730,5.3,25
1719462281419,5.3,200
1719462282429,5.35,175
1719462282679,5.35,125
1719462283425,5.3,50
1719462283922,5.35,125
1719462284376,5.25,800
1719462285297,5.15,25
1719462285561,5.15,125
1719462286417,5.2,175
1719462286417,5.2,175
1719462287436,5.2,825
1719462287836,5.2,25
1719462288339,5.2,75
1719462289329,5.25,75
1719462290388,5.3,50
1719462290912,5.4,200
1719462291619,5.45,150
1719462292512,5.5,25
1719462293429,5.35,75
1719462294127,5.35,25
1719462294613,5.35,75
1719462295425,5.3,25
1719462295457,5.3,25
1719462296329,5.25,50
1719462296863,5.3,25
1719462297241,5.3,25
1719462297920,5.35,25
1719462298251,5.35,525
1719462299301,5.35,25
1719462299465,5.3,25
1719462300651,5.35,250
1719462301428,5.3,25
1719462301576,5.25,750
1719462302127,5.3,75
1719462303232,5.3,825
1719462303650,5.3,25
1719462304392,5.35,100
1719462305063,5.35,25
1719462305446,5.35,25
1719462306605,5.35,75
1719462306605,5.35,75
1719462307464,5.35,25
1719462307867,5.35,50
1719462308366,5.35,25
1719462309115,5.3,25
1719462309401,5.25,25
1719462310086,5.2,200
1719462310459,5.25,75
1719462311366,5.25,125
1719462311366,5.25,125
1719462312651,5.45,50
1719462312934,5.45,75
1719462313470,5.5,125
1719462327736,5.4,25
1719462328582,5.5,75
1719462329181,5.5,800
1719462329449,5.5,900
1719462331455,5.5,25
1719462331897,5.45,200
1719462332635,5.4,550
1719462333376,5.4,25
1719462333521,5.4,225
1719462334463,5.4,825
1719462334764,5.4,250
1719462335631,5.45,25
1719462336193,5.4,100
1719462336357,5.45,375
1719462337456,5.4,25
1719462337803,5.35,25
1719462338427,5.3,25
1719462338667,5.3,25
1719462339562,5.35,25
1719462339995,5.4,25
1719462340462,5.4,50
1719462341198,5.35,150
1719462341461,5.3,75
1719462342396,5.35,150
1719462342396,5.35,150
1719462349150,5.35,75
1719462349358,5.4,150
1719462350395,5.3,25
1719462350395,5.3,25
1719462351330,5.35,150
1719462351603,5.4,25
1719462352320,5.3,25
1719462352320,5.3,25
1719462353379,5.35,225
1719462353620,5.4,300
1719462354477,5.3,75
1719462354820,5.3,100
1719462355596,5.35,25
1719462355825,5.35,25
1719462356432,5.3,25
1719462356797,5.35,100
1719462357408,5.3,75
1719462358147,5.3,25
1719462358147,5.3,25
1719462359402,5.35,25
1719462360672,5.3,825
1719462361556,5.35,400
1719462361598,5.35,400
1719462362450,5.3,225
1719462362450,5.3,225
1719462363437,5.3,50
1719462364000,5.35,50
1719462364408,5.25,125
1719462365201,5.2,25
1719462365486,5.2,25
1719462366353,5.15,350
1719462366461,5.2,25
1719462367463,5.05,525
1719462368375,5.1,25
1719462368550,5.15,25
1719462369431,5.1,250
1719462369626,5.1,200
1719462370656,5.2,25
1719462371404,5.2,25
1719462371595,5.2,50
1719462372481,5.3,25
1719462372859,5.3,25
1719462373479,5.25,25
1719462405633,5.7,25
1719462406270,5.7,75
1719462406449,5.75,700
1719462407497,5.85,50
1719462408521,6.2,75
1719462408930,6.25,350
1719462409730,6.0,75
1719462410515,5.95,200
1719462411679,6.1,25
1719462411917,6.05,25
1719462412501,5.95,25
1719462413291,5.95,175
1719462413476,5.95,25
1719462414695,6.05,400
1719462414893,6.05,800
1719462415506,6.25,250
1719462416518,6.45,25
1719462417717,6.45,25
1719462418129,6.45,525
1719462418506,6.3,125
1719462419709,6.35,975
1719462420516,6.8,25
1719462421325,6.85,50
1719462421558,6.7,125
1719462421726,7.15,450
1719462422523,7.55,25
1719462423134,7.0,25
1719462423521,6.9,150
1719462424749,6.65,50
1719462425533,6.65,225
1719462426066,6.6,200
1719462426531,6.5,150
1719462427728,6.4,25
1719462428543,6.3,150
1719462428723,6.4,150
1719462429516,6.65,75
1719462429913,6.45,100
1719462430706,6.4,50
1719462431333,6.55,25
1719462431527,6.5,50
1719462432518,6.55,175
1719462432572,6.55,150
1719462433717,6.45,175
1719462433959,6.35,675
1719462434536,6.55,200
1719462434950,6.45,925
1719462435539,6.65,125
1719462436352,6.55,25
1719462436492,6.55,25
1719462437487,6.55,250
1719462437726,6.55,25
1719462438513,6.5,250
1719462438765,6.5,25
1719462439520,6.55,400
1719462439961,6.4,25
1719462440518,6.35,50
1719462441570,6.5,450
1719462442727,6.45,50
1719462442753,6.45,50
1719462443528,6.45,200
1719462444166,6.45,25
1719462444533,6.45,50
1719462445527,6.7,100
1719462446744,6.75,25
1719462446979,6.7,700
1719462447538,6.55,25
1719462448163,6.55,25
1719462448534,6.55,75
1719462449575,6.5,200
1719462449751,6.5,25
1719462450515,6.45,25
1719462450779,6.4,25
1719462451553,6.35,50
1719462451979,6.35,25
1719462452739,6.25,100
1719462453165,6.25,25
1719462453534,6.25,25
1719462454399,6.4,75
1719462454534,6.4,100
1719462456530,6.45,175
1719462456792,6.5,100
1719462457742,6.5,150
1719462457793,6.5,350
1719462458532,6.4,1575
1719462459000,6.35,125
1719462459545,6.4,125
1719462460186,6.4,50
1719462460549,6.5,25
1719462461180,6.4,75
1719462461754,6.4,75
1719462462481,6.45,25
1719462462577,6.5,175
1719462463533,6.65,25
1719462464000,6.6,150
1719462464558,6.65,475
1719462465595,6.7,75
1719462465747,6.75,50
1719462466532,7.05,350
1719462467195,7.1,25
1719462467553,7.25,50
1719462468761,7.3,25
1719462469553,7.1,525
1719462470203,7.15,125
1719462470559,7.25,25
1719462471826,7.4,25
1719462472560,7.65,25
1719462473418,7.4,300
1719462473532,7.4,50
1719462474728,7.2,25
1719462475209,7.05,25
1719462475536,7.15,100
1719462476610,7.4,50
1719462476716,7.3,25
1719462477511,7.5,100
1719462478238,7.3,25
1719462478517,7.2,175
1719462479751,7.0,25
1719462480032,7.15,25
1719462480544,7.35,25
1719462481548,7.7,25
1719462481745,7.7,25
1719462482559,7.9,500
1719462483219,8.1,300
1719462483565,7.9,100
1719462486445,7.75,350
1719462486746,7.65,100
1719462487567,7.7,25
1719462487857,7.65,225
1719462488552,7.45,175
1719462489040,7.55,250
1719462489755,7.65,75
1719462490038,7.7,25
1719462490538,7.55,25
1719462491452,7.6,200
1719462491561,7.65,50
1719462492564,7.65,300
1719462492823,7.65,25
1719462493758,7.35,25
1719462494460,7.45,350
1719462494556,7.35,25
1719462495561,7.35,50
1719462495660,7.3,1075
1719462496770,7.35,100
1719462497451,7.3,50
1719462497549,7.25,75
1719462498560,7.15,50
1719462498860,7.05,25
1719462499778,6.8,50
1719462500268,6.9,200
1719462500571,7.05,25
1719462501568,7.1,50
1719462501854,7.15,25
1719462502576,7.25,50
1719462503478,7.25,250
1719462503709,7.15,200
1719462509561,7.45,25
1719462510069,7.4,100
1719462510575,7.3,25
1719462511284,7.35,50
1719462511563,7.45,150
1719462511771,7.5,75
1719462512564,7.55,150
1719462512889,7.45,75
1719462513573,7.55,25
1719462514284,7.65,25
1719462514550,7.6,25
1719462515579,7.5,125
1719462515888,7.45,50
1719462516788,7.55,50
1719462517586,7.45,25
1719462518590,7.4,25
1719462519076,7.35,75
1719462519589,7.3,25
1719462520559,7.45,25
1719462520897,7.4,300
1719462521559,7.25,50
1719462522289,7.05,25
1719462522749,7.15,25
1719462523580,7.05,100
1719462523686,7.1,575
1719462524474,7.2,25
1719462525092,7.2,25
1719462525581,7.1,25
1719462526072,7.15,25
1719462526578,7.2,25
1719462527552,7.25,625
1719462528592,6.95,25
1719462528896,6.9,50
1719462531495,7.1,25
1719462531518,7.1,100
1719462532500,7.05,50
1719462533300,7.1,75
1719462533509,7.05,25
1719462534568,7.1,50
1719462534851,7.05,50
1719462535757,7.05,50
1719462536587,7.1,50
1719462545794,7.1,450
1719462546120,7.1,150
1719462546619,7.0,100
1719462547789,6.9,25
1719462548592,7.0,300
1719462549113,7.05,150
1719462549584,7.05,25
1719462550304,7.05,25
1719462550802,7.15,350
1719462551595,7.2,550
1719462551735,7.2,25
1719462552924,7.2,25
1719462553807,7.2,300
1719462554122,7.4,50
1719462554556,7.3,25
1719462555141,7.45,25
1719462555560,7.45,25
1719462556527,7.6,625
1719462556796,7.45,25
1719462557594,7.5,50
1719462557943,7.5,25
1719462558579,7.45,25
1719462559107,7.4,450
1719462559809,7.4,75
1719462560363,7.35,25
1719462560574,7.35,25
1719462561559,7.45,325
1719462561747,7.4,1625
1719462562796,7.45,50
1719462563156,7.2,25
1719462563602,7.2,400
1719462564356,7.4,25
1719462564596,7.35,25
1719462565566,7.3,25
1719462565597,7.3,50
1719462566705,7.25,475
1719462566782,7.3,350
1719462567598,7.4,25
1719462568269,7.4,175
1719462569603,7.45,25
1719462575166,7.35,75
1719462575592,7.35,150
1719462576141,7.25,25
1719462576585,7.15,50
1719462577344,7.05,25
1719462601577,7.85,50
1719462601629,7.8,625
1719462603630,7.35,25
1719462603823,7.4,1725
1719462604638,7.35,200
1719462605430,7.35,50
1719462605496,7.35,675
1719462606628,7.3,200
1719462606809,7.25,200
1719462607625,7.3,675
1719462608010,7.3,25
1719462608617,7.3,25
1719462609227,7.3,25
1719462609626,7.25,50
1719462610231,7.2,25
1719462610812,7.2,825
1719462611628,7.2,50
1719462612638,7.2,125
1719462613219,7.25,50
1719462613603,7.2,25
1719462614644,7.35,100
1719462615625,7.35,125
1719462615796,7.35,50
1719462616805,7.2,100
1719462617228,7.25,150
1719462617634,7.1,25
1719462618220,7.15,425
1719462618576,7.15,500
1719462619640,6.95,100
1719462619824,7.0,225
1719462620822,6.9,25
1719462621220,6.95,100
1719462621646,6.9,100
1719462622431,6.85,50
1719462622598,6.85,25
1719462623646,6.9,100
1719462623831,6.9,50
1719462624646,6.75,75
1719462625266,6.75,100
1719462625658,6.75,25
1719462626652,6.8,50
1719462626846,6.9,25
1719462627656,6.95,50
1719462628069,7.05,25
1719462628634,7.1,100
1719462629050,7.05,100
1719462629644,7.15,50
1719462630262,7.1,125
1719462630632,7.15,25
1719462631578,7.25,175
1719462631843,7.15,125
1719462632647,7.35,50
1719462633245,7.4,300
1719462633649,7.4,25
1719462634462,7.5,25
1719462634646,7.5,100
1719462635658,7.6,25
1719462636067,7.6,50
1719462636844,7.4,125
1719462637080,7.4,500
1719462637646,7.45,100
1719462638073,7.4,25
1719462638646,7.45,100
1719462639251,7.35,50
1719462639657,7.25,25
1719462640470,7.25,150
1719462640682,7.3,50
1719462641429,7.2,250
1719462641646,7.3,25
1719462642665,7.15,125
1719462642866,7.15,50
1719462643608,7.1,50
1719462644085,7.0,400
1719462644854,7.05,50
1719462645280,7.1,200
1719462645632,7.15,25
1719462646274,7.3,525
1719462646618,7.2,250
1719462647681,7.15,550
1719462648638,7.25,50
1719462648890,7.3,25
1719462649636,7.25,50
1719462650082,7.15,25
1719462650597,7.1,50
1719462651059,7.15,25
1719462651592,7.25,700
1719462652216,7.1,125
1719462652667,7.0,25
1719462653294,7.05,25
1719462653847,7.05,25
1719462657662,7.15,25
1719462658087,7.3,25
1719462658639,7.25,100
1719462659306,7.3,50
1719462659678,7.5,125
1719462660853,7.7,50
1719462660909,7.75,75
1719462661591,7.85,200
1719462661665,7.8,100
1719462662705,7.7,25
1719462662868,7.75,25
1719462663668,7.8,25
1719462664113,7.9,25
1719462664674,7.75,350
1719462665722,8.0,25
1719462665861,8.05,125
1719462666668,8.0,25
1719462666727,8.0,200
1719462667661,8.0,150
1719462668341,7.85,25
1719462668870,8.05,25
1719462669673,7.8,25
1719462669729,7.8,25
1719462670683,7.65,125
1719462671333,7.8,50
1719462671840,7.85,500
1719462672541,7.8,250
1719462672611,7.8,25
1719462673644,7.9,125
1719462673926,7.85,25
1719462674662,7.85,200
1719462675105,7.85,100
1719462675842,7.8,800
1719462676135,7.75,75
1719462676661,7.75,75
1719462677139,7.8,75
1719462677669,7.75,100
1719462678324,7.7,50
1719462678674,7.6,100
1719462679328,7.65,50
1719462679873,7.75,25
1719462680528,7.85,75
1719462680674,7.9,25
1719462681684,8.25,25
1719462682344,8.45,25
1719462682837,8.35,175
1719462683693,8.1,175
1719462683945,7.95,25
1719462684880,8.0,50
1719462685346,7.95,25
1719462685681,8.0,25
1719462686782,8.05,25
1719462687888,8.0,125
1719462688135,8.05,25
1719462688684,8.0,50
1719462689339,7.9,875
1719462689672,7.85,25
1719462690755,7.95,575
1719462690856,8.0,25
1719462691567,8.2,750
1719462691682,8.15,25
1719462692175,8.05,25
1719462692677,8.0,25
1719462693365,7.8,25
1719462693690,7.85,25
1719462694852,7.85,50
1719462695664,7.95,625
1719462696155,7.8,25
1719462696665,7.8,325
1719462697341,7.95,25
1719462697671,8.0,50
1719462702876,8.05,25
1719462703680,7.95,25
1719462703740,7.95,275
1719462704659,8.05,50
1719462704965,8.1,25
1719462705689,7.9,25
1719462706173,7.9,100
1719462706674,8.0,25
1719462735693,8.65,575
1719462736709,8.55,75
1719462737906,8.4,50
1719462738429,8.5,625
1719462738706,8.55,125
1719462739693,8.5,200
1719462739905,8.45,250
1719462740706,8.65,50
1719462740842,8.6,50
1719462741708,8.45,250
1719462742243,8.45,25
1719462742886,8.6,125
1719462743690,8.55,150
1719462743819,8.6,125
1719462744720,8.6,75
1719462745041,8.65,25
1719462745925,8.6,75
1719462746220,8.7,25
1719462746705,8.65,50
1719462747453,8.55,75
1719462747724,8.6,75
1719462748713,8.65,75
1719462748850,8.65,1250
1719462749707,8.65,25
1719462749995,8.6,50
1719462750905,8.6,325
1719462751224,8.6,150
1719462751531,8.55,25
1719462751716,8.55,25
1719462752731,8.7,100
1719462752838,8.75,25
1719462753705,9.1,75
1719462754463,8.95,75
1719462754731,8.8,175
1719462755940,8.9,375
1719462756716,9.05,50
1719462757717,9.15,1425
1719462758733,8.9,125
1719462759042,8.95,175
1719462759913,8.95,25
1719462760461,8.8,675
1719462760709,8.8,25
1719462761730,8.85,25
1719462762711,8.8,150
1719462763263,8.8,25
1719462763741,8.8,375
1719462764466,8.7,50
1719462764718,8.65,25
1719462765483,8.7,250
1719462765720,8.6,50
1719462766694,8.65,725
1719462766926,8.6,50
1719462767711,8.6,200
1719462767871,8.55,25
1719462768704,8.5,25
1719462769277,8.75,25
1719462769723,8.65,50
1719462770455,8.7,25
1719462770934,8.75,50
1719462771696,9.15,25
1719462771737,9.4,75
1719462772738,9.35,25
1719462773295,9.7,225
1719462773728,9.55,50
1719462774929,9.25,75
1719462775072,9.25,25
1719462775727,9.1,25
1719462776484,9.3,50
1719462776929,8.95,50
1719462777735,9.0,25
1719462778731,9.05,25
1719462779109,9.0,100
1719462779735,9.15,25
1719462780108,9.1,25
1719462780937,9.25,25
1719462781292,9.35,150
1719462781591,9.55,25
1719462781740,9.4,75
1719462782730,9.3,100
1719462782905,9.5,150
1719462783920,9.45,25
1719462784479,9.7,175
1719462784729,9.55,25
1719462785732,9.6,25
1719462786306,9.5,25
1719462786938,9.7,50
1719462787726,9.7,200
1719462788731,9.6,75
1719462789108,9.65,25
1719462789951,9.9,925
1719462790314,9.9,725
1719462790750,10.0,175
1719462791927,9.8,1075
1719462792729,9.95,25
1719462793328,9.85,125
1719462793725,9.75,25
1719462794742,9.85,50
1719462794942,9.75,50
1719462795721,9.9,125
1719462796128,9.9,225
1719462796737,9.8,50
1719462797537,9.75,775
1719462797952,9.55,75
1719462798750,9.6,25
1719462799122,9.5,200
1719462799741,9.65,500
1719462800321,9.9,25
1719462800957,10.05,100
1719462801767,10.1,1250
1719462802756,10.05,25
1719462803347,10.0,25
1719462803966,9.95,25
1719462804763,9.8,75
1719462805751,9.95,525
1719462806142,9.85,50
1719462806953,9.65,25
1719462807555,9.55,400
1719462807770,9.65,1475
1719462808775,9.6,150
1719462809133,9.65,100
1719462809982,9.4,50
1719462810548,9.55,200
1719462810746,9.45,275
1719462811586,9.4,1250
1719462811968,9.3,100
1719462812158,9.25,150
1719462812771,9.1,50
1719462813764,9.5,50
1719462813942,9.45,50
1719462814955,9.25,100
1719462815561,9.3,250
1719462815771,9.35,75
1719462816774,9.5,25
1719462816967,9.45,275
1719462817776,9.4,850
1719462818156,9.3,75
1719462818964,9.25,100
1719462819559,9.25,25
1719462819749,9.1,75
1719462820551,9.0,25
1719462820761,9.0,25
1719462821756,8.85,25
1719462821968,8.85,400
1719462822767,8.95,25
1719462823165,9.05,25
1719462823762,9.05,50
1719462824769,9.05,400
1719462824979,8.95,25
1719462825805,9.2,100
1719462826568,9.0,50
1719462826768,9.0,100
1719462827762,9.3,25
1719462828183,9.15,25
1719462828977,9.0,25
1719462829554,9.15,250
1719462829748,9.2,350
1719462830777,9.2,25
1719462831780,9.1,300
1719462831982,9.15,600
1719462832971,9.4,25
1719462833386,9.35,25
1719462833737,9.25,425
1719462834602,9.4,25
1719462834786,9.3,25
1719462835763,9.4,25
1719462836171,9.15,25
1719462836774,9.25,25
1719462837392,9.35,25
1719462837745,9.35,25
1719462838595,9.45,25
1719462838760,9.4,25
1719462839786,9.7,125
1719462839980,9.7,50
1719462840768,9.7,50
1719462841207,9.55,25
1719462841576,9.6,250
1719462841724,9.55,25
1719462842398,9.65,50
1719462842970,9.55,525
1719462843581,9.65,225
1719462843786,9.6,25
1719462844754,9.7,25
1719462845005,9.7,200
1719462845730,9.6,25
1719462846599,9.4,25
1719462846932,9.45,250
1719462847775,9.3,25
1719462848203,9.2,25
1719462848796,9.25,25
1719462849425,9.1,1075
1719462849760,9.05,25
1719462850576,9.25,50
1719462850768,9.25,125
1719462851958,9.5,25
1719462852162,9.45,150
1719462852751,9.25,25
1719462853617,9.35,25
1719462853799,9.3,100
1719462854791,9.2,25
1719462854818,9.2,250
1719462855777,9.45,25
1719462856227,9.45,250
1719462856769,9.25,25
1719462857444,9.25,50
1719462857788,9.3,100
1719462858594,9.35,350
1719462858988,9.3,825
1719462859571,9.35,25
1719462859778,9.4,600
1719462860777,9.45,50
1719462861228,9.4,75
1719462861802,9.55,75
1719462862643,9.65,25
1719462862776,9.5,25
1719462863639,9.65,350
1719462863773,9.6,1800
1719462864991,9.6,100
1719462865033,9.55,25
1719462865813,9.75,25
1719462866622,9.55,400
1719462866750,9.55,50
1719462867985,9.6,300
1719462868233,9.55,25
1719462868773,9.65,125
1719462869402,9.5,25
1719462869795,9.4,50
1719462870641,9.4,1350
1719462870790,9.4,450
1719462871624,9.45,75
1719462871769,9.5,75
1719462872057,9.45,200
1719462872976,9.45,50
1719462873252,9.45,100
1719462873758,9.45,25
1719462874657,9.4,50
1719462874787,9.45,25
1719462875780,9.5,25
1719462876662,9.55,25
1719462876799,9.6,25
1719462877839,9.55,625
1719462877973,9.5,100
1719462878780,9.6,225
1719462879041,9.65,25
1719462879768,9.6,50
1719462880292,9.55,50
1719462880730,9.6,25
1719462881458,9.8,250
1719462881808,9.65,25
1719462882643,9.75,175
1719462882800,9.75,25
1719462883877,9.65,775
1719462884753,9.65,25
1719462885070,9.65,25
1719462886005,9.55,25
1719462886429,9.7,25
1719462886742,9.65,175
1719462887773,9.75,25
1719462887821,9.7,25
1719462888849,9.6,50
1719462889271,9.6,25
1719462889811,9.65,100
1719462890666,9.75,25
1719462890763,9.75,25
1719462891686,9.75,200
1719462891805,9.7,100
1719462892855,9.8,50
1719462893794,9.85,50
1719462894242,9.8,100
1719462894806,9.9,100
1719462895483,9.9,25
1719462895808,9.9,175
1719462896488,10.0,475
1719462896791,10.0,25
1719462898004,10.2,975
1719462898807,10.7,250
1719462899285,10.65,25
1719462899815,10.6,25
1719462900890,10.8,50
1719462901012,10.65,25
1719462901579,10.45,400
1719462901809,10.35,75
1719462902710,10.0,25
1719462902828,10.1,125
1719462904017,9.85,25
1719462904302,9.7,50
1719462904819,9.7,75
1719462905901,9.6,100
1719462906827,9.8,25
1719462907712,10.05,75
1719462908041,10.0,25
1719462908799,10.0,25
1719462909100,9.9,725
1719462909807,9.9,325
1719462910317,9.85,50
1719462910829,9.8,25
1719462911694,9.75,25
1719462912024,9.85,25
1719462912800,9.8,25
1719462912910,9.85,250
1719462913769,9.9,900
1719462914308,9.9,500
1719462914831,9.8,125
1719462915484,9.95,400
1719462915807,9.95,25
1719462916711,9.95,175
1719462916818,9.85,200
1719462917689,9.9,25
1719462917817,9.75,25
1719462919125,10.0,75
1719462919791,10.1,200
1719462920319,10.05,600
1719462920804,10.0,75
1719462921542,10.15,125
1719462921821,10.2,25
1719462922724,10.4,50
1719462922789,10.3,25
1719462923830,10.35,50
1719462924130,10.4,250
1719462924833,10.3,25
1719462925516,10.3,50
1719462925824,10.2,25
1719462926710,10.15,25
1719462926816,10.15,25
1719462927832,10.1,25
1719462927939,10.05,25
1719462928696,10.0,25
1719462929123,10.05,325
1719462929829,9.95,25
1719462930505,10.0,25
1719462930822,9.95,175
1719462931591,10.1,25
1719462931840,10.0,25
1719462932833,10.0,50
1719462933148,10.05,275
1719462933812,10.1,75
1719462934149,10.2,225
1719462934806,10.15,25
1719462935736,10.1,25
1719462935842,10.15,50
1719462936811,10.3,25
1719462938040,10.8,25
1719462938367,10.95,175
1719462938834,10.9,25
1719462939836,11.05,500
1719462940836,10.9,50
1719462941842,11.3,475
1719462942131,11.25,25
1719462942843,11.5,25
1719462943565,11.8,25
1719462943841,11.8,25
1719462944855,12.05,25
1719462945160,11.8,50
1719462945832,11.7,125
1719462946551,11.55,425
1719462946834,11.45,75
1719462947577,11.0,25
1719462948035,11.2,50
1719462948851,11.0,50
1719462949843,11.0,750
1719462950815,10.7,50
1719462951159,10.8,75
1719462951827,10.9,100
1719462952366,10.7,275
1719462952848,10.85,250
1719462953769,10.9,75
1719462953832,10.85,300
1719462954841,11.0,1250
1719462954968,11.0,75
1719462956131,11.05,100
1719462956850,10.95,25
1719462957591,10.8,475
1719462957884,10.8,25
1719462958856,10.7,250
1719462959844,10.5,100
1719462960175,10.65,25
1719462960842,10.8,25
1719462961581,11.05,100
1719462962022,11.15,50
1719462962787,11.1,50
1719462962859,11.0,75
1719462964001,10.65,250
1719462964842,10.75,50
1719462965178,10.7,700
1719462966032,10.75,175
1719462966598,10.75,25
1719462966832,10.7,100
1719462967845,10.5,150
1719462968860,10.4,75
1719462968976,10.3,75
1719462969838,10.7,25
1719462970191,10.8,100
1719462970837,10.75,700
1719462971612,10.85,450
1719462971792,10.8,50
1719462972823,10.9,25
1719462972834,10.9,25
1719462973789,10.95,25
1719462974926,10.85,25
1719462975827,10.95,25
1719462976004,10.9,75
1719462977218,10.75,700
1719462977851,10.75,50
1719462978329,10.7,25
1719462978848,10.6,75
1719462979608,10.6,25
1719462979842,10.65,25
1719462980604,10.7,450
1719462980850,10.75,25
1719462981591,10.8,25
1719462981826,10.8,50
1719462982779,10.8,50
1719462983798,10.6,50
1719462984060,10.6,75
1719462984885,10.65,25
1719462985021,10.65,25
1719462985846,10.55,25
1719462986214,10.6,25
1719462986858,10.45,25
1719462987230,10.65,25
1719462987883,10.55,25
1719462988212,10.5,75
1719462988863,10.3,25
1719462989613,10.35,50
1719462990085,10.25,250
1719462990832,10.25,25
1719462990879,10.2,25
1719462991578,10.15,250
1719462991809,10.1,25
1719462991936,10.15,25
1719462993062,10.25,125
1719462993232,10.25,25
1719462993850,10.3,25
1719462994444,10.35,800
1719462994866,10.25,25
1719462995646,10.4,25
1719462995850,10.4,25
1719462996824,10.55,375
1719462996872,10.55,25
1719462997602,10.45,475
1719462997866,10.45,75
1719462998875,10.5,300
1719462999040,10.5,50
1719462999869,10.55,150
1719463000444,10.55,50
1719463000855,10.4,25
1719463001656,10.25,25
1719463001873,10.2,50
1719463002879,10.25,150
1719463003037,10.2,75
1719463003879,10.2,300
1719463004241,10.25,600
1719463005061,10.35,100
1719463005631,10.1,150
1719463005879,10.2,500
1719463006660,10.2,25
1719463006873,10.15,75
1719463007651,10.3,25
1719463007857,10.3,25
1719463008853,10.5,25
1719463008858,10.5,25
1719463009872,10.65,25
1719463010819,10.7,25
1719463011058,10.7,25
1719463011875,10.65,25
1719463012239,10.55,25
1719463012893,10.5,50
1719463013468,10.6,50
1719463013892,10.5,25
1719463014667,10.6,200
1719463014859,10.6,50
1719463015887,10.5,375
1719463016862,10.55,25
1719463017077,10.6,25
1719463017895,10.7,25
1719463018257,10.85,25
1719463018864,10.85,50
1719463019673,10.95,25
1719463019875,10.95,625
1719463020876,11.1,25
1719463021090,11.25,125
1719463021574,11.3,25
1719463021892,11.35,225
1719463022031,11.35,25
1719463022896,11.15,75
1719463023281,11.3,150
1719463023879,11.2,600
1719463024273,11.3,275
1719463024873,11.15,75
1719463025478,11.15,50
1719463025879,11.3,125
1719463026619,11.15,275
1719463026880,11.2,25
1719463027874,11.3,200
1719463029068,11.6,325
1719463029476,11.55,725
1719463029887,11.55,125
1719463030679,11.85,50
1719463030894,11.9,400
1719463031880,12.2,25
1719463032902,12.3,25
1719463033080,12.15,50
1719463034080,11.6,25
1719463034287,11.5,25
1719463034901,11.2,300
1719463035679,11.0,200
1719463035881,11.0,125
1719463036909,10.85,75
1719463037098,11.0,25
1719463038075,11.1,50
1719463038496,11.0,200
1719463038885,11.0,75
1719463039684,11.1,200
1719463039878,11.15,200
1719463040873,11.25,25
1719463041900,11.0,100
1719463042895,10.95,25
1719463042895,10.95,25
1719463043899,10.85,225
1719463044114,10.95,200
1719463044894,11.25,50
1719463045504,11.15,125
1719463045894,11.1,100
1719463046710,11.2,25
1719463046909,11.1,75
1719463047718,11.3,25
1719463047904,11.3,25
1719463048920,11.1,250
1719463049903,11.05,50
1719463050100,11.1,25
1719463050900,11.0,50
1719463051340,10.95,25
1719463051572,10.85,325
1719463051909,10.8,75
1719463052727,10.7,25
1719463052905,10.6,25
1719463053927,10.75,50
1719463054882,10.75,450
1719463055315,10.8,25
1719463055918,10.75,25
1719463056512,10.85,425
1719463056905,10.8,75
1719463057713,10.65,25
1719463057900,10.55,25
1719463058708,10.45,75
1719463058918,10.45,25
1719463059890,10.6,50
1719463060948,10.55,25
1719463062108,10.85,50
1719463062341,10.85,75
1719463062892,10.8,250
1719463063542,10.6,25
1719463063905,10.65,75
1719463064727,10.55,100
1719463064841,10.55,25
1719463065731,10.5,125
1719463065909,10.5,25
1719463066909,10.5,50
1719463066933,10.45,25
1719463067916,10.65,25
1719463068923,10.65,75
1719463069152,10.7,25
1719463069871,10.7,300
1719463070346,10.75,175
1719463070891,10.85,25
1719463071753,10.7,25
1719463071928,10.8,25
1719463072724,10.8,25
1719463072925,10.65,75
1719463073929,10.65,25
1719463074920,10.65,50
1719463075174,10.75,25
1719463075917,10.7,25
1719463076295,10.65,125
1719463076914,10.7,25
1719463077367,10.85,100
1719463077926,10.75,25
1719463078752,10.8,100
1719463078906,10.7,25
1719463079895,10.65,25
1719463079962,10.6,25
1719463080945,10.5,75
1719463081573,10.65,25
1719463081885,10.6,50
1719463082155,10.6,25
1719463082917,10.75,25
1719463083373,10.7,25
1719463083938,10.8,25
1719463084571,11.0,325
1719463084926,10.9,25
1719463085555,11.1,25
1719463085913,10.95,25
1719463086789,10.75,125
1719463086930,10.7,50
1719463087770,10.9,625
1719463087914,10.9,25
1719463089138,10.6,25
1719463089354,10.65,50
1719463089941,10.7,25
1719463090787,10.75,75
1719463090944,10.8,25
1719463091787,10.8,25
1719463091934,10.9,25
1719463092982,10.75,50
1719463093123,10.75,50
1719463093959,10.85,25
1719463094935,10.95,75
1719463095203,11.0,75
1719463095945,11.0,25
1719463096191,11.05,25
1719463096912,10.9,75
1719463097760,10.9,25
1719463097938,10.85,25
1719463098922,10.7,600
1719463099007,10.75,25
1719463099900,10.7,25
1719463100196,10.7,75
1719463100942,10.8,25
1719463101409,10.9,25
1719463101945,10.8,25
1719463102804,10.9,25
1719463102944,10.8,25
1719463103793,10.85,100
1719463103910,10.75,25
1719463104839,10.8,25
1719463104928,10.8,25
1719463105815,10.85,25
1719463105946,10.75,25
1719463106927,10.85,25
1719463107892,10.75,500
1719463107981,10.75,25
1719463108363,10.85,25
1719463108932,10.8,175
1719463109205,10.75,25
1719463109909,10.65,25
1719463110424,10.65,25
1719463110947,10.7,200
1719463111569,10.75,100
1719463111621,10.65,125
1719463111951,10.65,75
1719463112937,10.55,25
1719463113426,10.65,50
1719463113932,10.55,125
1719463114438,10.45,25
1719463114942,10.45,25
1719463115609,10.5,100
1719463115931,10.45,25
1719463116821,10.55,250
1719463116950,10.5,25
1719463117813,10.55,25
1719463117916,10.6,25
1719463119035,10.7,300
1719463119926,10.7,25
1719463120025,10.7,200
1719463120955,10.85,275
1719463121447,11.2,50
1719463121946,11.3,375
1719463122836,11.55,500
1719463122946,11.55,25
1719463124020,11.6,100
1719463124138,11.7,50
1719463124942,11.4,75
1719463125028,11.4,50
1719463125921,11.5,600
1719463126430,11.5,50
1719463126975,11.75,225
1719463127850,11.75,25
1719463127950,11.6,50
1719463128949,11.4,25
1719463129049,11.3,25
1719463129918,11.0,25
1719463130236,11.05,100
1719463130950,10.95,50
1719463131450,10.95,25
1719463131916,11.05,25
1719463132864,11.05,25
1719463132905,11.05,25
1719463133892,10.95,400
1719463134050,11.0,25
1719463134943,10.95,25
1719463135067,10.95,25
1719463135910,11.0,25
1719463136251,11.1,900
1719463136940,11.25,400
1719463137252,11.25,200
1719463137962,11.15,25
1719463138257,11.2,200
1719463138945,11.2,25
1719463139665,11.45,25
1719463139950,11.5,50
1719463140674,11.35,25
1719463140958,11.5,25
1719463141584,11.45,275
1719463141858,11.55,25
1719463141955,11.55,25
1719463142942,11.45,25
1719463143065,11.4,25
1719463143962,11.2,25
1719463144053,11.2,25
1719463144960,11.05,100
1719463145281,10.95,25
1719463145942,11.15,125
1719463146470,11.15,50
1719463146975,11.35,350
1719463147656,11.2,1075
1719463147945,11.2,25
1719463148581,11.2,25
1719463148973,11.3,125
1719463149933,11.15,350
1719463150877,11.1,300
1719463150877,11.1,300
1719463152066,11.25,25
1719463152932,11.2,275
1719463153265,11.15,475
1719463154154,11.45,200
1719463154480,11.35,125
1719463154941,11.45,50
1719463155973,11.5,50
1719463156849,11.55,25
1719463156965,11.5,25
1719463157912,11.35,225
1719463157944,11.35,150
1719463158980,11.15,25
1719463159319,11.15,25
1719463159945,11.3,25
1719463160290,11.35,25
1719463160977,11.3,25
1719463161656,11.45,25
1719463161965,11.4,125
1719463162699,11.45,25
1719463162975,11.45,300
1719463164082,11.35,25
1719463164945,11.4,25
1719463165102,11.45,300
1719463165977,11.55,50
1719463166112,11.55,200
1719463166969,11.5,75
1719463167121,11.35,25
1719463167964,11.4,25
1719463168312,11.45,25
1719463168950,11.4,25
1719463169268,11.25,75
1719463169981,11.1,500
1719463170499,11.25,25
1719463170947,11.2,75
1719463171570,11.3,25
1719463172007,11.2,75
1719463172917,11.3,1525
1719463172984,11.3,25
1719463173949,11.3,125
1719463174976,11.2,25
1719463175928,11.05,25
1719463175971,11.05,25
1719463176966,11.15,25
1719463177125,11.15,25
1719463177316,11.1,25
1719463177974,11.1,25
1719463178730,11.0,1625
1719463178955,11.1,25
1719463179514,10.95,25
1719463179976,10.65,50
1719463180985,11.2,25
1719463181988,11.4,25
1719463182127,11.4,25
1719463182963,11.45,25
1719463183336,11.55,50
1719463183981,11.4,75
1719463184719,11.5,25
1719463184976,11.45,625
1719463185741,11.3,50
1719463185992,11.2,25
1719463186663,11.1,25
1719463186994,10.95,375
1719463187953,11.05,25
1719463188681,11.05,200
1719463188986,10.9,50
1719463189980,10.9,100
1719463190972,10.7,50
1719463191365,10.75,200
1719463191991,10.8,25
1719463192510,10.85,325
1719463192952,10.8,50
1719463193498,10.8,150
1719463193993,10.7,25
1719463194537,10.8,25
1719463194967,10.85,25
1719463195542,10.8,125
1719463195995,10.65,25
1719463196553,10.75,25
1719463197000,10.8,25
1719463197746,10.85,25
1719463198001,10.8,25
1719463198930,10.95,100
1719463199191,10.9,25
1719463200001,10.8,25
1719463200979,10.75,25
1719463201163,10.95,25
1719463201576,10.9,25
1719463201954,10.95,25
1719463202365,10.95,25
1719463202980,10.9,225
1719463203358,10.8,400
1719463203971,10.65,25
1719463204556,10.8,100
1719463204998,10.95,25
1719463205740,10.7,25
1719463205998,10.7,500
1719463206960,10.65,50
1719463206990,10.7,25
1719463207974,10.95,200
1719463208164,10.95,25
1719463208892,10.85,800
1719463209139,10.8,50
1719463209932,10.75,25
1719463210156,10.75,225
1719463210373,11.05,75
1719463210969,11.1,25
1719463211372,11.1,100
1719463211997,11.25,125
1719463212572,11.45,75
1719463212998,11.25,25
1719463213799,11.3,50
1719463213971,11.25,1000
1719463214992,11.2,25
1719463215987,11.1,700
1719463216005,11.1,250
1719463217005,11.1,25
1719463217999,11.05,25
1719463218185,10.95,150
1719463219010,10.9,25
1719463219194,11.0,25
1719463220010,10.95,25
1719463220193,10.95,25
1719463220998,11.1,25
1719463221325,11.1,50
1719463221940,11.1,50
1719463222711,11.2,25
1719463223014,11.25,25
1719463224002,11.3,175
1719463225009,11.45,125
1719463226015,11.5,25
1719463226192,11.6,25
1719463226994,11.5,25
1719463227202,11.6,200
1719463228207,11.8,175
1719463228408,11.85,50
1719463229014,11.7,50
1719463229606,11.4,25
1719463230006,11.2,100
1719463230822,11.15,25
1719463231005,11.0,25
1719463231566,11.0,25
1719463232007,11.15,25
1719463232216,11.25,375
1719463233006,11.15,75
1719463233932,10.95,75
1719463235034,11.05,50
1719463235608,10.95,25
1719463236025,10.85,50
1719463237010,11.05,125
1719463237208,11.0,25
1719463238013,10.95,175
1719463238421,10.95,175
1719463239016,10.95,25
1719463239632,10.95,25
1719463239999,10.95,50
1719463240792,11.0,50
1719463240969,10.95,150
1719463241972,10.9,25
1719463242995,10.8,125
1719463243218,10.85,100
1719463244005,10.9,75
1719463244230,10.8,150
1719463244993,10.9,325
1719463245197,10.9,275
1719463245418,10.9,25
1719463245999,10.95,100
1719463246638,11.1,25
1719463246944,11.15,250
1719463247536,11.1,50
1719463248020,11.05,25
1719463248549,10.95,25
1719463248978,11.0,125
1719463249630,10.95,50
1719463250015,10.85,25
1719463250799,11.05,25
1719463251030,11.1,100
1719463254027,11.15,25
1719463254236,11.1,25
1719463255028,11.0,25
1719463255464,11.15,25
1719463256034,11.1,100
1719463256668,11.05,25
1719463257007,11.05,225
1719463257624,10.95,250
1719463258036,10.9,50
1719463258819,10.8,25
1719463259014,10.75,25
1719463259930,10.9,25
1719463261059,10.9,50
1719463261586,11.1,50
1719463262026,11.4,450
1719463262235,11.35,50
1719463263030,11.3,475
1719463263254,11.3,25
1719463264034,11.0,25
1719463264255,11.0,50
1719463265011,11.15,25
1719463265455,11.25,650
1719463266018,11.2,25
1719463266875,11.35,50
1719463267021,11.2,25
1719463281240,11.8,50
1719463282009,11.65,25
1719463282275,11.8,75
1719463283042,11.75,550
1719463283703,11.7,75
1719463284044,11.65,75
1719463286049,11.45,200
1719463286106,11.45,25
1719463287050,11.5,450
1719463287300,11.55,50
1719463288022,11.3,125
1719463288707,11.35,25
1719463289043,11.5,25
1719463290093,11.75,100
1719463291043,11.7,75
1719463291313,11.8,75
1719463291578,11.7,175
1719463292038,11.65,25
1719463292508,11.7,800
1719463293044,11.7,25
1719463293841,11.7,25
1719463294049,11.75,250
1719463295114,11.8,150
1719463296061,11.65,125
1719463296125,11.75,50
1719463297048,11.65,125
1719463297323,11.6,100
1719463298028,11.75,50
1719463298319,11.95,100
1719463299055,11.9,500
1719463299725,11.85,25
1719463300052,11.85,25
1719463300709,11.9,1000
1719463301065,11.9,25
1719463304319,11.7,25
1719463305031,11.6,25
1719463305313,11.6,250
1719463306061,11.5,275
1719463306499,11.6,75
1719463307059,11.5,50
1719463307712,11.5,50
1719463308045,11.35,200
1719463309113,11.55,100
1719463310092,11.5,25
1719463311033,11.55,50
1719463311253,11.6,25
1719463312052,11.6,950
1719463312523,11.7,25
1719463313058,11.8,100
1719463313715,11.75,50
1719463314041,11.65,75
1719463315070,11.7,25
1719463315298,11.7,200
1719463316025,11.7,1200
1719463316308,11.7,25
1719463317251,11.65,100
1719463317551,11.65,75
1719463318046,11.55,25
1719463318900,11.55,25
1719463319073,11.5,50
1719463320081,11.65,325
1719463320133,11.55,375
1719463329160,11.55,25
1719463330051,11.55,25
1719463330139,11.6,75
1719463331070,11.4,50
1719463331358,11.45,150
1719463359098,12.25,75
1719463359192,12.15,100
1719463360081,12.25,25
1719463360405,12.25,50
1719463361039,12.15,150
1719463361792,12.2,25
1719463362108,12.05,50
1719463362819,11.85,25
1719463363063,11.75,50
1719463364009,11.6,700
1719463364101,11.65,25
1719463365021,11.85,25
1719463365032,11.85,75
1719463366102,11.85,75
1719463366201,11.8,175
1719463367084,11.85,325
1719463367197,11.8,25
1719463368078,11.7,350
1719463368621,11.8,25
1719463369054,11.95,25
1719463369615,12.0,75
1719463370062,12.0,50
1719463370650,11.95,25
1719463371079,11.95,25
1719463371617,12.0,25
1719463372072,12.0,25
1719463373016,12.05,50
1719463373065,12.05,50
1719463374089,12.15,25
1719463374197,12.1,125
1719463376092,12.05,50
1719463376441,11.95,50
1719463377847,11.95,50
1719463378067,11.85,25
1719463379109,11.8,50
1719463379232,11.8,25
1719463380095,11.55,50
1719463380452,11.5,25
1719463381240,11.4,250
1719463381571,11.3,25
1719463382096,11.35,75
1719463383095,11.3,50
1719463383271,11.2,50
1719463384088,11.2,125
1719463384445,11.25,25
1719463385088,11.4,150
1719463385853,11.3,500
1719463386072,11.35,50
1719463387091,11.65,25
1719463387211,11.65,25
1719463388108,11.5,25
1719463388452,11.5,25
1719463389108,11.45,125
1719463389419,11.45,25
1719463390092,11.5,425
1719463390843,11.4,200
1719463391106,11.4,250
1719463392114,11.2,175
1719463392274,11.3,400
1719463393096,11.35,200
1719463393266,11.3,75
1719463394091,11.3,25
1719463394471,11.25,125
1719463395109,11.2,50
1719463395489,11.2,150
1719463396104,11.2,25
1719463396688,11.1,25
1719463397118,11.3,25
1719463397872,11.2,25
1719463398120,11.2,25
1719463399094,11.2,125
1719463400116,11.3,50
1719463400222,11.35,50
1719463401093,11.3,25
1719463401463,11.25,25
1719463402116,11.25,200
1719463402488,11.25,200
1719463403067,11.2,350
1719463403498,11.3,25
1719463404110,11.15,150
1719463404897,11.15,375
1719463405093,11.1,50
1719463406105,11.0,75
1719463407115,10.75,50
1719463407302,10.5,50
1719463408292,10.65,25
1719463408904,10.6,75
1719463409126,10.55,100
1719463410133,10.45,75
1719463411138,10.45,50
1719463411315,10.6,25
1719463411585,10.55,125
1719463412113,10.6,300
1719463412484,10.65,25
1719463413096,10.65,25
1719463413502,10.6,100
1719463414128,10.8,75
1719463415100,10.7,25
1719463415326,10.75,25
1719463416098,10.7,300
1719463416514,10.7,25
1719463417132,10.65,25
1719463417722,10.6,75
1719463418105,10.6,25
1719463419138,10.5,25
1719463420109,10.4,125
1719463420519,10.35,25
1719463421127,10.5,25
1719463421523,10.45,25
1719463422131,10.4,100
1719463422850,10.45,25
1719463423080,10.35,1000
1719463424085,10.15,25
1719463424321,10.25,25
1719463425327,10.2,50
1719463425509,10.25,25
1719463426115,10.15,25
1719463426941,10.1,800
1719463427119,10.15,400
1719463428143,9.65,50
1719463428334,9.3,50
1719463429344,9.05,25
1719463429932,8.95,100
1719463430133,9.05,75
1719463431138,9.2,250
1719463431541,9.2,50
1719463432132,9.1,50
1719463433122,8.75,50
1719463433321,8.6,75
1719463434138,9.05,25
1719463434731,8.95,25
1719463435149,8.95,325
1719463436307,8.95,25
1719463436351,8.95,25
1719463437130,9.0,125
1719463437762,8.85,75
1719463438136,9.0,25
1719463439147,8.95,125
1719463440114,9.05,125
1719463440551,9.05,50
1719463441317,9.15,25
1719463441576,9.2,25
1719463441967,9.25,25
1719463442128,9.25,25
1719463443140,9.4,25
1719463443342,9.5,50
1719463444111,9.4,125
1719463444371,9.35,100
1719463445126,9.45,25
1719463445554,9.45,250
1719463466155,9.3,550
1719463466894,9.35,25
1719463467136,9.3,100
1719463468152,9.5,25
1719463468363,9.45,325
1719463469112,9.5,25
1719463469305,9.55,50
1719463470164,9.6,50
1719463470822,9.75,25
1719463471102,9.9,75
1719463471567,9.75,50
1719463472148,9.8,25
1719463472378,9.85,200
1719463473164,9.8,25
1719463473610,9.85,25
1719463474171,10.0,25
1719463475016,9.9,125
1719463475156,9.85,25
1719463476145,9.85,75
1719463476347,9.85,475
1719463477147,9.95,125
1719463477524,9.85,100
1719463478132,9.7,1175
1719463478789,9.55,200
1719463479155,9.65,425
1719463480140,9.5,125
1719463480191,9.6,25
1719463481105,9.5,50
1719463481624,9.45,25
1719463482162,9.45,250
1719463482985,9.35,50
1719463483130,9.35,1100
1719463484153,9.35,25
1719463484430,9.4,25
1719463485125,9.35,50
1719463485837,9.35,100
1719463486117,9.4,475
1719463486952,9.4,25
1719463487133,9.3,25
1719463488157,9.4,25
1719463488424,9.35,50
1719463489141,9.35,50
1719463490025,9.45,25
1719463490107,9.45,25
1719463491168,9.3,25
1719463491407,9.35,200
1719463492168,9.25,50
1719463493035,9.3,25
1719463493163,9.3,100
1719463495151,9.35,50
1719463496045,9.45,100
1719463496092,9.4,50
1719463497144,9.4,25
1719463497461,9.45,625
1719463498174,9.5,25
1719463498635,9.4,75
1719463499157,9.5,25
1719463500137,9.45,25
1719463500453,9.45,450
1719463501176,9.3,150
1719463501557,9.3,25
1719463501634,9.3,25
1719463502177,9.25,75
1719463502809,9.2,50
1719463503173,9.3,25
1719463504125,9.15,25
1719463504455,9.05,50
1719463505170,9.2,25
1719463505671,9.05,25
1719463506178,8.65,125
1719463507264,8.75,100
1719463508157,8.9,50
1719463508863,8.9,25
1719463509179,8.9,25
1719463510177,8.85,75
1719463510462,8.8,25
1719463511180,8.65,25
1719463512338,8.5,25
1719463513190,8.6,50
1719463513871,8.65,75
1719463514053,8.6,25
1719463515161,8.6,300
1719463515265,8.5,50
1719463516187,8.45,25
1719463516476,8.5,25
1719463517136,8.5,25
1719463517652,8.45,50
1719463518185,8.6,225
1719463519088,8.6,25
1719463519165,8.5,500
1719463520197,8.75,125
1719463520301,8.7,25
1719463521195,8.8,25
1719463521892,8.95,250
1719463522185,8.9,25
1719463523195,9.0,25
1719463523500,9.05,25
1719463524206,9.05,125
1719463524862,9.3,25
1719463525166,9.35,100
1719463526193,9.25,25
1719463526498,9.3,50
1719463527201,9.35,75
1719463527709,9.35,125
1719463528190,9.4,75
1719463529184,9.4,50
1719463529305,9.45,25
1719463530189,9.45,50
1719463531103,9.6,500
1719463531179,9.6,50
1719463531583,9.65,25
1719463532130,9.8,1200
1719463532517,9.8,25
1719463533197,9.6,25
1719463534047,9.6,150
1719463534194,9.6,75
1719463535400,9.75,100
1719463535712,9.7,75
1719463536171,9.7,125
1719463537192,10.05,25
1719463537305,9.95,75
1719463538194,9.9,25
1719463539173,9.8,125
1719463540173,9.7,25
1719463540718,9.75,100
1719463541177,9.85,25
1719463542159,9.6,50
1719463542335,9.65,25
1719463543189,9.8,25
1719463543527,9.75,75
1719463544200,9.75,25
1719463544715,9.7,125
1719463545179,9.7,100
1719463546122,9.8,25
1719463546198,9.85,25
1719463547204,9.75,425
1719463547529,9.85,25
1719463548200,9.8,125
1719463549145,10.0,25
1719463549209,10.0,300
1719463550189,10.0,25
1719463550738,10.1,75
1719463551205,10.05,500
1719463552207,9.9,25
1719463552351,9.85,25
1719463553208,9.8,25
1719463554208,9.7,25
1719463555401,9.55,100
1719463555526,9.55,250
1719463556213,9.65,25
1719463556961,9.55,25
1719463557171,9.55,25
1719463558205,9.7,75
1719463558534,9.7,25
1719463559198,9.7,50
1719463559774,9.8,25
1719463560209,9.7,150
1719463560740,9.65,175
1719463561200,9.65,25
1719463561603,9.6,375
1719463561768,9.6,50
1719463562153,9.65,425
1719463563152,9.6,50
1719463564128,9.45,125
1719463564363,9.45,50
1719463565173,9.45,25
1719463565770,9.45,25
1719463566168,9.5,25
1719463566964,9.3,100
1719463567206,9.3,25
1719463568186,9.4,25
1719463568539,9.45,25
1719463569197,9.35,250
1719463569580,9.35,50
1719463570206,9.3,50
1719463570974,9.2,25
1719463571175,9.3,50
1719463572202,9.3,25
1719463572356,9.35,50
1719463573214,9.15,25
1719463573759,9.15,25
1719463574223,9.25,75
1719463575228,9.2,25
1719463575363,9.3,25
1719463576172,9.2,1500
1719463576968,9.3,75
1719463577215,9.35,25
1719463578222,9.25,25
1719463578385,9.2,25
1719463579214,9.1,25
1719463579970,9.05,50
1719463580204,9.0,25
1719463581188,9.0,600
1719463581331,9.05,25
1719463582184,9.05,50
1719463582771,8.9,125
1719463583159,8.95,75
1719463584201,8.7,50
1719463585166,8.65,25
1719463585409,8.75,125
1719463586192,8.8,550
1719463586991,8.9,575
1719463587214,8.95,25
1719463588165,8.9,600
1719463588785,9.05,175
1719463589120,9.0,250
1719463590202,9.1,1000
1719463590373,9.05,100
1719463591224,9.1,150
1719463591589,9.1,175
1719463591782,9.1,25
1719463592228,9.0,225
1719463593207,9.0,25
1719463594273,9.0,75
1719463594807,8.9,50
1719463595190,8.9,250
1719463596169,8.9,200
1719463597185,8.9,50
1719463597820,8.85,25
1719463598003,8.85,25
1719463599226,8.8,50
1719463599379,8.75,25
1719463600229,8.9,25
1719463601008,8.8,50
1719463601223,8.8,25
1719463602233,8.9,25
1719463610236,9.4,125
1719463611166,9.4,250
1719463612199,9.35,175
1719463613231,9.4,25
1719463613764,9.4,250
1719463614231,9.35,25
1719463615117,9.3,25
1719463615393,9.4,100
1719463616147,9.35,100
1719463616733,9.45,25
1719463617254,9.55,150
1719463618219,9.5,100
1719463619241,9.25,100
1719463619761,9.25,25
1719463620178,9.25,575
1719463621198,9.1,25
1719463621596,9.1,650
1719463621662,9.15,50
1719463622245,9.05,400
1719463623255,9.0,1200
1719463624198,9.0,75
1719463624854,9.0,50
1719463625243,9.0,25
1719463626176,8.95,100
1719463626254,8.95,25
1719463627237,9.0,300
1719463627825,9.05,25
1719463628250,9.1,25
1719463629031,9.15,50
1719463629228,9.1,25
1719463630004,9.25,125
1719463630654,9.3,25
1719463631166,9.2,25
1719463632084,9.25,25
1719463632270,9.25,25
1719463633205,9.3,500
1719463633610,9.25,25
1719463634221,9.25,25
1719463635245,9.2,25
1719463635245,9.2,25
1719463636087,9.2,25
1719463636807,9.2,175
1719463637262,9.45,50
1719463638248,9.3,625
1719463639149,9.3,500
1719463639491,9.4,25
1719463640257,9.4,525
1719463640848,9.5,175
1719463641191,9.5,50
1719463641880,9.55,25
1719463642272,9.5,300
1719463643273,9.5,375
1719463644270,9.65,225
1719463644673,9.55,125
1719463645138,9.6,125
1719463646025,9.55,25
1719463646204,9.6,50
1719463647258,9.45,300
1719463647503,9.4,25
1719463664415,9.0,75
1719463665275,8.85,75
1719463666137,8.85,25
1719463666284,8.85,25
1719463667267,9.05,750
1719463667722,9.0,200
1719463668446,8.85,25
1719463668891,8.8,25
1719463669254,8.85,25
1719463670210,8.8,25
1719463670539,8.85,25
1719463671204,8.85,300
1719463671927,8.95,25
1719463672176,9.0,50
1719463673066,9.0,175
1719463673264,9.05,25
1719463674133,9.2,25
1719463674242,9.25,25
1719463675288,9.1,25
1719463675515,9.05,450
1719463676292,9.0,25
1719463676747,9.05,750
1719463677272,9.1,50
1719463678100,9.1,325
1719463678273,9.15,200
1719463679282,9.15,50
1719463679704,9.0,25
1719463680198,9.0,25
1719463681248,8.95,125
1719463681332,8.95,200
1719463681561,8.9,75
1719463682279,8.95,25
1719463682767,8.85,400
1719463683277,8.9,25
1719463683949,9.0,25
1719463684473,8.8,75
1719463685367,8.85,75
1719463686306,8.95,25
1719463686779,9.05,50
1719463687257,8.9,250
1719463688136,8.85,25
1719463688292,8.85,75
1719463689196,8.85,25
1719463748299,9.4,25
1719463748855,9.4,25
1719463749303,9.4,100
1719463750059,9.4,100
1719463750326,9.45,150
1719463751334,9.45,125
1719463751665,9.55,25
1719463752279,9.55,200
1719463753262,9.6,25
1719463753262,9.6,25
1719463754175,9.55,50
1719463755065,9.5,25
1719463755268,9.4,25
1719463756275,9.4,500
1719463756576,9.5,25
1719463761340,9.95,50
1719463761684,9.95,25
1719463762334,10.0,25
1719463763057,9.95,200
1719463763331,10.0,200
1719463764334,9.9,25
1719463764673,9.9,375
1719463765334,9.9,25
1719463766040,9.9,825
1719463766320,9.65,100
1719463767305,9.5,500
1719463768330,9.55,25
1719463768884,9.65,25
1719463769318,9.65,25
1719463770079,9.8,50
1719463770339,9.75,25
1719463771295,9.7,600
1719463771347,9.65,100
1719463776339,10.0,150
1719463776829,10.1,50
1719463777339,10.15,1575
1719463778333,10.0,50
1719463779334,10.15,125
1719463779525,10.15,250
1719463781343,9.85,25
1719463782345,9.95,1425
1719463782508,10.0,50
1719463783336,10.0,25
1719463783884,10.05,50
1719463784349,10.05,50
1719463784913,10.0,25
1719463785330,9.95,25
1719463786302,9.9,50
1719463787300,9.9,125
1719463787593,9.95,875
1719463788316,10.0,50
1719463788835,10.0,1000
1719463789297,10.0,25
1719463790131,10.05,25
1719463790318,10.1,50
1719463791310,10.2,25
1719463792354,10.0,150
1719463792925,10.0,125
1719463793344,10.05,50
1719463794048,10.2,25
1719463794296,10.2,25
1719463795344,10.05,25
1719463796291,10.0,50
1719463796414,10.05,50
1719463797349,9.95,25
1719463797942,10.0,25
1719463798334,10.05,1000
1719463799147,10.0,25
1719463799353,9.95,125
1719463800358,9.8,325
1719463800527,9.85,100
1719463801363,9.85,100
1719463801559,9.8,25
1719463801739,9.8,150
1719463803138,9.65,25
1719463803359,9.6,500
1719463804149,9.8,25
1719463804314,9.85,25
1719463805342,9.8,25
1719463805710,9.65,50
1719463806337,9.65,225
1719463806948,9.7,25
1719463807325,9.7,75
1719463807904,9.75,25
1719463808355,9.8,25
1719463808957,9.8,25
1719463809361,9.75,450
1719463810291,9.8,225
1719463811319,9.95,25
1719463811853,9.95,350
1719463812372,9.9,50
1719463815931,10.3,125
1719463816366,10.3,125
1719463817313,9.95,50
1719463817569,10.0,175
1719463818309,10.05,225
1719463818968,9.95,100
1719463819300,10.0,50
1719463820288,9.9,425
1719463820566,9.85,50
1719463821303,9.95,25
1719463822180,9.95,75
1719463822374,10.05,300
1719463823357,10.05,25
1719463823578,10.1,25
1719463824384,10.1,200
1719463824772,10.0,50
1719463825376,10.0,50
1719463825976,10.0,400
1719463826369,10.05,200
1719463827139,10.0,25
1719463827365,9.95,225
1719463828352,9.9,25
1719463829304,9.75,100
1719463829997,9.65,850
1719463830356,9.6,100
1719463831382,9.75,50
1719463831600,9.8,25
1719463832300,9.85,25
1719463832935,9.85,25
1719463833375,9.85,25
1719463834404,9.7,75
1719463835371,9.85,25
1719463835999,9.9,50
1719463836997,9.9,25
1719463837360,9.75,75
1719463838102,9.65,50
1719463838380,9.75,200
1719463839325,9.8,25
1719463839325,9.8,25
1719463840306,9.7,25
1719463840786,9.7,75
1719463841384,9.55,50
1719463841998,9.6,250
1719463842302,9.55,50
1719463843406,9.4,150
1719463844394,9.3,25
1719463844780,9.4,250
1719463845367,9.4,100
1719463846117,9.4,25
1719463846370,9.45,125
1719463847367,9.55,1625
1719463848006,9.55,400
1719463848336,9.6,25
1719463849199,9.5,100
1719463849385,9.45,50
1719463850377,9.5,25
1719463850539,9.45,50
1719463851378,9.5,100
1719463852251,9.5,25
1719463852421,9.45,425
1719463853356,9.45,75
1719463854355,9.35,25
1719463855018,9.35,25
1719463855573,9.25,25
1719463856372,9.35,175
1719463856622,9.3,200
1719463857347,9.3,100
1719463858242,9.4,100
1719463858328,9.4,400
1719463859388,9.8,50
1719463859840,9.7,25
1719463860561,9.9,25
1719463861466,9.75,100
1719463861608,9.85,125
1719463862334,9.95,75
1719463862840,10.0,75
1719463863384,9.95,25
1719463864255,9.9,300
1719463864361,9.95,25
1719463865198,10.0,25
1719463865835,9.85,100
1719463866385,9.75,250
1719463867260,9.7,25
1719463867309,9.7,125
1719463868450,9.7,25
1719463869403,9.65,75
1719463869856,9.7,25
1719463870383,9.75,25
1719463871241,9.7,25
1719463871385,9.75,150
1719463872374,9.85,100
1719463872602,9.85,25
1719463873401,9.8,625
1719463874017,9.8,25
1719463874392,9.8,300
1719463875296,9.7,25
1719463876191,9.65,50
1719463876786,9.65,150
1719463877267,9.85,25
1719463878402,9.8,25
1719463879373,9.9,100
1719463879609,9.85,225
1719463880387,9.9,275
1719463880850,9.9,475
1719463881348,9.9,25
1719463882280,10.0,25
1719463925424,10.0,25
1719463926153,10.0,200
1719463926348,10.05,150
1719463927409,10.05,175
1719463927714,10.1,25
1719463928421,10.0,25
1719463928930,9.9,25
1719463929407,10.0,400
1719463930398,10.25,250
1719463931402,10.2,50
1719463931750,10.15,300
1719463932415,10.2,25
1719463932903,10.2,25
1719463933396,10.3,75
1719463934393,10.3,25
1719463935384,10.45,25
1719463935748,10.75,75
1719463936404,10.5,25
1719463937138,10.25,250
1719463937411,10.2,1000
1719463938443,10.35,75
1719463938558,10.35,25
1719463939428,10.3,75
1719463944452,10.35,25
1719463945390,10.25,25
1719463945737,10.3,25
1719463946445,10.3,100
1719463946978,10.2,175
1719463947421,10.2,1400
1719463948181,10.15,525
1719463948425,10.15,25
1719463949336,10.1,250
1719463953152,10.2,150
1719463953428,10.05,50
1719463954440,10.15,25
1719463955451,10.0,25
1719463955965,9.95,25
1719463956436,9.95,25
1719463957193,9.8,75
1719463957438,9.85,150
1719463958452,9.7,25
1719463958702,9.7,25
1719463959436,9.8,25
1719463960175,9.8,75
1719463960443,9.7,50
1719463961438,9.55,75
1719463962361,9.65,1000
1719463962804,9.65,200
1719463963468,9.6,75
1719463964457,9.65,25
1719463965347,9.8,125
1719463965347,9.8,125
1719463966458,9.85,25
1719463966981,10.05,125
1719463967421,10.1,50
1719463968395,10.0,150
1719463968440,9.95,50
1719463969464,9.95,200
1719463969754,9.9,400
1719463970471,9.95,25
1719463971215,10.0,25
1719463971462,10.0,175
1719463972445,9.95,100
1719463972610,10.0,25
1719463973389,9.85,150
1719463974020,9.95,100
1719463974451,9.9,425
1719463975226,9.9,200
1719463975433,9.9,25
1719463976470,9.95,275
1719463977451,10.0,25
1719463977568,9.95,250
1719463978430,10.0,350
1719463979025,10.1,100
1719463979469,10.2,25
1719463980420,10.1,25
1719463981428,10.05,25
1719463981791,10.0,900
1719463982476,10.05,100
1719463983225,10.1,50
1719463983442,10.1,25
1719463984451,9.95,25
1719463984700,9.9,50
1719463985389,9.9,375
1719463986180,10.0,100
1719463986373,10.0,150
1719463987474,9.95,25
1719463987535,9.85,125
1719463988429,9.85,75
1719463989013,9.9,25
1719463989182,9.85,150
1719463990340,9.85,100
1719463990340,9.85,100
1719463991474,9.9,75
1719463991837,9.85,100
1719463992454,9.85,50
1719463993036,9.95,50
1719463993394,9.9,100
1719463994250,9.7,50
1719463994437,9.7,750
1719463995445,9.8,250
1719463995855,9.8,25
1719463996469,9.85,50
1719463997242,9.75,25
1719463997406,9.75,100
1719463998439,9.8,225
1719463998638,9.75,200
1719463999433,9.65,175
1719464000258,9.6,25
1719464000468,9.65,25
1719464001477,9.45,25
1719464001598,9.5,25
1719464002481,9.65,25
1719464004447,9.55,25
1719464004618,9.6,925
1719464005481,9.45,25
1719464005865,9.5,25
1719464006489,9.4,50
1719464007031,9.6,50
1719464007481,9.55,25
1719464008211,9.55,25
1719464008493,9.55,25
1719464009470,9.6,25
1719464010465,9.6,25
1719464011582,9.65,750
1719464011807,9.6,200
1719464012380,9.55,25
1719464013273,9.65,25
1719464013482,9.6,50
1719464015670,9.65,25
1719464016400,9.7,25
1719464016854,9.65,25
1719464017461,9.8,25
1719464018027,9.8,100
1719464018470,9.8,175
1719464019431,9.8,25
1719464020478,9.8,75
1719464020600,9.85,25
1719464021494,10.1,850
1719464022287,10.05,150
1719464022503,10.05,25
1719464023476,9.95,50
1719464024872,9.9,250
1719464025431,9.85,75
1719464026271,9.75,25
1719464026490,9.7,100
1719464027401,9.7,100
1719464028515,9.75,50
1719464029452,9.7,25
1719464030471,9.75,50
1719464030675,9.7,25
1719464031446,9.7,100
1719464032107,9.7,200
1719464032472,9.7,25
1719464033509,9.7,25
1719464034338,9.55,25
1719464035463,9.5,50
1719464035924,9.5,75
1719464036486,9.5,25
1719464037119,9.5,50
1719464037472,9.5,25
1719464038329,9.45,300
1719464038503,9.5,625
1719464039500,9.4,25
1719464040446,9.4,25
1719464040651,9.35,250
1719464041568,9.4,250
1719464042187,9.35,25
1719464042492,9.35,50
1719464043347,9.4,25
1719464044418,9.25,1250
1719464044929,9.1,600
1719464045445,9.15,75
1719464046311,9.2,200
1719464046432,9.25,850
1719464047438,9.25,25
1719464047721,9.25,50
1719464048502,9.15,250
1719464048902,9.2,75
1719464049467,9.25,100
1719464049993,9.25,400
1719464050478,9.1,25
1719464051317,9.1,75
1719464051482,9.15,200
1719464052463,9.15,25
1719464053548,9.1,50
1719464054451,9.3,100
1719464055507,9.45,25
1719464055945,9.5,50
1719464056422,9.65,25
1719464057093,9.7,50
1719464057504,9.7,25
1719464058540,9.6,125
1719464059528,9.6,125
1719464059700,9.6,175
1719464060504,9.35,1275
1719464060921,9.4,425
1719464061431,9.45,25
1719464062330,9.35,25
1719464062523,9.35,125
1719464063446,9.3,50
1719464064517,9.15,100
1719464074498,9.25,25
1719464075060,9.3,25
1719464075505,9.3,25
1719464076333,9.25,50
1719464076333,9.25,50
1719464077569,9.4,350
1719464078419,9.35,550
1719464078775,9.35,50
1719464079536,9.3,50
1719464080175,9.2,200
1719464080501,9.25,25
1719464081308,9.35,25
1719464081432,9.3,25
1719464082487,9.3,50
1719464082565,9.25,175
1719464083579,9.3,50
1719464083952,9.2,125
1719464084668,9.15,425
1719464088535,9.05,875
1719464089606,9.05,50
1719464090498,9.2,825
1719464091135,9.15,100
1719464091392,9.1,25
1719464092540,9.35,75
1719464093545,9.5,75
1719464093792,9.5,50
1719464094518,9.65,25
1719464095191,9.6,25
1719464095512,9.55,700
1719464096607,9.55,50
1719464097524,9.6,725
1719464097598,9.6,25
1719464098480,9.5,25
1719464098748,9.5,1300
1719464099554,9.35,200
1719464100358,9.35,150
1719464100501,9.4,25
1719464101533,9.3,250
1719464101533,9.3,250
1719464102538,9.55,25
1719464102815,9.45,50
1719464120483,9.55,25
1719464120783,9.6,25
1719464121539,9.55,25
1719464122227,9.55,25
1719464122512,9.5,25
1719464123546,9.45,25
1719464123668,9.45,50
1719464124436,9.5,25
1719464125056,9.45,50
1719464125398,9.45,25
1719464126432,9.45,425
1719464126548,9.4,700
1719464127637,9.5,25
1719464128414,9.45,25
1719464128656,9.4,50
1719464129493,9.45,300
1719464129860,9.45,250
1719464130186,9.5,25
1719464131000,9.45,25
1719464167531,9.35,50
1719464168204,9.25,25
1719464168568,9.4,25
1719464169487,9.4,25
1719464169537,9.4,125
1719464170507,9.4,400
1719464170728,9.45,100
1719464171578,9.5,50
1719464171919,9.4,250
1719464172417,9.4,50
1719464173201,9.45,25
1719464173572,9.45,50
1719464174585,9.3,675
1719464174732,9.35,50
1719464175414,9.45,50
1719464175884,9.3,100
1719464176356,9.25,100
1719464177749,9.25,50
1719464178545,9.3,50
1719464179318,9.2,125
1719464179538,9.2,25
1719464180570,9.35,250
1719464180698,9.45,50
1719464181529,9.5,125
1719464181851,9.4,75
1719464182599,9.45,25
1719464183291,9.4,100
1719464183585,9.5,150
1719464205321,9.2,50
1719464206560,9.25,50
1719464206762,9.25,125
1719464207572,9.3,25
1719464207971,9.3,275
1719464208560,9.35,50
1719464209345,9.3,50
1719464209519,9.25,100
1719464210771,9.4,25
1719464211611,9.35,25
1719464212202,9.35,50
1719464212597,9.3,50
1719464213598,9.25,200
1719464214612,9.25,275
1719464214612,9.25,275
1719464215578,9.2,450
1719464215971,9.25,225
1719464216606,9.3,1175
1719464217393,9.35,200
1719464217546,9.4,25
1719464218477,9.4,475
1719464218796,9.35,50
1719464219506,9.7,50
1719464220400,9.75,50
1719464220593,9.7,125
1719464221628,9.6,25
1719464221991,9.55,25
1719464222571,9.6,25
1719464223364,9.65,25
1719464223504,9.65,25
1719464224614,9.6,25
1719464224798,9.55,150
1719464225571,9.65,625
1719464226394,9.7,25
1719464226605,9.7,50
1719464228823,9.85,25
1719464229495,9.95,25
1719464230598,10.05,675
1719464231171,10.1,600
1719464232622,10.05,50
1719464233575,9.9,175
1719464234022,10.05,50
1719464234591,10.1,200
1719464235368,9.95,25
1719464235602,9.9,150
1719464236607,10.05,300
1719464237629,9.95,150
1719464238004,10.0,25
1719464238606,10.1,50
1719464239016,10.0,1775
1719464239549,10.0,575
1719464240401,9.95,25
1719464240572,9.85,25
1719464241620,10.0,25
1719464241781,9.95,25
1719464242614,9.95,50
1719464242824,9.9,150
1719464243558,9.9,75
1719464244399,10.0,400
1719464244628,9.95,50
1719464245646,10.05,50
1719464246603,10.0,1000
1719464246848,10.5,500
1719464247627,10.4,725
1719464248238,10.7,75
1719464248630,11.0,1800
1719464249635,11.0,25
1719464249849,10.85,100
1719464250620,10.7,25
1719464251454,10.95,100
1719464251610,10.9,50
1719464252635,10.85,25
1719464252828,10.85,175
1719464253832,11.05,25
1719464253839,11.1,25
1719464254628,11.0,75
1719464255244,10.85,75
1719464255611,10.75,50
1719464256619,10.85,425
1719464256840,10.85,25
1719464257610,10.95,300
1719464258239,11.05,175
1719464258625,11.15,525
1719464259630,10.95,800
1719464260057,10.7,50
1719464260632,10.8,375
1719464261604,10.7,25
1719464261679,10.8,950
1719464262620,10.85,950
1719464263053,10.85,25
1719464263637,10.95,50
1719464264260,10.95,25
1719464264588,11.0,450
1719464265680,10.95,25
1719464266632,10.85,25
1719464266882,10.8,200
1719464267623,10.8,800
1719464268077,10.95,25
1719464268619,10.95,50
1719464269675,11.0,100
1719464270637,10.8,75
1719464270855,10.85,175
1719464271660,10.8,175
1719464271884,10.9,800
1719464272641,10.6,250
1719464273086,10.8,150
1719464273665,10.7,25
1719464274702,10.75,25
1719464275635,10.75,25
1719464275853,10.75,25
1719464291528,11.1,25
1719464291653,11.15,25
1719464292852,11.2,75
1719464292903,11.3,25
1719464293653,11.15,25
1719464294519,11.25,50
1719464294644,11.25,175
1719464295651,10.9,50
1719464295895,11.0,25
1719464296653,10.95,50
1719464297126,10.8,25
1719464297659,10.85,200
1719464298662,10.9,975
1719464298737,10.95,375
1719464299647,11.05,175
1719464299901,11.1,100
1719464300656,10.9,225
1719464300924,10.8,75
1719464301616,10.95,50
1719464301943,10.9,25
1719464302632,10.8,50
1719464303323,10.9,475
1719464303649,10.95,50
1719464304647,11.0,25
1719464304730,10.95,50
1719464305636,11.0,25
1719464305950,10.9,25
1719464306651,10.8,200
1719464306873,10.9,125
1719464307651,11.2,475
1719464308517,11.15,50
1719464308637,11.15,25
1719464309644,11.35,125
1719464309881,11.3,50
1719464310666,11.45,25
1719464311155,11.3,25
1719464311550,11.3,350
1719464311660,11.35,50
1719464312550,11.4,75
1719464312640,11.35,25
1719464313661,11.45,450
1719464313743,11.5,100
1719464314660,11.8,325
1719464315177,11.55,375
1719464315670,11.65,50
1719464316644,11.65,100
1719464316768,11.65,200
1719464317685,11.7,275
1719464317958,11.7,300
1719464318681,11.6,50
1719464319170,11.6,25
1719464319680,11.7,25
1719464320556,11.85,175
1719464320659,11.8,25
1719464321663,12.0,25
1719464321940,11.9,75
1719464322682,11.85,100
1719464322973,11.8,25
1719464323667,12.25,75
1719464324371,12.0,50
1719464324655,12.0,25
1719464325375,11.9,100
1719464325650,11.75,300
1719464326587,11.95,100
1719464326683,11.9,100
1719464327785,11.45,25
1719464328680,11.2,25
1719464328977,11.1,50
1719464329688,11.0,100
1719464330379,11.1,25
1719464330687,11.3,50
1719464367699,11.3,75
1719464367816,11.3,175
1719464368690,11.35,25
1719464369017,11.3,25
1719464369694,11.3,25
1719464370224,11.2,25
1719464370631,11.3,25
1719464371496,11.35,650
1719464371688,11.4,25
1719464371804,11.4,50
1719464372694,11.4,100
1719464372998,11.4,25
1719464373642,11.45,25
1719464378071,11.25,175
1719464378563,11.3,200
1719464379041,11.15,25
1719464379667,11.25,1000
1719464380257,11.1,600
1719464380708,11.2,100
1719464381457,11.2,150
1719464381677,11.05,25
1719464382640,11.15,250
1719464382712,11.35,50
1719464383705,11.05,50
1719464384062,10.8,200
1719464384698,10.9,50
1719464385268,10.8,25
1719464385695,10.7,50
1719464386695,10.7,200
1719464387720,10.8,100
1719464388083,10.5,50
1719464388716,10.75,50
1719464389469,10.85,50
1719464389713,10.85,1450
1719464390706,10.9,25
1719464390837,11.0,75
1719464391691,11.05,125
1719464391810,11.1,175
1719464392718,10.95,25
1719464393075,11.0,800
1719464393686,11.1,50
1719464394435,11.2,100
1719464394717,10.95,25
1719464395736,10.9,200
1719464395857,11.0,25
1719464396716,10.95,100
1719464396831,11.0,275
1719464398105,11.3,75
1719464398716,11.15,150
1719464399683,11.05,25
1719464400726,10.8,25
1719464400891,10.8,75
1719464401585,10.75,50
1719464401907,10.7,575
1719464402104,10.55,25
1719464402727,10.7,25
1719464403477,10.8,25
1719464403719,10.9,25
1719464404711,10.9,125
1719464404905,11.0,75
1719464405631,11.15,225
1719464406081,11.25,675
1719464406722,11.4,200
1719464407288,11.15,25
1719464407726,11.05,25
1719464408689,11.0,100
1719464408858,11.05,75
1719464409689,11.1,100
1719464410088,11.0,1175
1719464410705,10.9,75
1719464411314,10.9,50
1719464411688,10.95,75
1719464412913,10.8,25
1719464413704,10.85,25
1719464413911,10.8,50
1719464414682,10.8,75
1719464415103,10.9,75
1719464415728,11.05,100
1719464416119,10.9,525
1719464416701,10.9,25
1719464417279,10.95,75
1719464417704,11.0,25
1719464418495,11.0,100
1719464418713,11.0,25
1719464419709,11.25,25
1719464419886,11.25,75
1719464420688,11.15,50
1719464420906,11.1,75
1719464421733,11.05,50
1719464422071,11.1,50
1719464422712,11.1,100
1719464423218,11.1,125
1719464423734,11.0,25
1719464424494,11.1,25
1719464424756,11.1,100
1719464425725,11.2,100
1719464425916,11.25,25
1719464426726,11.3,350
1719464427111,11.05,50
1719464427688,11.1,50
1719464428689,11.05,50
1719464429739,11.1,600
1719464430337,11.05,250
1719464430725,10.95,250
1719464431683,11.0,525
1719464431897,11.05,25
1719464432751,11.0,50
1719464433279,10.95,100
1719464433720,11.0,50
1719464434715,11.2,100
1719464434751,11.2,25
1719464435756,11.25,300
1719464436343,11.2,150
1719464436730,11.1,100
1719464437747,11.25,200
1719464437948,11.35,175
1719464438717,11.4,50
1719464439117,11.45,25
1719464439733,11.25,400
1719464440733,11.45,250
1719464441737,11.5,700
1719464442357,11.4,250
1719464442747,11.45,25
1719464443750,11.35,50
1719464443944,11.2,25
1719464444754,11.15,50
1719464445364,11.1,200
1719464445748,11.1,50
1719464446754,11.15,25
1719464447160,11.0,25
1719464447718,10.9,25
1719464448544,11.1,25
1719464448751,11.15,25
1719464449732,11.0,75
1719464450154,11.2,50
1719464450755,11.15,25
1719464451790,11.3,550
1719464453574,11.05,1000
1719464453726,10.95,25
1719464466746,10.55,575
1719464467779,10.55,25
1719464468771,10.6,25
1719464469394,10.65,75
1719464469725,10.75,125
1719464470766,10.75,25
1719464471188,10.8,75
1719464471761,10.8,25
1719464472813,10.8,200
1719464473773,10.8,250
1719464473997,11.0,175
1719464474758,10.95,125
1719464475188,10.85,25
1719464475762,10.9,75
1719464476555,10.75,75
1719464476767,10.75,25
1719464477752,10.65,250
1719464477997,10.65,75
1719464478756,10.7,500
1719464479191,10.6,100
1719464479680,10.65,50
1719464508784,10.65,100
1719464508863,10.6,25
1719464509479,10.55,75
1719464510009,10.6,50
1719464510759,10.5,500
1719464511063,10.45,50
1719464511804,10.6,25
1719464512450,10.65,25
1719464512785,10.6,25
1719464513478,10.45,1000
1719464513720,10.5,125
1719464514701,10.5,25
1719464514957,10.55,25
1719464515768,10.5,50
1719464516041,10.5,425
1719464516679,10.5,125
1719464517433,10.4,25
1719464517789,10.4,175
1719464518766,10.4,25
1719464519044,10.45,500
1719464519789,10.4,50
1719464520273,10.4,25
1719464520782,10.45,25
1719464521688,10.25,25
1719464521782,10.2,25
1719464522799,9.85,125
1719464522866,9.8,50
1719464523794,9.75,50
1719464524494,9.5,125
1719464524756,9.7,75
1719464525771,9.8,25
1719464526284,9.85,50
1719464526980,9.9,50
1719464527884,10.1,100
1719464528742,10.15,50
1719464529422,10.05,75
1719464529741,10.05,100
1719464530787,9.8,225
1719464531074,9.9,25
1719464531734,10.05,475
1719464532312,10.0,25
1719464532732,10.0,25
1719464533876,9.85,25
1719464534796,9.85,75
1719464535272,9.85,125
1719464535791,9.8,25
1719464536686,9.9,350
1719464536798,9.85,200
1719464537814,9.75,1000
1719464538302,9.7,750
1719464538797,9.65,375
1719464539693,9.85,100
1719464539782,9.9,25
1719464540797,9.75,50
1719464541232,9.7,50
1719464541761,9.6,25
1719464542821,9.65,575
1719464543814,9.5,25
1719464544243,9.5,50
1719464544803,9.5,25
1719464545720,9.25,25
1719464545809,9.25,75
1719464546815,9.2,300
1719464547275,9.25,100
1719464547796,9.2,25
1719464548717,9.1,250
1719464548811,9.1,700
1719464549913,9.1,25
1719464550811,8.9,450
1719464551728,8.8,600
1719464551802,8.9,100
1719464552804,9.0,50
1719464553113,8.95,1250
1719464553761,8.95,150
1719464554324,9.0,150
1719464554792,9.0,300
1719464555710,9.2,225
1719464555816,9.2,475
1719464556767,9.15,50
1719464557344,9.1,25
1719464557749,9.15,50
1719464563768,9.1,50
1719464564106,9.05,25
1719464564809,8.95,50
1719464565461,8.9,25
1719464565818,8.9,25
1719464566822,8.95,150
1719464567149,8.9,25
1719464567791,8.8,25
1719464568825,8.9,50
1719464568915,8.9,50
1719464569781,8.85,250
1719464570308,8.8,75
1719464570765,8.85,25
1719464571558,8.9,50
1719464571804,8.95,175
1719464572815,8.9,75
1719464572815,8.9,75
1719464573835,9.0,25
1719464574566,9.0,350
1719464575011,9.15,25
1719464575817,8.95,25
1719464576129,8.85,75
1719464576760,8.9,325
1719464577546,9.1,250
1719464577838,9.05,175
1719464586294,8.95,75
1719464586815,9.0,25
1719464587380,8.9,75
1719464588015,9.0,175
1719464588837,8.7,75
1719464588987,8.7,800
1719464589843,8.55,25
1719464590575,8.55,100
1719464590837,8.3,100
1719464592043,7.95,75
1719464592173,7.85,25
1719464592843,7.95,50
1719464593839,7.8,75
1719464593985,7.8,50
1719464595021,8.05,25
1719464595580,8.0,50
1719464595826,8.0,150
1719464596844,8.05,75
1719464597193,8.05,400
1719464597821,8.0,25
1719464598834,7.9,50
1719464598991,7.9,325
1719464600034,7.65,75
1719464600605,7.5,100
1719464600834,7.4,25
1719464601841,6.9,50
1719464602211,6.8,75
1719464603053,6.8,50
1719464603845,6.9,450
1719464604003,6.85,25
1719464604843,6.9,400
1719464605592,6.75,50
1719464606034,6.8,25
1719464606823,6.6,200
1719464607202,6.4,25
1719464607837,6.25,75
1719464608836,6.4,25
1719464609005,6.35,75
1719464610043,5.9,25
1719464610604,5.9,225
1719464610853,5.75,25
1719464611604,5.5,200
1719464611871,5.35,750
1719464611885,5.35,750
1719464611941,5.25,25
1719464611941,5.25,25
1719464626861,6.3,100
1719464627248,6.2,175
1719464627857,6.1,25
1719464628849,6.4,25
1719464630050,6.6,25
1719464630611,6.6,25
1719464630854,6.65,50
1719464631855,6.45,100
1719464632248,6.5,75
1719464632857,6.45,50
1719464633855,6.25,25
1719464635067,6.1,75
1719464635643,6.05,25
1719464635841,6.0,575
1719464636869,5.75,25
1719464637261,5.65,200
1719464638073,5.9,200
1719464638858,5.85,25
1719464639867,5.95,600
1719464640635,6.0,150
1719464640859,6.0,250
1719464641593,6.05,25
1719464642052,6.05,325
1719464642266,6.15,875
1719464642872,6.3,25
1719464643845,6.25,25
1719464644774,6.35,250
1719464645429,6.3,25
1719464645842,6.4,50
1719464646864,6.6,900
1719464647034,6.55,200
1719464647851,6.55,50
1719464648490,6.7,950
1719464648867,6.7,25
1719464650051,6.6,25
1719464650263,6.6,25
1719464650856,6.55,25
1719464651685,6.35,25
1719464651869,6.3,75
1719464653055,6.4,100
1719464653218,6.55,325
1719464653863,6.45,75
1719464654681,6.3,25
1719464654878,6.35,175
1719464655791,6.35,50
1719464656066,6.3,125
1719464656840,6.2,100
1719464657477,6.1,200
1719464657869,6.15,25
1719464658880,6.25,225
1719464659884,6.3,25
1719464660287,6.5,25
1719464660860,6.5,100
1719464661896,6.4,25
1719464662075,6.4,25
1719464662878,6.45,50
1719464663474,6.3,25
1719464663868,6.35,25
1719464665105,6.0,75
1719464665874,6.25,100
1719464666489,6.15,100
1719464666894,6.2,50
1719464667887,6.2,50
1719464668865,6.1,50
1719464669285,6.1,25
1719464669843,6.1,100
1719464670308,6.25,825
1719464670872,6.35,400
1719464671571,6.4,400
1719464671853,6.45,50
1719464671888,6.45,1600
1719464672880,6.55,575
1719464673515,6.5,50
1719464674061,6.45,500
1719464674707,6.55,175
1719464674876,6.5,50
1719464675874,6.45,100
1719464676325,6.35,1000
1719464676871,6.45,1000
1719464677489,6.45,1000
1719464677881,6.4,50
1719464678891,6.3,25
1719464679856,6.25,50
1719464680138,6.25,25
1719464680893,6.2,400
1719464681253,6.2,525
1719464681920,6.3,250
1719464682391,6.4,250
1719464682866,6.3,50
1719464683873,6.3,75
1719464683918,6.35,25
1719464684875,6.45,100
1719464685307,6.3,25
1719464685873,6.45,100
1719464686727,6.4,75
1719464686884,6.3,25
1719464687882,6.15,50
1719464688328,6.25,50
1719464688888,6.4,750
1719464689881,6.3,100
1719464689930,6.25,1525
1719464690890,6.15,50
1719464691132,6.1,425
1719464691886,6.05,50
1719464692543,6.1,25
1719464692897,6.05,200
1719464693842,6.05,100
1719464694037,6.05,100
1719464695085,6.0,25
1719464695949,5.95,25
1719464702886,5.5,100
1719464703969,5.45,25
1719464704915,5.4,50
1719464705762,5.65,100
1719464705870,5.65,25
1719464708895,5.55,200
1719464708954,5.55,200
1719464709907,5.6,50
1719464710559,5.7,25
1719464710910,5.65,50
1719464711923,5.7,50
1719464712374,5.8,25
1719464713089,5.85,100
1719464713979,5.9,175
1719464714909,6.0,75
1719464715561,6.1,200
1719464715912,6.1,25
1719464716935,6.0,50
1719464717365,6.15,25
1719464717896,6.1,150
1719464718764,6.1,25
1719464718914,6.1,50
1719464719877,6.05,100
1719464720176,6.05,25
1719464720886,6.05,25
1719464721969,5.9,725
1719464722101,5.85,25
1719464722915,5.9,25
1719464723569,5.7,125
1719464723906,5.85,25
1719464724905,5.9,25
1719464725205,6.0,100
1719464725912,5.85,25
1719464726404,5.85,50
1719464726901,5.9,25
1719464727920,5.85,25
1719464728000,5.85,50
1719464728743,5.85,50
1719464729558,5.95,625
1719464729919,5.95,75
1719464730909,6.05,75
1719464731204,6.05,50
1719464731544,6.05,325
1719464731906,6.05,25
1719464732550,5.9,100
1719464732911,5.95,25
1719464734104,6.05,25
1719464734201,6.1,25
1719464734929,6.1,25
1719464735336,6.0,25
1719464735867,6.0,100
1719464736464,6.0,25
1719464738000,5.95,50
1719464738910,6.15,50
1719464739608,6.0,25
1719464741000,6.1,50
1719464741890,6.2,25
1719464742788,6.1,100
1719464742855,6.1,25
1719464743855,6.2,500
1719464744380,6.2,50
1719464744810,6.15,75
1719464745562,6.1,25
1719464745919,6.05,25
1719464747030,6.2,50
1719464747930,6.2,50
1719464748602,6.1,150
1719464748932,6.2,25
1719464749833,6.25,50
1719464749937,6.15,50
1719464750902,6.25,175
1719464751417,6.2,1000
1719464751919,6.1,25
1719464752842,6.1,200
1719464752924,6.15,25
1719464753941,6.2,175
1719464754420,6.2,100
1719464754943,6.2,225
1719464755850,6.25,25
1719464756133,6.3,25
1719464756925,6.45,125
1719464757162,6.3,25
1719464759937,6.35,75
1719464760242,6.35,25
1719464760932,6.3,250
1719464761563,6.3,100
1719464761613,6.35,225
1719464761925,6.3,250
1719464762924,6.15,150
1719464763194,6.15,25
1719464763940,6.15,25
1719464764842,6.0,100
1719464764894,6.05,75
1719464766138,6.0,75
1719464766417,6.0,25
1719464766905,6.0,75
1719464767852,6.05,25
1719464767862,6.1,375
1719464768931,6.2,75
1719464769447,6.25,25
1719464769913,6.45,25
1719464770947,6.5,175
1719464771004,6.5,250
1719464771905,6.35,25
1719464772638,6.45,25
1719464772927,6.45,25
1719464773949,6.3,50
1719464774252,6.3,25
1719464774917,6.2,100
1719464775643,6.35,400
1719464775953,6.35,25
1719464776949,6.2,25
1719464777067,6.2,75
1719464777951,6.25,25
1719464778656,6.2,800
1719464778924,6.2,150
1719464779647,6.25,25
1719464780121,6.3,50
1719464781941,6.25,400
1719464782473,6.15,75
1719464782959,6.3,50
1719464783829,6.25,350
1719464783952,6.25,100
1719464784957,6.35,50
1719464785067,6.3,100
1719464785959,6.25,75
1719464786233,6.3,475
1719464786944,6.55,25
1719464787950,6.55,75
1719464788919,6.55,50
1719464789463,6.5,200
1719464789903,6.45,25
1719464791146,6.35,275
1719464791585,6.3,200
1719464791924,6.3,100
1719464792687,6.2,125
1719464805949,6.4,75
1719464806314,6.4,725
1719464806942,6.45,25
1719464807913,6.6,25
1719464807974,6.6,750
1719464808946,6.6,50
1719464809461,6.5,25
1719464809966,6.45,100
1719464810965,6.35,25
1719464811313,6.35,75
1719464811966,6.25,250
1719464812728,6.3,50
1719464812970,6.25,225
1719464813963,6.3,25
1719464814118,6.35,100
1719464814950,6.45,300
1719464815653,6.4,25
1719464815920,6.4,50
1719464816974,6.3,50
1719464817511,6.3,200
1719464817954,6.4,25
1719464818962,6.35,425
1719464819137,6.35,50
1719464819962,6.35,100
1719464820718,6.35,25
1719464820963,6.35,50
1719464821579,6.35,200
1719464821956,6.35,150
1719464822530,6.55,50
1719464822904,6.55,75
1719464823936,6.35,1800
1719464824131,6.45,25
1719464824961,6.35,25
1719464825653,6.4,50
1719464825966,6.4,500
1719464826980,6.3,750
1719464827538,6.3,25
1719464827955,6.3,250
1719464828918,6.45,400
1719464828961,6.5,25
1719464829971,6.6,800
1719464830550,6.75,100
1719464830963,6.75,100
1719464831974,6.75,350
1719464832157,6.7,250
1719464832975,6.9,50
1719464833969,6.8,25
1719464834908,6.7,850
1719464835542,6.75,25
1719464835978,6.55,75
1719464837167,6.6,50
1719464837908,6.65,50
1719464838590,6.55,75
1719464839000,6.6,50
1719464839957,6.7,225
1719464840162,6.7,125
1719464840966,6.75,25
1719464841578,6.7,25
1719464842207,6.7,300
1719464842981,6.7,25
1719464843952,6.75,75
1719464844552,6.75,25
1719464844958,6.8,25
1719464845945,6.85,25
1719464846368,6.8,25
1719464846980,6.85,25
1719464847937,6.75,375
1719464848971,6.8,175
1719464849528,6.75,25
1719464849997,6.85,175
1719464851000,6.8,50
1719464851174,6.8,25
1719464851598,6.8,25
1719464852000,6.75,25
1719464852784,6.85,750
1719464852985,6.8,750
1719464853976,6.8,100
1719464854194,6.9,75
1719464854984,6.8,575
1719464855968,6.85,25
1719464856977,6.9,25
1719464857403,6.95,775
1719464858203,7.0,100
1719464858991,7.0,25
1719464859206,6.95,25
1719464860000,7.0,50
1719464860795,6.95,50
1719464861000,7.0,50
1719464861967,6.95,25
1719464862967,6.9,75
1719464863555,6.85,50
1719464863987,6.7,725
1719464864895,6.75,125
1719464865201,6.8,250
1719464866001,6.75,25
1719464866400,6.75,900
1719464866968,6.9,50
1719464867403,7.05,25
1719464867964,7.15,50
1719464868787,7.1,25
1719464868994,7.1,75
1719464870021,7.25,25
1719464871000,7.25,50
1719464871405,7.2,100
