time,price,volume
1719461503497,213.75,50
1719461503965,214.65,175
1719461504520,213.65,25
1719461504520,213.65,25
1719461504520,213.65,25
1719461505921,213.5,50
1719461505921,213.5,50
1719461506837,214.5,25
1719461506987,214.0,25
1719461506987,214.0,25
1719461508273,213.3,50
1719461508273,213.3,50
1719461509539,213.15,25
1719461510120,213.6,25
1719461510677,213.75,200
1719461511097,213.85,25
1719461511097,213.85,25
1719461511601,213.3,125
1719461512076,212.4,25
1719461512076,212.4,25
1719461513121,212.95,50
1719461513121,212.95,50
1719461514529,212.5,75
1719461514529,212.5,75
1719461515852,210.85,75
1719461516609,209.25,25
1719461516986,209.75,75
1719461516986,209.75,75
1719461518125,212.15,25
1719461518892,214.3,50
1719461519179,214.15,25
1719461519206,213.85,25
1719461519206,213.85,25
1719461520296,212.8,25
1719461520899,213.25,150
1719461521167,213.15,25
1719461521630,213.05,50
1719461522486,214.75,75
1719461522630,215.0,25
1719461523279,213.3,175
1719461523734,214.05,50
1719461524562,215.6,75
1719461524562,215.6,75
1719461525481,215.35,25
1719461525481,215.35,25
1719461526590,217.0,50
1719461526590,217.0,50
1719461527772,219.35,250
1719461527772,219.35,250
1719461527915,219.55,25
1719461528813,218.6,25
1719461529703,218.45,25
1719461529703,218.45,25
1719461530250,217.75,25
1719461530936,218.0,25
1719461530936,218.0,25
1719461531697,218.6,25
1719461532445,218.4,25
1719461532445,218.4,25
1719461532445,218.4,25
1719461533767,217.75,25
1719461534391,217.75,25
1719461534391,217.75,25
1719461534391,217.75,25
1719461534391,217.75,25
1719461537059,218.0,525
1719461537909,217.8,50
1719461537909,217.8,50
1719461539555,218.4,100
1719461540019,219.0,25
1719461540019,219.0,25
1719461540593,220.05,25
1719461541755,219.75,25
1719461542773,220.0,25
1719461542773,220.0,25
1719461543317,220.95,200
1719461543317,220.95,200
1719461544394,221.25,25
1719461544859,221.55,25
1719461545719,222.15,75
1719461545893,223.8,75
1719461546397,224.2,25
1719461547461,221.5,50
1719461547461,221.5,50
1719461548302,221.0,100
1719461548618,219.95,75
1719461548982,219.35,50
1719461549695,220.55,25
1719461549847,220.55,25
1719461549847,220.55,25
1719461549847,220.55,25
1719461551427,221.0,25
1719461551842,221.15,25
1719461552666,220.9,125
1719461552666,220.9,125
1719461553677,221.1,100
1719461554380,220.9,150
1719461554380,220.9,150
1719461555817,220.45,25
1719461555817,220.45,25
1719461556183,220.2,50
1719461556902,220.7,25
1719461556902,220.7,25
1719461557791,220.3,25
1719461558559,219.65,25
1719461558727,219.45,225
1719461558727,219.45,225
1719461560149,219.85,25
1719461560149,219.85,25
1719461560580,220.25,25
1719461561452,219.45,75
1719461561452,219.45,75
1719461562456,221.0,100
1719461562456,221.0,100
1719461563141,222.2,25
1719461563141,222.2,25
1719461564614,223.65,25
1719461565364,224.0,125
1719461565364,224.0,125
1719461566254,222.75,125
1719461566254,222.75,125
1719461567267,223.9,50
1719461567267,223.9,50
1719461568347,223.6,50
1719461568347,223.6,50
1719461569810,223.7,25
1719461569810,223.7,25
1719461570878,222.7,50
1719461571034,222.25,25
1719461571415,221.85,25
1719461571650,221.5,25
1719461571650,221.5,25
1719461573672,222.1,50
1719461574260,221.75,25
1719461574260,221.75,25
1719461574260,221.75,25
1719461576351,221.25,25
1719461576654,220.0,50
1719461576923,219.8,100
1719461576923,219.8,100
1719461578061,219.3,100
1719461578061,219.3,100
1719461578061,219.3,100
1719461579272,219.4,25
1719461579272,219.4,25
1719461579272,219.4,25
1719461580105,219.35,50
1719461580105,219.35,50
1719461580991,220.15,125
1719461580991,220.15,125
1719461582690,219.6,25
1719461583002,218.75,25
1719461583002,218.75,25
1719461583002,218.75,25
1719461585512,220.45,50
1719461585613,221.0,25
1719461586073,221.1,25
1719461586417,221.7,50
1719461586417,221.7,50
1719461587708,221.15,25
1719461588446,222.1,200
1719461589504,221.9,50
1719461589504,221.9,50
1719461589504,221.9,50
1719461591169,224.1,100
1719461591169,224.1,100
1719461592681,223.4,25
1719461592681,223.4,25
1719461594173,222.05,25
1719461594484,221.55,25
1719461594716,221.4,25
1719461594953,221.6,25
1719461594953,221.6,25
1719461596747,221.1,150
1719461596747,221.1,150
1719461596747,221.1,150
1719461597963,220.15,25
1719461597963,220.15,25
1719461599400,220.75,25
1719461599823,219.95,50
1719461600567,220.3,125
1719461601077,220.4,25
1719461601533,219.0,50
1719461602211,221.1,50
1719461602211,221.1,50
1719461602926,220.75,25
1719461602926,220.75,25
1719461602926,220.75,25
1719461603884,221.7,50
1719461605676,220.0,25
1719461606234,219.6,25
1719461606234,219.6,25
1719461606234,219.6,25
1719461608379,222.45,25
1719461608379,222.45,25
1719461608379,222.45,25
1719461608379,222.45,25
1719461610320,222.25,50
1719461610407,221.9,25
1719461611655,220.9,50
1719461611655,220.9,50
1719461612547,221.3,50
1719461612547,221.3,50
1719461614706,222.0,25
1719461614706,222.0,25
1719461615336,222.0,125
1719461615336,222.0,125
1719461617217,221.45,25
1719461617217,221.45,25
1719461617217,221.45,25
1719461617217,221.45,25
1719461619170,222.05,25
1719461619170,222.05,25
1719461620269,221.85,50
1719461620685,220.55,150
1719461620685,220.55,150
1719461621429,219.25,25
1719461621429,219.25,25
1719461621429,219.25,25
1719461623045,220.05,75
1719461623353,219.9,25
1719461623353,219.9,25
1719461624684,217.2,25
1719461624905,216.35,75
1719461625166,216.0,25
1719461625166,216.0,25
1719461626725,216.75,50
1719461626725,216.75,50
1719461627679,216.15,25
1719461628083,215.0,25
1719461628507,214.7,50
1719461628664,215.4,25
1719461628664,215.4,25
1719461629804,215.85,25
1719461630587,215.6,25
1719461630587,215.6,25
1719461631896,217.7,25
1719461632390,216.5,75
1719461632390,216.5,75
1719461632390,216.5,75
1719461634574,216.2,175
1719461634574,216.2,175
1719461634574,216.2,175
1719461636677,216.45,50
1719461636677,216.45,50
1719461637617,216.3,25
1719461638348,216.5,75
1719461638348,216.5,75
1719461638348,216.5,75
1719461638348,216.5,75
1719461638348,216.5,75
1719461638348,216.5,75
1719461638348,216.5,75
1719461642035,218.2,25
1719461642461,218.1,25
1719461642461,218.1,25
1719461642461,218.1,25
1719461644203,218.25,25
1719461644481,217.35,25
1719461644481,217.35,25
1719461645680,217.95,25
1719461645680,217.95,25
1719461646722,217.6,25
1719461647147,216.95,50
1719461647147,216.95,50
1719461647147,216.95,50
1719461649101,217.6,75
1719461649505,217.8,50
1719461649505,217.8,50
1719461649505,217.8,50
1719461649505,217.8,50
1719461652533,216.95,25
1719461652921,215.0,25
1719461653496,214.9,25
1719461653496,214.9,25
1719461654866,214.9,25
1719461655138,214.2,200
1719461655508,214.6,50
1719461656360,214.95,25
1719461656360,214.95,25
1719461656360,214.95,25
1719461658370,215.55,25
1719461658422,216.05,25
1719461659228,217.25,25
1719461659228,217.25,25
1719461659228,217.25,25
1719461660308,217.0,25
1719461661208,218.65,25
1719461661208,218.65,25
1719461662751,220.0,25
1719461662751,220.0,25
1719461663783,220.25,25
1719461663783,220.25,25
1719461664671,220.2,50
1719461664671,220.2,50
1719461665489,218.75,50
1719461665489,218.75,50
1719461666406,218.7,25
1719461666406,218.7,25
1719461667936,216.95,75
1719461668614,216.1,25
1719461668614,216.1,25
1719461669529,216.75,25
1719461669529,216.75,25
1719461670596,216.95,25
1719461670596,216.95,25
1719461671734,216.85,25
1719461672162,216.9,25
1719461672511,217.8,25
1719461672511,217.8,25
1719461672511,217.8,25
1719461674555,218.1,100
1719461674801,218.5,75
1719461674801,218.5,75
1719461675453,217.7,50
1719461675453,217.7,50
1719461676472,216.7,50
1719461676472,216.7,50
1719461677075,217.05,75
1719461678190,218.0,50
1719461678190,218.0,50
1719461678190,218.0,50
1719461679225,218.0,350
1719461679225,218.0,350
1719461680006,219.15,25
1719461680951,219.15,25
1719461681839,217.1,25
1719461682710,218.25,50
1719461683252,217.4,25
1719461683252,217.4,25
1719461684583,216.3,25
1719461684583,216.3,25
1719461685250,216.45,50
1719461685250,216.45,50
1719461686426,215.85,25
1719461687513,216.65,25
1719461687513,216.65,25
1719461688096,216.55,25
1719461688096,216.55,25
1719461689521,216.85,25
1719461689521,216.85,25
1719461690806,215.0,25
1719461690806,215.0,25
1719461691593,215.2,25
1719461692884,216.0,25
1719461692884,216.0,25
1719461694796,215.4,25
1719461695236,215.1,25
1719461695667,215.55,25
1719461696371,216.4,25
1719461696371,216.4,25
1719461696703,216.0,1000
1719461697063,216.05,100
1719461697063,216.05,100
1719461698874,217.9,25
1719461698874,217.9,25
1719461699703,218.35,100
1719461700044,216.7,25
1719461700666,215.75,25
1719461701414,215.0,25
1719461701469,215.25,25
1719461702465,213.35,75
1719461702918,214.5,25
1719461702918,214.5,25
1719461703813,215.1,50
1719461704353,213.7,450
1719461704353,213.7,450
1719461704926,215.55,25
1719461705823,216.15,25
1719461705823,216.15,25
1719461705823,216.15,25
1719461707958,219.6,75
1719461708461,218.7,25
1719461708461,218.7,25
1719461708461,218.7,25
1719461709725,218.75,200
1719461710119,217.35,225
1719461710119,217.35,225
1719461711468,215.35,25
1719461711468,215.35,25
1719461713224,216.8,25
1719461713224,216.8,25
1719461713568,217.35,25
1719461714264,218.0,25
1719461715422,218.15,25
1719461715880,218.15,25
1719461716321,218.25,75
1719461716321,218.25,75
1719461717757,218.15,50
1719461717968,217.65,25
1719461717968,217.65,25
1719461717968,217.65,25
1719461719667,216.0,175
1719461720373,214.0,50
1719461720373,214.0,50
1719461720373,214.0,50
1719461721472,215.0,25
1719461721472,215.0,25
1719461721989,215.05,25
1719461721989,215.05,25
1719461721989,215.05,25
1719461721989,215.05,25
1719461721989,215.05,25
1719461727861,215.4,50
1719461727945,215.0,175
1719461727945,215.0,175
1719461729478,215.05,25
1719461729478,215.05,25
1719461729478,215.05,25
1719461731987,212.0,25
1719461732284,210.55,25
1719461732841,210.6,25
1719461733450,209.9,25
1719461733794,209.5,125
1719461734497,205.35,125
1719461734746,206.75,25
1719461735889,204.25,25
1719461736029,203.95,25
1719461736736,204.05,25
1719461736944,204.6,100
1719461737829,205.75,25
1719461738308,207.95,25
1719461738831,207.8,150
1719461739425,208.8,25
1719461739810,207.9,50
1719461740504,209.0,25
1719461740504,209.0,25
1719461740984,208.3,50
1719461740984,208.3,50
1719461742321,209.9,25
1719461743997,209.25,25
1719461743997,209.25,25
1719461744584,209.75,50
1719461744584,209.75,50
1719461745739,209.05,175
1719461745739,209.05,175
1719461745739,209.05,175
1719461747641,207.55,25
1719461747665,207.4,25
1719461747665,207.4,25
1719461748735,207.05,50
1719461749525,205.95,25
1719461749809,207.6,25
1719461751175,205.8,50
1719461751506,205.0,50
1719461753031,204.55,25
1719461753849,205.0,50
1719461753857,205.5,25
1719461753857,205.5,25
1719461753857,205.5,25
1719461755782,205.15,25
1719461756241,204.9,25
1719461756810,205.7,100
1719461757540,206.0,50
1719461757540,206.0,50
1719461758398,206.0,25
1719461758398,206.0,25
1719461758953,205.0,25
1719461758953,205.0,25
1719461760750,205.2,50
1719461760750,205.2,50
1719461761560,205.85,25
1719461762109,204.05,200
1719461762373,204.85,25
1719461762997,203.85,25
1719461768224,205.65,100
1719461768971,205.0,25
1719461768971,205.0,25
1719461769406,205.3,125
1719461770778,205.0,100
1719461770778,205.0,100
1719461772225,207.4,25
1719461772606,206.1,150
1719461772606,206.1,150
1719461773558,206.1,25
1719461773946,206.9,100
1719461774619,207.25,25
1719461774619,207.25,25
1719461775813,206.6,25
1719461775873,206.65,25
1719461775873,206.65,25
1719461776976,206.55,25
1719461777788,207.0,25
1719461777788,207.0,25
1719461778847,206.2,25
1719461779453,207.0,50
1719461792737,202.35,125
1719461793074,202.1,25
1719461793586,202.3,25
1719461794295,202.15,50
1719461794295,202.15,50
1719461795383,201.8,75
1719461795383,201.8,75
1719461796350,201.95,25
1719461797410,202.6,25
1719461798127,201.3,250
1719461798127,201.3,250
1719461798127,201.3,250
1719461799222,200.65,25
1719461800123,202.1,25
1719461800469,201.95,50
1719461800469,201.95,50
1719461802142,202.1,50
1719461802418,202.0,25
1719461802418,202.0,25
1719461803812,199.95,50
1719461803812,199.95,50
1719461803812,199.95,50
1719461805758,200.85,125
1719461806204,201.5,25
1719461806204,201.5,25
1719461807529,201.6,25
1719461808866,202.0,50
1719461808866,202.0,50
1719461809437,201.65,75
1719461809921,202.0,25
1719461809921,202.0,25
1719461809921,202.0,25
1719461811511,201.3,25
1719461812072,201.65,100
1719461817614,204.95,100
1719461817614,204.95,100
1719461818601,204.55,25
1719461860084,207.9,125
1719461861392,208.45,25
1719461861392,208.45,25
1719461863896,207.05,25
1719461863896,207.05,25
1719461865314,206.65,25
1719461865708,206.15,25
1719461873044,207.8,75
1719461873244,208.05,125
1719461873723,209.2,25
1719461873723,209.2,25
1719461874896,210.25,25
1719461875237,210.0,50
1719461875237,210.0,50
1719461876052,209.55,100
1719461876754,210.05,25
1719461877101,210.0,25
1719461877690,209.7,25
1719461878012,209.3,50
1719461878900,209.95,75
1719461879451,209.65,50
1719461880912,209.45,50
1719461881318,210.2,25
1719461881906,211.2,25
1719461882499,211.8,25
1719461882993,211.15,25
1719461883677,210.35,25
1719461883821,210.2,25
1719461884564,209.7,25
1719461884564,209.7,25
1719461884564,209.7,25
1719461886077,209.55,25
1719461886894,209.15,100
1719461887891,208.95,50
1719461887891,208.95,50
1719461888197,209.7,25
1719461888197,209.7,25
1719461889832,209.45,25
1719461890074,209.7,25
1719461890769,210.75,25
1719461890977,210.25,25
1719461891464,210.25,25
1719461892278,211.05,100
1719461892783,211.55,25
1719461892974,211.8,25
1719461892974,211.8,25
1719461894357,211.2,25
1719461894694,211.25,250
1719461895210,211.35,150
1719461895210,211.35,150
1719461895210,211.35,150
1719461897343,210.95,25
1719461897343,210.95,25
1719461897343,210.95,25
1719461898778,211.2,50
1719461899301,211.3,25
1719461899301,211.3,25
1719461899301,211.3,25
1719461900633,210.0,25
1719461900633,210.0,25
1719461901887,209.95,25
1719461902340,209.9,25
1719461902357,209.4,25
1719461902357,209.4,25
1719461903801,209.25,50
1719461904248,208.75,25
1719461904940,209.7,150
1719461905290,209.85,100
1719461905290,209.85,100
1719461906703,211.25,50
1719461906703,211.25,50
1719461906703,211.25,50
1719461906703,211.25,50
1719461908627,210.75,25
1719461908627,210.75,25
1719461909684,211.05,50
1719461909684,211.05,50
1719461909684,211.05,50
1719461910667,211.5,50
1719461910946,212.1,25
1719461911331,214.0,25
1719461912009,212.5,325
1719461912263,212.2,25
1719461912263,212.2,25
1719461913308,211.95,100
1719461913922,212.05,75
1719461914842,213.7,75
1719461914842,213.7,75
1719461916223,213.75,25
1719461916978,215.0,25
1719461916978,215.0,25
1719461917959,212.6,25
1719461917959,212.6,25
1719461918910,213.5,25
1719461919373,212.9,375
1719461919886,213.05,50
1719461920292,213.1,75
1719461920802,212.25,75
1719461921344,211.6,25
1719461921344,211.6,25
1719461921344,211.6,25
1719461922912,211.45,50
1719461923632,210.35,125
1719461923632,210.35,125
1719461924506,211.3,25
1719461924506,211.3,25
1719461925664,209.7,25
1719461926232,209.7,100
1719461926918,210.0,300
1719461927355,210.05,25
1719461927355,210.05,25
1719461928727,209.85,25
1719461928727,209.85,25
1719461928727,209.85,25
1719461931384,209.6,75
1719461931859,210.05,100
1719461931859,210.05,100
1719461932706,210.0,400
1719461932706,210.0,400
1719461932706,210.0,400
1719461934951,210.9,25
1719461934951,210.9,25
1719461936077,209.95,25
1719461936561,210.75,25
1719461937261,211.7,25
1719461937261,211.7,25
1719461938104,210.55,200
1719461938104,210.55,200
1719461939461,210.15,50
1719461939896,209.7,25
1719461940263,210.05,50
1719461940263,210.05,50
1719461940263,210.05,50
1719461942662,210.2,25
1719461942662,210.2,25
1719461942662,210.2,25
1719461943845,209.5,150
1719461943845,209.5,150
1719461943845,209.5,150
1719461943845,209.5,150
1719461943845,209.5,150
1719461947275,208.05,25
1719461947562,208.05,25
1719461948069,208.0,100
1719461948069,208.0,100
1719461949527,207.25,25
1719461949527,207.25,25
1719461950612,206.45,150
1719461950918,207.2,50
1719461950918,207.2,50
1719461950918,207.2,50
1719461950918,207.2,50
1719461954214,206.95,25
1719461954214,206.95,25
1719461954921,208.05,50
1719461954921,208.05,50
1719461955593,207.35,25
1719461956299,206.05,25
1719461956299,206.05,25
1719461956299,206.05,25
1719461958176,205.85,50
1719461958610,204.7,25
1719461958896,204.65,25
1719461958896,204.65,25
1719461959910,204.55,50
1719461960127,202.75,25
1719461960812,202.7,25
1719461961432,200.5,75
1719461961811,199.9,200
1719461962419,200.85,25
1719461963156,198.3,25
1719461963486,199.0,25
1719461963486,199.0,25
1719461964814,200.2,25
1719461964923,199.3,325
1719461965009,199.6,25
1719461965818,200.05,25
1719461966085,200.65,25
1719461966614,200.2,25
1719461966614,200.2,25
1719461967351,201.05,25
1719461967351,201.05,25
1719461969629,200.0,250
1719461969629,200.0,250
1719461969883,200.0,50
1719461970515,200.6,25
1719461970924,199.95,25
1719461970924,199.95,25
1719461971935,199.55,50
1719461972555,199.25,50
1719461972555,199.25,50
1719461972555,199.25,50
1719461974069,201.45,25
1719461974876,200.65,25
1719461974876,200.65,25
1719461974876,200.65,25
1719461976981,201.1,25
1719461976981,201.1,25
1719461977740,200.5,50
1719461978855,202.2,25
1719461978916,202.05,25
1719461979704,201.85,100
1719461979704,201.85,100
1719461980439,200.95,25
1719461980439,200.95,25
1719461981867,201.8,75
1719461981867,201.8,75
1719461983057,199.85,25
1719461983475,199.3,200
1719461983781,199.1,100
1719461984245,197.45,25
1719461984775,197.4,25
1719461985723,199.2,100
1719461985896,198.45,50
1719461986840,198.5,25
1719461986891,198.05,25
1719461986891,198.05,25
1719461987353,198.9,100
1719461988431,199.0,75
1719461988552,199.2,50
1719461988552,199.2,50
1719461990181,198.55,25
1719461990181,198.55,25
1719461991761,198.75,75
1719461991867,198.55,25
1719461992621,199.05,25
1719461992621,199.05,25
1719461993589,198.9,200
1719461993589,198.9,200
1719461993589,198.9,200
1719461995023,198.0,25
1719461995023,198.0,25
1719461995860,197.0,100
1719461996258,197.8,50
1719461996929,200.0,25
1719461997407,199.9,25
1719461997946,199.5,25
1719461998199,200.05,25
1719461998199,200.05,25
1719461998199,200.05,25
1719462000005,199.25,25
1719462000005,199.25,25
1719462000773,199.1,125
1719462000773,199.1,125
1719462001928,198.2,25
1719462001928,198.2,25
1719462002465,196.95,100
1719462003295,197.85,25
1719462003295,197.85,25
1719462004320,198.3,25
1719462004706,198.4,25
1719462005430,198.0,350
1719462005430,198.0,350
1719462006760,197.55,125
1719462007049,195.6,25
1719462007049,195.6,25
1719462008492,194.15,50
1719462009183,194.75,25
1719462009183,194.75,25
1719462009888,195.3,50
1719462009888,195.3,50
1719462010808,195.4,75
1719462010808,195.4,75
1719462012092,197.8,25
1719462012092,197.8,25
1719462012860,196.45,25
1719462013027,195.8,25
1719462013639,196.65,100
1719462013639,196.65,100
1719462013639,196.65,100
1719462015818,196.4,75
1719462015818,196.4,75
1719462016726,196.6,125
1719462017656,196.6,25
1719462017909,195.35,250
1719462018122,194.75,25
1719462019124,195.9,25
1719462019124,195.9,25
1719462020902,195.9,25
1719462020902,195.9,25
1719462020902,195.9,25
1719462021958,197.25,25
1719462022307,198.8,25
1719462022780,198.6,25
1719462023256,199.5,25
1719462023924,198.75,100
1719462023924,198.75,100
1719462024625,200.0,125
1719462025247,200.2,25
1719462025247,200.2,25
1719462026735,199.55,25
1719462026735,199.55,25
1719462028234,200.0,900
1719462028705,199.6,25
1719462028705,199.6,25
1719462028705,199.6,25
1719462030207,199.65,25
1719462030207,199.65,25
1719462031357,198.95,25
1719462031451,198.65,25
1719462031451,198.65,25
1719462032484,198.45,25
1719462032484,198.45,25
1719462032484,198.45,25
1719462032484,198.45,25
1719462032484,198.45,25
1719462032484,198.45,25
1719462036529,198.0,25
1719462036899,198.6,25
1719462036899,198.6,25
1719462037196,198.6,1775
1719462038341,199.85,50
1719462038664,199.55,175
1719462039240,199.1,1375
1719462039441,199.2,50
1719462039441,199.2,50
1719462040792,198.6,25
1719462040792,198.6,25
1719462041648,199.05,50
1719462042340,200.3,50
1719462042842,199.95,25
1719462042842,199.95,25
1719462043839,199.8,50
1719462044770,200.05,25
1719462044970,200.5,150
1719462045056,200.0,100
1719462045601,200.6,25
1719462045601,200.6,25
1719462047570,200.15,50
1719462047727,200.1,25
1719462048359,199.05,100
1719462048957,199.2,50
1719462049526,199.45,25
1719462049840,199.05,25
1719462050221,198.0,25
1719462050788,197.75,25
1719462051111,197.6,825
1719462051927,197.9,50
1719462052553,197.0,150
1719462052922,196.5,25
1719462053863,195.85,25
1719462053863,195.85,25
1719462053863,195.85,25
1719462055306,198.1,150
1719462055306,198.1,150
1719462056536,198.95,25
1719462056536,198.95,25
1719462057398,199.1,25
1719462058362,199.35,25
1719462058453,200.0,50
1719462059009,200.6,25
1719462059315,200.25,75
1719462059315,200.25,75
1719462059315,200.25,75
1719462061017,198.8,75
1719462062035,197.6,125
1719462062994,197.85,50
1719462063508,198.3,100
1719462064254,199.4,100
1719462064254,199.4,100
1719462065337,200.0,200
1719462065337,200.0,200
1719462066583,200.1,50
1719462066583,200.1,50
1719462067898,200.9,25
1719462068705,200.1,25
1719462068705,200.1,25
1719462068705,200.1,25
1719462070061,200.3,25
1719462070347,200.15,25
1719462070347,200.15,25
1719462071192,200.1,25
1719462071192,200.1,25
1719462072289,200.15,25
1719462072994,200.6,100
1719462072994,200.6,100
1719462074136,200.35,25
1719462074242,199.8,25
1719462074242,199.8,25
1719462075613,200.25,200
1719462075613,200.25,200
1719462075613,200.25,200
1719462076994,199.75,25
1719462077120,200.25,50
1719462077823,199.7,25
1719462078370,199.1,400
1719462079000,199.35,25
1719462079000,199.35,25
1719462079000,199.35,25
1719462080267,200.0,75
1719462080267,200.0,75
1719462082122,200.9,25
1719462082809,203.25,75
1719462083593,202.15,25
1719462083593,202.15,25
1719462083593,202.15,25
1719462084759,203.2,50
1719462085288,202.6,175
1719462085979,202.2,100
1719462086227,202.15,25
1719462086227,202.15,25
1719462086227,202.15,25
1719462086227,202.15,25
1719462088625,201.65,25
1719462089016,201.55,50
1719462089635,202.35,225
1719462089992,202.65,25
1719462090761,202.1,100
1719462090761,202.1,100
1719462091538,202.95,225
1719462091538,202.95,225
1719462092257,202.55,50
1719462092257,202.55,50
1719462093802,203.25,50
1719462093802,203.25,50
1719462094874,204.55,50
1719462094874,204.55,50
1719462094874,204.55,50
1719462096972,203.55,25
1719462096972,203.55,25
1719462098235,203.75,25
1719462098483,203.7,25
1719462098915,203.35,25
1719462099438,202.65,25
1719462099438,202.65,25
1719462100737,203.0,700
1719462100737,203.0,700
1719462101989,202.75,50
1719462101989,202.75,50
1719462103580,203.55,25
1719462103580,203.55,25
1719462103580,203.55,25
1719462104450,203.3,25
1719462104450,203.3,25
1719462106416,203.9,50
1719462106416,203.9,50
1719462106416,203.9,50
1719462108293,203.4,25
1719462108293,203.4,25
1719462110583,200.45,25
1719462110583,200.45,25
1719462110583,200.45,25
1719462112842,200.15,25
1719462112842,200.15,25
1719462113179,199.0,25
1719462114525,201.15,25
1719462114814,200.8,25
1719462115409,201.35,25
1719462115409,201.35,25
1719462115409,201.35,25
1719462115409,201.35,25
1719462117946,201.75,50
1719462118420,202.7,175
1719462119904,203.75,25
1719462119904,203.75,25
1719462119904,203.75,25
1719462121906,204.7,25
1719462122234,205.0,200
1719462122581,204.55,200
1719462123358,204.35,75
1719462123937,204.4,25
1719462123937,204.4,25
1719462124933,204.85,75
1719462125086,204.8,50
1719462125086,204.8,50
1719462125086,204.8,50
1719462127173,204.25,25
1719462127173,204.25,25
1719462127173,204.25,25
1719462127173,204.25,25
1719462130781,205.4,25
1719462130781,205.4,25
1719462132301,204.75,25
1719462132301,204.75,25
1719462132301,204.75,25
1719462133852,205.0,75
1719462133953,204.0,50
1719462134452,204.8,25
1719462134452,204.8,25
1719462135552,204.75,75
1719462135552,204.75,75
1719462136260,203.6,200
1719462136260,203.6,200
1719462137785,204.75,25
1719462137785,204.75,25
1719462137785,204.75,25
1719462138827,205.9,50
1719462138827,205.9,50
1719462140036,206.7,150
1719462140036,206.7,150
1719462140725,206.0,150
1719462141459,206.15,125
1719462141459,206.15,125
1719462142668,206.6,100
1719462142668,206.6,100
1719462144403,206.65,25
1719462144751,206.3,25
1719462145663,206.5,25
1719462145970,205.8,25
1719462145970,205.8,25
1719462146845,205.35,150
1719462147876,205.25,100
1719462147876,205.25,100
1719462148649,203.8,50
1719462149484,204.35,50
1719462149484,204.35,50
1719462149484,204.35,50
1719462149484,204.35,50
1719462149484,204.35,50
1719462149484,204.35,50
1719462149484,204.35,50
1719462155762,204.85,200
1719462155762,204.85,200
1719462155762,204.85,200
1719462158253,206.0,25
1719462158253,206.0,25
1719462159297,205.85,75
1719462159297,205.85,75
1719462159840,206.35,25
1719462159840,206.35,25
1719462160845,206.6,25
1719462160845,206.6,25
1719462162884,206.45,25
1719462162884,206.45,25
1719462162884,206.45,25
1719462164671,207.85,25
1719462164807,207.75,25
1719462164807,207.75,25
1719462164807,207.75,25
1719462165527,207.85,25
1719462165527,207.85,25
1719462166973,207.6,225
1719462167562,207.65,25
1719462167562,207.65,25
1719462167562,207.65,25
1719462169219,208.25,100
1719462169944,209.45,25
1719462169944,209.45,25
1719462170142,209.15,25
1719462170142,209.15,25
1719462171877,208.0,50
1719462171877,208.0,50
1719462172244,207.65,25
1719462172244,207.65,25
1719462173674,206.45,25
1719462174147,205.15,250
1719462174147,205.15,250
1719462175013,204.85,25
1719462175212,204.0,125
1719462176030,205.15,25
1719462176475,206.25,25
1719462177809,208.05,25
1719462178127,208.65,25
1719462178759,209.45,25
1719462178759,209.45,25
1719462179877,208.95,25
1719462179877,208.95,25
1719462180508,208.5,25
1719462181070,209.0,25
1719462181790,209.5,25
1719462181790,209.5,25
1719462183043,208.75,50
1719462183777,208.65,25
1719462184002,209.25,25
1719462184835,209.65,25
1719462184835,209.65,25
1719462186668,209.25,25
1719462186668,209.25,25
1719462187106,209.0,250
1719462187420,209.7,25
1719462187420,209.7,25
1719462188857,209.95,200
1719462190002,208.75,75
1719462190002,208.75,75
1719462190002,208.75,75
1719462190002,208.75,75
1719462191634,209.1,25
1719462192197,207.65,25
1719462192197,207.65,25
1719462192197,207.65,25
1719462193705,207.95,100
1719462194593,208.5,100
1719462194593,208.5,100
1719462195033,209.0,700
1719462195591,209.5,25
1719462195591,209.5,25
1719462195591,209.5,25
1719462197074,209.25,100
1719462197074,209.25,100
1719462197074,209.25,100
1719462199648,208.35,25
1719462199648,208.35,25
1719462200262,208.45,125
1719462200382,207.75,50
1719462200960,208.5,25
1719462200960,208.5,25
1719462202261,206.8,50
1719462202871,206.85,150
1719462202871,206.85,150
1719462203445,206.75,50
1719462204354,205.0,250
1719462204694,205.25,50
1719462204694,205.25,50
1719462205896,204.7,75
1719462205896,204.7,75
1719462206910,204.75,25
1719462207566,204.45,25
1719462207852,205.0,75
1719462208632,206.55,25
1719462208632,206.55,25
1719462209930,206.9,250
1719462209930,206.9,250
1719462211486,207.85,25
1719462211717,207.4,50
1719462211717,207.4,50
1719462212266,208.0,25
1719462212266,208.0,25
1719462213322,206.55,50
1719462213888,206.6,50
1719462214389,206.75,50
1719462214389,206.75,50
1719462215374,208.0,25
1719462215374,208.0,25
1719462215374,208.0,25
1719462217783,207.5,25
1719462217783,207.5,25
1719462219131,206.75,25
1719462219923,207.25,100
1719462219923,207.25,100
1719462220827,206.6,25
1719462220827,206.6,25
1719462222237,207.65,25
1719462222555,207.2,25
1719462222555,207.2,25
1719462223314,207.6,25
1719462224105,206.75,25
1719462224105,206.75,25
1719462225882,206.8,200
1719462225882,206.8,200
1719462226267,206.1,25
1719462227127,207.0,25
1719462227924,206.7,200
1719462227924,206.7,200
1719462227924,206.7,200
1719462230074,208.0,75
1719462230074,208.0,75
1719462230074,208.0,75
1719462230074,208.0,75
1719462233255,207.95,50
1719462233255,207.95,50
1719462233255,207.95,50
1719462233255,207.95,50
1719462233255,207.95,50
1719462237800,209.4,25
1719462237800,209.4,25
1719462238235,209.4,25
1719462238747,209.1,25
1719462240220,207.55,25
1719462240220,207.55,25
1719462241093,206.75,125
1719462241093,206.75,125
1719462241093,206.75,125
1719462241895,205.9,25
1719462242211,207.45,50
1719462243098,205.9,50
1719462243571,206.25,50
1719462243571,206.25,50
1719462244884,205.25,100
1719462244884,205.25,100
1719462245824,205.05,100
1719462245824,205.05,100
1719462246716,204.15,25
1719462247152,204.55,25
1719462247152,204.55,25
1719462247152,204.55,25
1719462248978,203.85,150
1719462249358,204.25,25
1719462249358,204.25,25
1719462249358,204.25,25
1719462250936,205.35,25
1719462250936,205.35,25
1719462250936,205.35,25
1719462253039,206.6,100
1719462253039,206.6,100
1719462253039,206.6,100
1719462253039,206.6,100
1719462253039,206.6,100
1719462257462,205.4,25
1719462257462,205.4,25
1719462258568,206.55,100
1719462258568,206.55,100
1719462259296,205.95,25
1719462259296,205.95,25
1719462260315,205.9,50
1719462260315,205.9,50
1719462260933,205.6,50
1719462260933,205.6,50
1719462260933,205.6,50
1719462260933,205.6,50
1719462260933,205.6,50
1719462265401,205.1,50
1719462265552,204.65,25
1719462265552,204.65,25
1719462265552,204.65,25
1719462267692,203.9,25
1719462267692,203.9,25
1719462268120,203.85,25
1719462268205,204.45,25
1719462268205,204.45,25
1719462269610,203.35,25
1719462269610,203.35,25
1719462269610,203.35,25
1719462269610,203.35,25
1719462269610,203.35,25
1719462272183,203.6,25
1719462272183,203.6,25
1719462272725,203.55,25
1719462272725,203.55,25
1719462273856,204.25,25
1719462274447,203.35,225
1719462274447,203.35,225
1719462276129,203.4,25
1719462276213,203.45,25
1719462276213,203.45,25
1719462277487,201.95,25
1719462277685,201.45,75
1719462277685,201.45,75
1719462279520,201.55,25
1719462279520,201.55,25
1719462279927,201.45,150
1719462280667,200.5,25
1719462280667,200.5,25
1719462281367,200.0,25
1719462282080,199.95,125
1719462282899,200.2,25
1719462282899,200.2,25
1719462283619,200.85,25
1719462284124,200.95,75
1719462284629,201.35,50
1719462285999,201.1,25
1719462285999,201.1,25
1719462285999,201.1,25
1719462287466,201.8,25
1719462287466,201.8,25
1719462287466,201.8,25
1719462288955,201.5,25
1719462288955,201.5,25
1719462289986,199.9,25
1719462290912,199.3,25
1719462291020,199.1,25
1719462291901,197.8,25
1719462291901,197.8,25
1719462293122,199.4,25
1719462293122,199.4,25
1719462293122,199.4,25
1719462294569,200.5,25
1719462294805,201.5,25
1719462294805,201.5,25
1719462294805,201.5,25
1719462295907,200.8,25
1719462295907,200.8,25
1719462297350,200.6,75
1719462297710,200.5,25
1719462298103,200.6,25
1719462298665,199.9,25
1719462298665,199.9,25
1719462300311,199.1,50
1719462301054,199.4,100
1719462301493,199.0,250
1719462302061,199.5,25
1719462302397,199.45,100
1719462302835,198.7,25
1719462303207,199.9,75
1719462303207,199.9,75
1719462304854,199.85,100
1719462305181,199.0,50
1719462306299,199.0,50
1719462306299,199.0,50
1719462307328,198.9,100
1719462307328,198.9,100
1719462308488,198.8,25
1719462308488,198.8,25
1719462309860,200.6,50
1719462309976,200.85,25
1719462310345,200.25,50
1719462310345,200.25,50
1719462312324,196.0,25
1719462312708,195.8,75
1719462313201,194.75,25
1719462313201,194.75,25
1719462314022,196.15,50
1719462328141,194.6,25
1719462328383,193.6,25
1719462328748,194.0,75
1719462329448,194.1,25
1719462330552,194.2,125
1719462331214,194.25,25
1719462331628,194.0,25
1719462331968,194.05,25
1719462332594,195.8,25
1719462332594,195.8,25
1719462333212,195.4,50
1719462333212,195.4,50
1719462333212,195.4,50
1719462335085,195.35,75
1719462335085,195.35,75
1719462335085,195.35,75
1719462337135,195.25,50
1719462338007,196.25,25
1719462339035,196.3,50
1719462339314,195.95,25
1719462339314,195.95,25
1719462340435,195.0,375
1719462340435,195.0,375
1719462340435,195.0,375
1719462345760,196.0,50
1719462345760,196.0,50
1719462350911,196.3,25
1719462351201,196.1,150
1719462351201,196.1,150
1719462352992,197.05,25
1719462352992,197.05,25
1719462353597,196.6,25
1719462354078,197.65,200
1719462354935,195.95,25
1719462354935,195.95,25
1719462354935,195.95,25
1719462354935,195.95,25
1719462357128,197.35,25
1719462357836,196.4,75
1719462358300,197.15,50
1719462358458,197.6,125
1719462358924,197.5,25
1719462358924,197.5,25
1719462358924,197.5,25
1719462360317,197.6,100
1719462360717,197.4,200
1719462361117,198.05,25
1719462361662,197.3,25
1719462361662,197.3,25
1719462362913,197.7,75
1719462362913,197.7,75
1719462362913,197.7,75
1719462364788,198.3,25
1719462365204,198.55,25
1719462365204,198.55,25
1719462366376,199.5,25
1719462366425,199.0,50
1719462367189,200.05,25
1719462367723,199.85,125
1719462367723,199.85,125
1719462368658,199.05,50
1719462369308,199.3,50
1719462369308,199.3,50
1719462369308,199.3,50
1719462370606,198.4,50
1719462370606,198.4,50
1719462371868,197.3,75
1719462371868,197.3,75
1719462371868,197.3,75
1719462372858,196.65,25
1719462372858,196.65,25
1719462405389,188.0,25
1719462405678,188.25,25
1719462405807,187.8,25
1719462406895,187.9,50
1719462407210,186.75,25
1719462407867,185.4,25
1719462408069,184.75,75
1719462409064,182.05,25
1719462409407,182.6,25
1719462410187,184.65,25
1719462410680,184.6,25
1719462410980,184.05,25
1719462411378,183.55,25
1719462412404,183.3,25
1719462412887,184.05,25
1719462413210,183.6,50
1719462413654,183.45,50
1719462414206,182.85,50
1719462415129,180.15,25
1719462415441,180.35,50
1719462416124,179.0,25
1719462416141,178.85,25
1719462417184,178.8,25
1719462417318,178.95,25
1719462418270,177.8,25
1719462418435,177.9,25
1719462419188,177.0,50
1719462419321,177.0,25
1719462419746,176.8,25
1719462420234,175.6,25
1719462421136,173.7,25
1719462421136,173.7,25
1719462422416,171.0,25
1719462422673,170.9,125
1719462423195,170.45,25
1719462424108,171.05,75
1719462424418,170.75,25
1719462425123,172.65,25
1719462425177,172.15,25
1719462426154,172.0,25
1719462427253,171.2,25
1719462427328,171.6,25
1719462428380,174.2,75
1719462428518,174.2,25
1719462429237,172.4,25
1719462429489,172.15,25
1719462429736,172.5,25
1719462430232,173.55,50
1719462431153,173.4,25
1719462431153,173.4,25
1719462432047,172.9,25
1719462432276,172.7,25
1719462433168,174.1,25
1719462433168,174.1,25
1719462434250,173.4,25
1719462434473,172.0,50
1719462434702,172.2,25
1719462435218,171.65,25
1719462435955,171.25,50
1719462436255,171.05,50
1719462436628,171.4,25
1719462437134,171.55,25
1719462437921,171.45,25
1719462438227,170.55,25
1719462439152,170.35,25
1719462439152,170.35,25
1719462440146,172.0,75
1719462440277,172.15,125
1719462441051,172.6,100
1719462441051,172.6,100
1719462442330,171.1,200
1719462442430,171.6,50
1719462443233,171.3,25
1719462443515,170.85,50
1719462443752,170.75,175
1719462444240,171.1,50
1719462444874,169.2,25
1719462445432,168.0,25
1719462445895,168.2,25
1719462446163,168.65,25
1719462447020,169.2,25
1719462447020,169.2,25
1719462448131,169.65,25
1719462448396,170.1,25
1719462449111,170.55,25
1719462449251,170.6,50
1719462450055,170.85,25
1719462450126,170.3,25
1719462450440,170.6,25
1719462451375,171.1,150
1719462451546,171.4,25
1719462451777,171.3,50
1719462452205,171.25,25
1719462452887,172.9,50
1719462452887,172.9,50
1719462454229,170.95,25
1719462455357,170.65,25
1719462456051,170.9,50
1719462457084,170.55,25
1719462457390,170.25,50
1719462458174,171.05,100
1719462458366,170.85,25
1719462458772,171.05,25
1719462458951,170.85,25
1719462458951,170.85,25
1719462460351,170.0,50
1719462460527,170.25,25
1719462461012,170.55,75
1719462461969,170.0,50
1719462463011,167.2,50
1719462464143,166.55,25
1719462464143,166.55,25
1719462465164,167.5,25
1719462465434,167.8,75
1719462466165,164.9,25
1719462466286,164.6,50
1719462467069,163.3,25
1719462467304,163.65,25
1719462468399,163.0,25
1719462468586,162.5,200
1719462469232,163.0,75
1719462469564,163.3,50
1719462470256,161.8,25
1719462470744,160.15,25
1719462471261,161.0,25
1719462471997,160.65,50
1719462472449,158.85,25
1719462473186,158.0,25
1719462473602,158.65,25
1719462474392,160.0,50
1719462475023,160.05,75
1719462475204,159.75,25
1719462476259,158.1,25
1719462477460,156.9,175
1719462478279,158.35,25
1719462478579,158.95,25
1719462479249,158.95,25
1719462479590,159.4,25
1719462480085,158.75,100
1719462480468,158.1,50
1719462480828,155.7,75
1719462481253,155.35,25
1719462481921,155.7,50
1719462482362,153.7,25
1719462483235,152.15,25
1719462483438,153.35,25
1719462486464,154.0,75
1719462487259,153.9,25
1719462487440,153.85,25
1719462488197,155.1,50
1719462488654,155.05,25
1719462489293,154.5,25
1719462489741,154.65,25
1719462490277,154.45,50
1719462490965,154.25,50
1719462490965,154.25,50
1719462492220,153.25,200
1719462492415,153.6,50
1719462493184,154.0,25
1719462493434,154.2,500
1719462494166,154.25,50
1719462495278,153.65,25
1719462495625,154.7,25
1719462496248,155.65,200
1719462496637,155.1,125
1719462497427,154.8,75
1719462497594,155.05,25
1719462497796,155.4,25
1719462498280,155.0,50
1719462498904,155.45,25
1719462499241,156.0,150
1719462500115,156.8,25
1719462501195,156.2,50
1719462501282,156.1,25
1719462502439,155.55,25
1719462502594,155.7,50
1719462503063,155.05,225
1719462503389,155.5,25
1719462509422,153.1,50
1719462509959,153.3,100
1719462510236,153.85,25
1719462510459,153.5,25
1719462511155,153.25,25
1719462511453,152.75,50
1719462512403,152.55,25
1719462512852,152.45,50
1719462513201,151.05,250
1719462513770,151.7,25
1719462514026,151.65,50
1719462515058,151.6,50
1719462515458,151.75,50
1719462516135,151.6,50
1719462517262,151.2,50
1719462517353,151.35,25
1719462518679,152.2,25
1719462519428,153.15,50
1719462519853,151.95,25
1719462520290,151.45,25
1719462520992,152.85,100
1719462521248,152.7,25
1719462522262,154.8,25
1719462522461,154.0,25
1719462523203,153.7,100
1719462523466,154.35,25
1719462524286,153.1,125
1719462524777,153.25,50
1719462525290,153.85,25
1719462525948,154.4,25
1719462527269,153.7,50
1719462528473,155.5,25
1719462535058,153.9,25
1719462535058,153.9,25
1719462536451,154.0,25
1719462536592,153.85,25
1719462545298,152.85,100
1719462545529,152.75,125
1719462546259,153.45,25
1719462546426,153.85,75
1719462547072,153.8,25
1719462548093,154.25,250
1719462548719,153.7,25
1719462549270,152.75,25
1719462549433,152.8,25
1719462550224,153.55,150
1719462550698,152.9,25
1719462550698,152.9,25
1719462551935,152.65,25
1719462560102,150.1,100
1719462560589,150.75,25
1719462560957,150.4,50
1719462561076,150.15,50
1719462562144,149.25,50
1719462562144,149.25,50
1719462563311,150.55,50
1719462563436,150.75,25
1719462564253,149.9,25
1719462564253,149.9,25
1719462564748,150.2,50
1719462564748,150.2,50
1719462566015,150.25,25
1719462566449,150.2,50
1719462567154,150.25,125
1719462567953,149.35,175
1719462567953,149.35,175
1719462567953,149.35,175
1719462575324,148.95,50
1719462575432,149.1,100
1719462576297,149.8,25
1719462576407,150.05,25
1719462577242,150.8,75
1719462603302,146.1,25
1719462603648,147.7,25
1719462604305,147.0,25
1719462604803,148.45,25
1719462605136,147.6,25
1719462605136,147.6,25
1719462606282,148.95,50
1719462606282,148.95,50
1719462607268,148.5,75
1719462608407,149.75,25
1719462608539,147.8,75
1719462609081,147.8,25
1719462609560,148.5,100
1719462610043,149.0,25
1719462610699,149.1,50
1719462610699,149.1,50
1719462610699,149.1,50
1719462611850,148.9,25
1719462611850,148.9,25
1719462613135,147.45,50
1719462613135,147.45,50
1719462613135,147.45,50
1719462614393,147.95,25
1719462615370,147.0,75
1719462616169,147.5,75
1719462616492,147.75,150
1719462617227,148.1,100
1719462617485,147.9,50
1719462617769,148.6,25
1719462618685,148.6,50
1719462619497,149.7,25
1719462619497,149.7,25
1719462620299,150.85,75
1719462620426,150.55,25
1719462620426,150.55,25
1719462621244,149.7,25
1719462621846,150.2,50
1719462621846,150.2,50
1719462623134,151.3,25
1719462623134,151.3,25
1719462623964,151.25,25
1719462624346,151.35,25
1719462625457,151.8,100
1719462626122,150.8,125
1719462626568,151.5,25
1719462627190,150.75,125
1719462627656,150.0,25
1719462628336,149.25,75
1719462628818,149.0,25
1719462629080,148.95,25
1719462629552,148.65,25
1719462629750,149.6,50
1719462629750,149.6,50
1719462629750,149.6,50
1719462631139,148.0,50
1719462631606,148.0,50
1719462632317,147.45,25
1719462632644,147.05,25
1719462633102,146.7,75
1719462633583,147.1,25
1719462634480,146.5,25
1719462634840,146.65,50
1719462635262,146.4,50
1719462635538,146.35,25
1719462636314,146.25,25
1719462636845,146.75,200
1719462637073,146.65,50
1719462637476,146.0,150
1719462637910,145.8,25
1719462638233,146.05,25
1719462639317,146.9,25
1719462639763,147.6,25
1719462639763,147.6,25
1719462641472,147.15,25
1719462642222,146.85,25
1719462642656,147.15,1225
1719462643271,147.7,125
1719462643660,147.8,125
1719462644470,148.4,250
1719462644470,148.4,250
1719462645136,147.05,25
1719462645136,147.05,25
1719462646156,146.55,150
1719462646156,146.55,150
1719462647267,145.65,175
1719462647572,146.4,100
1719462648377,146.4,250
1719462648434,146.45,75
1719462649239,145.6,50
1719462649390,146.75,75
1719462650342,147.6,25
1719462651687,146.5,50
1719462652358,146.55,100
1719462652783,146.45,50
1719462653016,146.65,25
1719462653016,146.65,25
1719462653016,146.65,25
1719462657504,145.1,175
1719462657504,145.1,175
1719462658242,143.8,25
1719462658317,144.0,150
1719462659479,143.25,50
1719462660029,142.15,25
1719462660477,140.75,25
1719462660879,140.95,25
1719462661378,140.95,50
1719462661881,140.65,75
1719462662552,140.35,25
1719462662704,140.45,25
1719462663357,140.65,25
1719462663913,138.65,25
1719462664120,139.65,75
1719462664539,140.0,50
1719462665201,139.9,25
1719462665201,139.9,25
1719462666477,138.7,125
1719462666477,138.7,125
1719462667344,139.2,150
1719462667664,138.85,25
1719462668357,139.65,150
1719462668627,138.45,500
1719462669374,138.8,25
1719462669711,139.4,100
1719462670362,139.8,25
1719462670841,140.75,25
1719462671045,139.9,50
1719462671880,139.2,25
1719462672348,139.4,50
1719462672907,138.9,225
1719462673090,138.9,25
1719462673564,138.55,25
1719462674122,138.4,25
1719462674122,138.4,25
1719462675369,139.15,75
1719462675671,139.55,25
1719462676398,140.2,25
1719462676936,139.75,50
1719462677087,139.5,125
1719462677588,140.5,125
1719462678220,140.35,50
1719462678999,140.9,100
1719462680577,137.8,125
1719462681381,136.15,25
1719462681653,136.1,50
1719462682327,134.2,25
1719462682881,134.6,25
1719462683369,134.6,75
1719462684287,138.3,50
1719462684556,138.45,25
1719462685231,137.5,25
1719462686476,137.0,25
1719462687335,137.6,25
1719462687335,137.6,25
1719462688217,137.35,100
1719462688879,137.85,25
1719462688879,137.85,25
1719462689770,137.75,25
1719462690289,137.15,25
1719462690928,137.4,25
1719462691309,136.65,75
1719462691562,136.0,25
1719462692006,137.45,100
1719462692421,137.0,25
1719462693254,137.9,175
1719462693452,138.45,25
1719462694383,138.6,25
1719462694747,137.9,25
1719462695403,137.5,50
1719462695720,137.85,50
1719462696090,138.55,25
1719462696926,137.9,25
1719462696926,137.9,25
1719462696926,137.9,25
1719462702661,135.5,75
1719462703387,135.4,25
1719462704073,135.75,25
1719462704365,135.75,175
1719462705111,134.6,25
1719462705334,134.25,25
1719462736415,127.35,250
1719462737410,127.9,25
1719462737687,128.3,50
1719462738600,128.05,50
1719462738744,128.0,25
1719462739289,127.6,175
1719462739751,128.25,25
1719462740339,127.75,25
1719462741019,128.25,25
1719462741419,128.35,25
1719462741605,128.3,25
1719462742302,128.95,25
1719462742635,128.2,25
1719462743390,128.1,25
1719462743598,127.95,25
1719462744621,128.3,125
1719462745283,128.05,100
1719462745780,128.2,25
1719462746347,128.1,25
1719462746835,128.45,25
1719462747342,128.15,25
1719462748070,128.25,25
1719462748520,128.1,125
1719462749202,127.95,50
1719462749363,127.5,25
1719462750022,128.45,50
1719462750402,128.55,25
1719462751525,128.8,25
1719462752424,128.25,25
1719462752786,127.7,75
1719462753357,127.1,125
1719462754038,126.5,25
1719462754585,127.8,25
1719462754890,128.05,25
1719462755218,127.95,375
1719462755327,127.75,25
1719462756250,127.8,50
1719462756416,127.65,25
1719462757532,125.8,25
1719462758392,127.1,25
1719462758806,127.25,25
1719462759601,127.5,25
1719462759858,127.5,25
1719462760307,127.9,25
1719462767428,128.1,25
1719462767751,128.45,50
1719462768420,128.6,225
1719462768839,128.2,25
1719462769319,127.35,50
1719462770062,127.75,25
1719462770266,127.25,25
1719462770266,127.25,25
1719462771303,127.0,1000
1719462771642,125.5,250
1719462772427,123.25,25
1719462772856,122.9,125
1719462773403,121.85,25
1719462773889,121.9,25
1719462774547,122.35,50
1719462775069,122.0,125
1719462775440,121.5,25
1719462775898,121.9,25
1719462776626,122.05,200
1719462777056,123.4,25
1719462777422,123.7,25
1719462778448,124.2,50
1719462778485,124.0,25
1719462779191,124.25,25
1719462780009,123.8,50
1719462780418,123.55,25
1719462781675,120.9,25
1719462781835,121.1,75
1719462782412,121.2,25
1719462783094,121.4,25
1719462783436,120.45,75
1719462784264,120.05,25
1719462784436,119.9,25
1719462785444,120.35,25
1719462785627,120.5,175
1719462786408,120.1,25
1719462786849,119.8,100
1719462787544,119.9,25
1719462787783,120.1,50
1719462788368,119.85,25
1719462788904,120.15,25
1719462789451,119.95,125
1719462790074,118.2,200
1719462790462,117.55,25
1719462791279,117.75,25
1719462791450,117.6,25
1719462792449,118.2,125
1719462792578,118.15,25
1719462793672,119.45,50
1719462794375,119.0,25
1719462794893,119.45,25
1719462795108,119.35,25
1719462796267,119.0,175
1719462796452,119.1,25
1719462797081,119.8,25
1719462797386,120.05,50
1719462798475,120.6,25
1719462799433,120.0,25
1719462799643,120.0,125
1719462800445,119.2,25
1719462800672,118.9,25
1719462801215,118.65,50
1719462801867,118.95,150
1719462802647,118.9,25
1719462802913,119.1,200
1719462803441,118.9,25
1719462804096,118.7,125
1719462804452,118.9,25
1719462805250,119.6,25
1719462805635,119.3,25
1719462806411,120.3,25
1719462806705,120.0,150
1719462807668,120.85,25
1719462808067,121.15,50
1719462808332,121.15,25
1719462809114,121.35,75
1719462809369,121.5,25
1719462810090,122.4,50
1719462810280,122.5,175
1719462810544,122.1,50
1719462811386,122.85,25
1719462811520,122.75,25
1719462812453,123.4,25
1719462812645,123.75,25
1719462813601,122.35,125
1719462813891,121.8,25
1719462814419,123.0,100
1719462814873,123.35,100
1719462815644,123.05,100
1719462815962,123.15,50
1719462816447,122.85,50
1719462816996,122.8,50
1719462817300,122.5,50
1719462817300,122.5,50
1719462818443,123.8,100
1719462818624,123.4,25
1719462819471,123.6,25
1719462819911,125.25,125
1719462820462,124.95,50
1719462820925,125.5,25
1719462821452,126.3,25
1719462822179,126.15,50
1719462822666,125.5,75
1719462823336,125.45,75
1719462823382,125.25,50
1719462824463,125.2,25
1719462824698,125.55,100
1719462825663,124.6,150
1719462825939,125.2,25
1719462826452,125.45,25
1719462827141,125.35,25
1719462827440,124.65,50
1719462827952,124.7,50
1719462828573,125.45,50
1719462829093,125.85,25
1719462829243,125.65,25
1719462829243,125.65,25
1719462830472,124.45,25
1719462830514,124.55,25
1719462831439,125.05,25
1719462831908,125.25,50
1719462832402,124.4,25
1719462832941,124.2,50
1719462833602,124.5,50
1719462833957,124.75,25
1719462834475,124.6,25
1719462835158,124.55,50
1719462835652,124.1,50
1719462836115,124.9,25
1719462836350,125.0,25
1719462837352,124.6,25
1719462837486,124.55,100
1719462838501,124.1,200
1719462838501,124.1,200
1719462839456,123.55,150
1719462839931,122.95,25
1719462840086,122.5,25
1719462840414,122.75,25
1719462840765,122.65,125
1719462841382,122.9,25
1719462841382,122.9,25
1719462842347,123.0,50
1719462842526,122.95,25
1719462843384,122.65,25
1719462843384,122.65,25
1719462844228,122.6,100
1719462844228,122.6,100
1719462845258,122.3,25
1719462845772,122.95,25
1719462846488,124.3,150
1719462846705,124.0,75
1719462847218,123.75,25
1719462847980,124.8,50
1719462848566,124.85,25
1719462848933,124.6,25
1719462849414,124.8,25
1719462850137,125.5,25
1719462850288,125.2,125
1719462850407,124.8,25
1719462851196,124.25,25
1719462852425,123.4,25
1719462852425,123.4,25
1719462853174,124.2,25
1719462853563,123.95,50
1719462853946,124.1,25
1719462853946,124.1,25
1719462855451,123.8,25
1719462855778,123.65,50
1719462856445,124.15,25
1719462856693,124.2,50
1719462857617,124.15,25
1719462857870,124.2,25
1719462858478,124.4,100
1719462858651,124.65,25
1719462859458,124.4,25
1719462860061,124.05,25
1719462860061,124.05,25
1719462860061,124.05,25
1719462861226,124.15,25
1719462861226,124.15,25
1719462862351,123.2,25
1719462862918,123.7,50
1719462863638,123.0,25
1719462863784,123.35,25
1719462864397,123.05,50
1719462865170,123.0,75
1719462865373,122.6,25
1719462865483,122.0,25
1719462866435,122.65,25
1719462867346,122.95,25
1719462867657,123.2,100
1719462868600,122.65,50
1719462869369,123.4,25
1719462869820,123.6,75
1719462870631,123.6,25
1719462870714,123.25,25
1719462871484,123.5,75
1719462871850,123.4,25
1719462872179,123.1,50
1719462872924,123.85,25
1719462873598,123.15,25
1719462874139,123.3,25
1719462874139,123.3,25
1719462874444,123.25,50
1719462875254,122.9,175
1719462875585,122.9,25
1719462876207,122.75,550
1719462876725,122.7,25
1719462877523,122.65,425
1719462877523,122.65,425
1719462878343,121.8,600
1719462879013,121.85,100
1719462879152,122.1,50
1719462879839,122.4,100
1719462879839,122.4,100
1719462880693,121.65,25
1719462881190,121.2,25
1719462882350,121.9,175
1719462882463,121.25,25
1719462883304,120.8,25
1719462883304,120.8,25
1719462884513,121.75,75
1719462885657,123.4,25
1719462885990,122.75,25
1719462886385,121.6,200
1719462886551,121.8,25
1719462887506,121.15,50
1719462888179,122.45,50
1719462888179,122.45,50
1719462889474,122.4,150
1719462889474,122.4,150
1719462890633,121.35,25
1719462890633,121.35,25
1719462891373,121.8,25
1719462891684,121.95,250
1719462892514,120.45,25
1719462892568,121.0,25
1719462893046,120.8,25
1719462893046,120.8,25
1719462894504,121.25,25
1719462894504,121.25,25
1719462895312,120.15,25
1719462895637,120.9,75
1719462896605,120.0,75
1719462897219,119.85,200
1719462897219,119.85,200
1719462898451,118.85,25
1719462899462,117.2,25
1719462899575,116.75,75
1719462900105,116.9,25
1719462900424,116.3,25
1719462900652,116.0,600
1719462901661,117.05,75
1719462901812,117.5,250
1719462902485,118.15,200
1719462902809,118.75,25
1719462903532,120.3,25
1719462903839,120.1,25
1719462904717,122.0,150
1719462905249,122.25,175
1719462905497,122.45,25
1719462906370,121.85,25
1719462906666,121.65,100
1719462907503,120.15,750
1719462907889,120.3,25
1719462908650,119.95,25
1719462908825,120.15,25
1719462909369,120.3,75
1719462910005,119.85,175
1719462910349,120.7,150
1719462911050,121.5,25
1719462911705,121.85,50
1719462912241,120.85,75
1719462912518,121.15,50
1719462913448,121.4,50
1719462914449,121.65,25
1719462914714,121.35,450
1719462915534,120.7,50
1719462915869,120.15,50
1719462916524,120.2,25
1719462916840,120.75,50
1719462917536,121.45,50
1719462918087,121.5,600
1719462918718,120.9,25
1719462919234,120.4,25
1719462919524,120.65,25
1719462920536,121.3,50
1719462920842,120.95,50
1719462921707,119.0,100
1719462922097,118.4,25
1719462922538,117.95,50
1719462923079,119.0,350
1719462923519,119.0,25
1719462924047,119.5,50
1719462924546,118.9,375
1719462925015,119.0,75
1719462925493,118.9,25
1719462926211,120.2,75
1719462926405,120.05,100
1719462926405,120.05,100
1719462927439,119.6,75
1719462927439,119.6,75
1719462928482,120.2,25
1719462929541,120.7,125
1719462929887,121.2,25
1719462930057,121.0,100
1719462930239,120.85,25
1719462930980,121.25,25
1719462931608,120.5,25
1719462932003,120.3,325
1719462932515,120.05,50
1719462933105,120.25,125
1719462933521,120.3,150
1719462933521,120.3,150
1719462934411,120.0,50
1719462934411,120.0,50
1719462935406,120.15,25
1719462935545,120.15,25
1719462936747,119.35,25
1719462936900,119.2,25
1719462937704,117.75,75
1719462938209,116.95,75
1719462938505,116.65,100
1719462939053,116.55,25
1719462939423,116.9,25
1719462940649,116.9,25
1719462940906,117.35,25
1719462941488,116.2,25
1719462941882,115.9,500
1719462942456,115.65,325
1719462942903,115.95,50
1719462943746,114.95,25
1719462944294,114.3,25
1719462944522,114.0,25
1719462945507,115.2,100
1719462945676,115.0,275
1719462946757,115.85,25
1719462946916,115.95,25
1719462947508,117.2,100
1719462948225,116.75,25
1719462948551,116.8,25
1719462948910,117.05,50
1719462949706,117.05,25
1719462950307,117.85,75
1719462950551,117.95,75
1719462951334,117.95,250
1719462951534,117.7,50
1719462952514,119.05,50
1719462952710,118.4,75
1719462953529,118.35,175
1719462953690,118.45,75
1719462954436,119.0,175
1719462954692,118.6,25
1719462955474,118.4,125
1719462955779,118.0,25
1719462956495,118.85,325
1719462957132,118.95,50
1719462957415,118.85,100
1719462958288,119.6,25
1719462958699,119.85,25
1719462959321,120.1,100
1719462959411,120.35,125
1719462960035,119.7,25
1719462960257,119.2,25
1719462960542,118.7,50
1719462961486,117.1,25
1719462962662,116.35,25
1719462963529,117.95,50
1719462963805,118.6,75
1719462964489,119.05,25
1719462965105,119.25,25
1719462965668,119.9,25
1719462966259,119.0,75
1719462966538,119.2,25
1719462966538,119.2,25
1719462967398,119.5,25
1719462968506,120.35,100
1719462969528,119.25,25
1719462969667,119.05,50
1719462970753,118.05,75
1719462970916,118.05,25
1719462971371,118.05,75
1719462971597,118.2,50
1719462972261,117.95,25
1719462973013,117.75,200
1719462973719,118.1,25
1719462974125,117.8,25
1719462974482,117.95,25
1719462975280,117.4,25
1719462975280,117.4,25
1719462976495,117.8,50
1719462976732,117.85,100
1719462977424,117.6,175
1719462977893,117.8,375
1719462978739,118.7,25
1719462979149,119.3,25
1719462979533,119.35,25
1719462980016,119.3,75
1719462980539,118.75,250
1719462981169,118.7,25
1719462981495,118.45,100
1719462982312,118.05,75
1719462982724,118.5,25
1719462983152,118.65,100
1719462983449,119.05,25
1719462984416,118.9,25
1719462984416,118.9,25
1719462985350,119.15,25
1719462986576,120.0,25
1719462986727,120.25,25
1719462987771,119.4,25
1719462988411,120.35,25
1719462988776,120.75,25
1719462989453,120.45,250
1719462989832,120.55,50
1719462990034,120.35,50
1719462990659,120.35,25
1719462990954,120.45,200
1719462991517,120.5,25
1719462992569,120.75,75
1719462992722,120.2,25
1719462993478,120.25,25
1719462993883,120.3,25
1719462994322,120.1,25
1719462994956,120.15,100
1719462995445,120.35,100
1719462995988,120.4,25
1719462996574,120.3,125
1719462996917,119.8,25
1719462997772,120.05,25
1719462998354,120.75,25
1719462998546,120.55,25
1719462999533,119.9,25
1719462999790,120.0,50
1719463000543,119.95,150
1719463000973,120.6,25
1719463001456,121.0,25
1719463001767,121.2,25
1719463002454,120.6,25
1719463003148,121.0,75
1719463003148,121.0,75
1719463003768,120.8,25
1719463004505,120.65,25
1719463005392,120.75,25
1719463005407,121.0,50
1719463006805,121.1,50
1719463007498,120.0,25
1719463007828,120.05,25
1719463008559,119.75,75
1719463008713,119.15,25
1719463015316,118.9,25
1719463015578,118.75,25
1719463015578,118.75,25
1719463016551,118.75,25
1719463017473,117.9,25
1719463017631,117.95,50
1719463018434,117.15,25
1719463018434,117.15,25
1719463019749,116.4,50
1719463020098,116.0,50
1719463020496,115.9,25
1719463021020,114.55,75
1719463021528,114.6,25
1719463022001,114.2,25
1719463022539,114.4,25
1719463023211,114.9,100
1719463023460,114.9,75
1719463024159,114.35,25
1719463024588,114.35,25
1719463025411,114.65,25
1719463025592,114.5,25
1719463026318,114.5,25
1719463026466,114.8,50
1719463026804,114.85,25
1719463027540,114.65,75
1719463028031,113.75,100
1719463028540,113.75,25
1719463028960,112.35,25
1719463029577,112.8,75
1719463030229,112.95,25
1719463030575,111.6,25
1719463031205,110.4,25
1719463031786,109.9,50
1719463032216,110.95,25
1719463032567,110.95,375
1719463033035,110.65,25
1719463033564,111.95,75
1719463034213,113.15,25
1719463034586,113.8,25
1719463035194,115.2,50
1719463035802,116.1,25
1719463036519,116.85,25
1719463036846,117.55,25
1719463037370,116.8,25
1719463037924,116.75,25
1719463038769,117.75,50
1719463039037,118.0,175
1719463039605,117.1,25
1719463039975,117.25,175
1719463040501,117.35,400
1719463040883,117.0,25
1719463041518,117.15,75
1719463042226,117.95,150
1719463042518,117.65,100
1719463043247,118.0,25
1719463043283,118.3,25
1719463044136,118.0,75
1719463044538,116.85,25
1719463044891,116.8,25
1719463045575,117.3,200
1719463046105,117.75,25
1719463046269,117.6,50
1719463046606,117.5,225
1719463047372,117.5,100
1719463047372,117.5,100
1719463048502,117.7,25
1719463048991,117.5,350
1719463049392,117.6,175
1719463049654,118.0,25
1719463049654,118.0,25
1719463050467,117.95,100
1719463051545,118.7,250
1719463051658,118.75,400
1719463052593,120.35,25
1719463052820,119.8,50
1719463053740,119.6,75
1719463053944,119.85,25
1719463054604,119.65,25
1719463055013,119.7,25
1719463055556,119.6,125
1719463055556,119.6,125
1719463056644,119.85,50
1719463057656,120.15,125
1719463058475,120.6,200
1719463058649,120.95,200
1719463059409,120.6,25
1719463059803,120.7,25
1719463060757,120.95,75
1719463060757,120.95,75
1719463061589,119.8,25
1719463062191,119.65,50
1719463062522,119.15,50
1719463062740,119.65,75
1719463063678,120.55,25
1719463063871,120.6,300
1719463063871,120.6,300
1719463064839,120.9,25
1719463065461,121.2,25
1719463066379,121.0,25
1719463066647,121.5,100
1719463067604,120.45,50
1719463067604,120.45,50
1719463068458,119.6,25
1719463068882,120.1,25
1719463069588,120.2,125
1719463069768,120.0,25
1719463070315,119.5,50
1719463071601,119.75,25
1719463072468,119.4,75
1719463072468,119.4,75
1719463073215,119.95,25
1719463073601,120.3,75
1719463074476,120.45,50
1719463074476,120.45,50
1719463075521,120.0,25
1719463076063,120.4,25
1719463076584,119.85,75
1719463076966,120.1,25
1719463077136,119.9,25
1719463078171,119.3,75
1719463078804,120.0,25
1719463079367,120.0,100
1719463079367,120.0,100
1719463079367,120.0,100
1719463080084,120.65,25
1719463080510,120.7,25
1719463080859,121.05,25
1719463081450,120.45,125
1719463082046,120.5,25
1719463082445,120.4,25
1719463083190,120.0,175
1719463083620,119.9,25
1719463084298,118.55,100
1719463084532,118.55,50
1719463085062,118.15,150
1719463085502,117.75,25
1719463086302,118.8,25
1719463086330,118.75,25
1719463087225,118.85,25
1719463087225,118.85,25
1719463088442,118.65,25
1719463088824,119.95,50
1719463089630,119.6,175
1719463090043,119.75,500
1719463090043,119.75,500
1719463090893,118.75,75
1719463091449,119.05,25
1719463092315,119.05,25
1719463092315,119.05,25
1719463092733,119.25,50
1719463093543,119.6,50
1719463093920,119.15,100
1719463094637,118.65,75
1719463094878,118.35,25
1719463095831,117.9,75
1719463096204,117.55,100
1719463096613,116.7,250
1719463097071,117.6,200
1719463097448,118.0,50
1719463098248,118.4,50
1719463098248,118.4,50
1719463099477,119.55,25
1719463099629,119.05,50
1719463099629,119.05,50
1719463100350,119.05,325
1719463100751,118.75,100
1719463101405,118.15,25
1719463101405,118.15,25
1719463102522,118.2,100
1719463102522,118.2,100
1719463103618,118.25,200
1719463104068,118.25,100
1719463104574,118.25,250
1719463104817,118.25,50
1719463105637,118.1,25
1719463106402,118.35,25
1719463106848,117.8,25
1719463107463,118.2,450
1719463108355,118.35,25
1719463108355,118.35,25
1719463109565,118.65,100
1719463109565,118.65,100
1719463110040,119.55,150
1719463110747,118.2,100
1719463111116,118.6,75
1719463111116,118.6,75
1719463112342,119.3,25
1719463112778,119.45,25
1719463113489,118.75,50
1719463114147,119.55,25
1719463114368,119.5,50
1719463114731,120.1,175
1719463115422,119.7,50
1719463116141,119.5,25
1719463116614,119.35,25
1719463117273,119.5,50
1719463117273,119.5,50
1719463118288,118.65,25
1719463119563,119.15,25
1719463120537,118.65,25
1719463120596,118.6,25
1719463120596,118.6,25
1719463121627,115.8,50
1719463121961,116.65,25
1719463122620,115.3,25
1719463122818,114.8,225
1719463123624,115.55,25
1719463123986,114.5,25
1719463124631,115.05,75
1719463125174,115.5,25
1719463125834,115.3,75
1719463125961,114.7,25
1719463126598,114.55,25
1719463126901,113.95,50
1719463127577,113.55,50
1719463127756,113.3,75
1719463128597,114.85,25
1719463129170,115.7,25
1719463129637,117.0,225
1719463130366,116.5,25
1719463130632,117.1,50
1719463131359,117.3,25
1719463131832,117.6,75
1719463132552,117.3,100
1719463132552,117.3,100
1719463133188,117.2,125
1719463134444,116.7,150
1719463134444,116.7,150
1719463135109,117.4,250
1719463135980,117.0,125
1719463136665,116.7,250
1719463137271,116.4,75
1719463137443,116.5,25
1719463138389,116.9,125
1719463138622,116.4,25
1719463139600,114.8,25
1719463139670,114.75,25
1719463139928,115.1,25
1719463140545,115.8,25
1719463140699,115.2,25
1719463141612,114.95,25
1719463141750,114.45,25
1719463142829,115.15,75
1719463143293,115.55,50
1719463143677,115.85,25
1719463144398,116.35,25
1719463144641,116.5,25
1719463145566,116.45,25
1719463145675,115.9,175
1719463145675,115.9,175
1719463146168,116.15,75
1719463146987,115.2,125
1719463147647,115.65,25
1719463148177,115.2,100
1719463148454,115.4,250
1719463149086,115.2,25
1719463149582,116.2,25
1719463149685,115.9,200
1719463150621,116.3,525
1719463150938,116.65,25
1719463151521,116.2,50
1719463151957,116.2,125
1719463152620,115.7,50
1719463153176,115.85,75
1719463153502,115.65,75
1719463154376,115.1,25
1719463154376,115.1,25
1719463155402,113.7,25
1719463156474,114.7,100
1719463157279,114.4,175
1719463157482,114.6,50
1719463158568,115.45,125
1719463158951,116.0,100
1719463159503,115.9,25
1719463159852,115.5,100
1719463160492,115.6,75
1719463160874,115.45,100
1719463161456,115.1,125
1719463161948,115.1,25
1719463162578,114.9,25
1719463163068,114.9,50
1719463163364,114.95,25
1719463164195,115.15,75
1719463164631,114.25,200
1719463165135,114.75,25
1719463165632,114.3,25
1719463166158,114.55,100
1719463166642,114.65,50
1719463167594,115.3,25
1719463167830,115.55,25
1719463168448,115.05,50
1719463168870,115.15,25
1719463169377,116.0,25
1719463170201,115.8,25
1719463170451,115.6,250
1719463170451,115.6,250
1719463171688,115.85,350
1719463172021,115.95,25
1719463172021,115.95,25
1719463173370,115.6,50
1719463173683,115.65,50
1719463174164,115.65,25
1719463174566,115.7,50
1719463175058,115.9,500
1719463175658,116.5,25
1719463176392,115.85,125
1719463176392,115.85,125
1719463176392,115.85,125
1719463177494,115.75,25
1719463177494,115.75,25
1719463178665,116.5,25
1719463179097,115.75,25
1719463179640,116.6,50
1719463180554,116.75,25
1719463181879,114.35,25
1719463182433,114.55,25
1719463182699,113.95,125
1719463183577,114.05,50
1719463183916,114.7,25
1719463184607,114.5,100
1719463185158,115.0,25
1719463185399,114.9,50
1719463186057,115.4,125
1719463186681,116.0,50
1719463186779,116.3,100
1719463187632,115.9,100
1719463188274,116.05,175
1719463188506,116.4,25
1719463189655,116.1,25
1719463189792,116.4,100
1719463190641,117.15,175
1719463191069,117.2,75
1719463191857,117.3,50
1719463191993,116.7,25
1719463192450,116.5,25
1719463193445,116.5,25
1719463193622,116.3,25
1719463194259,116.6,25
1719463194636,117.0,25
1719463195443,116.5,25
1719463195656,117.0,75
1719463196620,116.45,25
1719463197480,116.8,275
1719463197480,116.8,275
1719463198170,116.55,200
1719463198908,116.45,25
1719463199392,115.8,150
1719463200085,116.4,100
1719463200085,116.4,100
1719463200876,116.25,25
1719463201475,116.05,200
1719463201475,116.05,200
1719463202621,115.65,25
1719463203662,117.2,100
1719463203825,117.35,75
1719463204395,115.9,100
1719463205657,116.65,50
1719463205840,117.2,25
1719463206664,116.75,25
1719463206880,116.75,50
1719463207856,115.7,125
1719463208675,116.4,25
1719463208853,116.35,100
1719463209227,116.3,25
1719463209996,116.8,100
1719463210587,115.35,175
1719463211096,115.15,25
1719463211639,114.95,25
1719463212296,114.1,50
1719463212703,113.85,25
1719463213356,114.05,50
1719463213676,114.3,25
1719463214637,113.9,25
1719463214780,114.1,300
1719463215496,115.25,100
1719463216079,114.75,200
1719463216654,114.6,250
1719463216808,114.55,50
1719463217588,114.75,75
1719463218151,116.05,25
1719463218151,116.05,25
1719463218846,116.05,50
1719463219369,115.7,100
1719463220190,115.7,175
1719463220488,115.5,50
1719463221238,115.35,25
1719463221238,115.35,25
1719463222573,115.0,50
1719463222898,115.2,50
1719463223569,114.7,25
1719463224101,113.75,150
1719463224583,113.5,25
1719463225194,113.25,25
1719463225576,113.5,125
1719463226031,113.35,25
1719463226498,113.4,25
1719463227245,112.85,25
1719463227810,112.05,25
1719463228432,111.6,100
1719463228666,111.3,250
1719463229722,114.15,100
1719463229904,113.7,25
1719463230065,113.9,175
1719463230403,113.7,25
1719463231069,114.7,75
1719463231695,114.4,50
1719463232526,112.9,25
1719463232687,113.0,200
1719463233136,113.75,500
1719463233905,114.7,25
1719463234426,114.1,250
1719463234688,114.15,100
1719463235668,115.3,25
1719463236123,116.0,50
1719463236700,115.05,25
1719463237333,115.4,25
1719463237671,114.9,25
1719463238164,114.9,100
1719463238732,115.35,100
1719463239462,115.5,50
1719463239691,115.9,125
1719463240523,115.35,25
1719463240660,115.4,25
1719463241675,116.2,175
1719463241876,116.1,25
1719463242910,116.55,225
1719463243121,116.1,75
1719463243553,116.4,75
1719463243873,116.0,50
1719463244661,115.8,125
1719463245511,115.8,25
1719463245511,115.8,25
1719463246555,115.15,25
1719463246656,115.0,25
1719463247351,115.7,25
1719463247706,115.3,25
1719463248575,115.35,25
1719463249606,116.1,25
1719463250655,115.6,25
1719463251052,115.8,750
1719463254379,115.35,50
1719463254641,115.35,75
1719463255466,114.6,25
1719463255605,114.5,25
1719463256568,115.35,25
1719463256851,115.85,125
1719463257716,116.2,25
1719463257811,116.3,625
1719463258726,116.65,25
1719463258926,116.75,25
1719463259673,116.55,225
1719463260163,116.6,25
1719463260590,116.05,200
1719463260864,116.35,100
1719463261696,115.3,25
1719463262361,113.65,25
1719463262729,114.5,25
1719463263718,115.1,25
1719463264250,115.7,175
1719463264703,115.55,25
1719463265548,115.15,75
1719463266139,115.1,150
1719463266727,114.4,25
1719463267164,114.55,75
1719463281187,109.3,50
1719463281693,109.8,25
1719463282355,109.65,100
1719463282734,109.9,100
1719463283409,110.15,50
1719463283518,110.7,100
1719463285320,111.95,25
1719463285613,111.7,25
1719463286574,111.8,50
1719463286574,111.8,50
1719463287760,112.7,75
1719463288010,113.1,100
1719463288649,112.95,25
1719463288944,113.05,75
1719463289950,112.25,100
1719463290211,112.4,100
1719463290537,112.7,25
1719463291083,112.35,25
1719463291745,112.5,25
1719463292157,112.0,50
1719463292738,111.9,25
1719463293347,112.75,50
1719463293712,112.5,200
1719463294695,112.75,50
1719463295000,112.2,1800
1719463295500,111.25,25
1719463295966,112.05,150
1719463296859,111.65,50
1719463296981,111.8,25
1719463297689,111.95,75
1719463298386,110.95,100
1719463298738,110.95,25
1719463299366,111.35,100
1719463299612,111.55,25
1719463300409,110.5,75
1719463300632,111.15,50
1719463301375,111.0,25
1719463301725,111.05,100
1719463304644,111.6,200
1719463305036,112.0,150
1719463305758,112.75,175
1719463306046,112.45,25
1719463306395,112.0,25
1719463308385,112.15,25
1719463308539,112.3,100
1719463309128,112.25,200
1719463309729,112.85,50
1719463310425,113.2,25
1719463310425,113.2,25
1719463311497,111.9,50
1719463311762,112.3,75
1719463312828,111.3,25
1719463313708,111.2,50
1719463314247,111.35,50
1719463314752,111.2,50
1719463315240,111.25,50
1719463315722,111.5,100
1719463316448,111.55,125
1719463316512,111.45,125
1719463317430,111.5,25
1719463317662,112.0,1050
1719463318398,112.0,25
1719463318630,112.25,25
1719463319617,112.5,25
1719463320100,111.95,25
1719463329697,110.8,25
1719463330803,111.85,25
1719463331025,112.4,25
1719463331770,112.1,25
1719463358780,108.6,125
1719463358909,108.35,25
1719463359565,108.4,125
1719463359897,108.5,25
1719463360716,108.35,25
1719463360780,108.4,150
1719463361685,107.95,25
1719463361811,107.6,25
1719463361811,107.6,25
1719463362782,108.9,250
1719463363083,109.5,50
1719463363681,110.3,100
1719463364368,109.45,25
1719463364670,109.2,25
1719463365687,109.35,50
1719463366628,109.75,25
1719463366753,109.65,450
1719463367230,109.7,75
1719463367949,110.1,25
1719463368350,109.6,150
1719463368667,109.35,25
1719463369672,109.0,50
1719463369672,109.0,50
1719463369999,108.9,25
1719463370734,109.15,25
1719463371305,108.85,25
1719463371305,108.85,25
1719463372436,108.1,25
1719463372725,108.0,100
1719463373543,108.5,25
1719463373806,107.75,25
1719463374548,108.0,25
1719463374763,107.8,50
1719463379294,109.55,25
1719463379663,110.4,800
1719463380041,110.5,200
1719463380755,110.45,25
1719463381495,111.35,675
1719463381949,111.25,25
1719463382739,111.65,125
1719463383637,112.4,75
1719463384791,111.05,75
1719463385521,111.45,100
1719463385521,111.45,100
1719463386722,111.55,300
1719463387698,110.95,100
1719463387974,111.15,75
1719463388256,111.3,25
1719463388787,111.15,325
1719463389535,111.9,25
1719463389681,111.35,25
1719463390560,111.4,50
1719463390718,112.1,25
1719463391793,112.6,225
1719463391935,112.8,25
1719463392795,113.0,25
1719463393870,113.15,25
1719463393905,113.0,100
1719463394163,112.95,100
1719463394481,112.95,175
1719463395495,113.3,50
1719463395625,113.35,100
1719463396229,113.75,25
1719463396673,113.9,25
1719463397598,113.7,25
1719463397598,113.7,25
1719463398801,114.35,75
1719463399590,112.9,550
1719463399590,112.9,550
1719463400493,113.0,25
1719463400945,113.3,50
1719463401164,113.55,100
1719463401652,113.95,250
1719463402393,113.65,50
1719463402634,113.85,25
1719463403585,113.55,25
1719463403803,113.95,150
1719463404720,114.2,25
1719463404909,113.9,100
1719463405745,114.5,25
1719463406792,115.55,25
1719463406980,115.4,25
1719463407806,116.9,25
1719463408384,116.55,25
1719463408804,117.35,75
1719463409531,117.15,300
1719463409794,118.25,25
1719463409999,118.15,125
1719463410550,118.3,25
1719463410786,118.5,50
1719463411791,117.35,75
1719463412776,117.45,250
1719463412950,117.5,100
1719463413199,117.75,150
1719463413793,117.2,25
1719463414583,116.95,75
1719463415011,117.35,150
1719463415320,117.55,25
1719463415772,117.85,50
1719463416200,117.4,75
1719463416707,118.25,50
1719463417602,118.25,75
1719463417763,118.8,100
1719463418714,117.95,50
1719463419566,118.6,200
1719463419566,118.6,200
1719463420793,118.6,25
1719463421795,118.2,75
1719463421990,117.75,25
1719463422154,117.65,50
1719463422696,118.25,25
1719463423330,119.15,25
1719463423634,119.4,100
1719463424616,118.25,800
1719463424743,118.45,50
1719463425581,118.65,25
1719463425773,118.85,25
1719463426725,118.7,50
1719463427810,119.0,25
1719463428972,125.0,25
1719463429217,124.85,25
1719463429828,125.05,25
1719463430660,123.25,25
1719463430774,122.85,25
1719463431805,123.15,25
1719463433038,127.45,100
1719463433823,125.05,200
1719463434036,124.95,875
1719463434824,125.45,25
1719463435244,124.7,25
1719463436027,124.8,25
1719463436530,124.6,225
1719463436830,124.2,50
1719463437622,124.75,100
1719463437750,124.85,100
1719463438827,124.35,50
1719463438871,124.1,475
1719463439944,124.0,125
1719463439944,124.0,125
1719463440817,123.3,50
1719463441067,123.45,25
1719463441700,123.7,75
1719463442017,124.2,25
1719463442459,122.55,225
1719463442795,123.0,225
1719463443626,121.7,150
1719463443829,121.9,125
1719463444643,122.15,25
1719463444643,122.15,25
1719463445722,122.15,125
1719463466059,122.75,50
1719463466880,122.45,50
1719463467704,122.15,25
1719463467863,121.6,25
1719463468686,121.15,25
1719463468909,121.25,100
1719463468909,121.25,100
1719463469666,121.15,25
1719463470074,121.1,25
1719463470494,119.1,75
1719463470816,119.1,125
1719463471680,119.05,75
1719463471838,118.6,125
1719463472503,118.15,25
1719463472856,118.1,25
1719463473539,118.1,25
1719463473754,118.3,125
1719463474812,118.15,25
1719463474812,118.15,25
1719463475901,118.15,25
1719463476893,117.35,125
1719463477075,117.3,350
1719463477887,118.85,25
1719463478198,119.4,25
1719463478753,120.0,25
1719463479301,120.3,275
1719463479784,120.05,25
1719463480606,121.55,50
1719463480748,121.65,50
1719463481699,122.1,25
1719463482734,122.0,25
1719463482734,122.0,25
1719463483726,122.6,100
1719463484301,122.35,25
1719463484634,122.1,25
1719463485192,122.6,75
1719463485680,122.35,75
1719463486708,121.95,50
1719463487029,122.35,225
1719463487731,122.45,50
1719463487813,122.65,25
1719463488700,122.8,100
1719463489109,122.75,25
1719463489109,122.75,25
1719463490824,122.8,100
1719463491010,123.55,25
1719463491203,123.2,75
1719463491817,123.1,75
1719463492462,123.65,25
1719463492832,123.75,150
1719463493479,123.45,200
1719463493845,123.3,50
1719463495765,123.65,25
1719463495765,123.65,25
1719463496952,124.1,25
1719463497856,122.25,50
1719463498641,123.6,100
1719463499138,123.55,100
1719463499320,123.4,25
1719463499619,123.45,50
1719463500104,123.3,50
1719463500280,123.2,50
1719463500619,122.6,250
1719463501715,122.75,100
1719463501715,122.75,100
1719463502695,122.25,125
1719463503027,122.25,100
1719463503666,122.9,25
1719463503876,122.65,125
1719463504800,122.4,50
1719463505757,123.75,25
1719463505876,123.85,50
1719463506849,124.4,250
1719463507878,123.4,100
1719463508751,123.0,50
1719463508783,122.75,175
1719463509359,122.0,25
1719463509618,122.5,50
1719463509887,121.85,75
1719463510478,123.0,75
1719463511751,124.45,75
1719463511835,124.65,25
1719463512653,124.4,25
1719463512653,124.4,25
1719463513887,124.0,25
1719463513948,124.15,50
1719463514873,124.25,50
1719463514968,124.2,25
1719463515738,124.85,25
1719463516344,124.45,25
1719463516855,125.5,100
1719463517325,125.0,100
1719463517860,124.7,25
1719463518558,124.55,250
1719463518726,124.7,125
1719463519568,123.5,25
1719463519817,123.6,150
1719463520720,123.0,25
1719463520911,123.1,75
1719463521687,122.5,50
1719463521887,122.05,400
1719463522879,121.85,25
1719463522929,122.0,50
1719463523803,121.3,25
1719463523803,121.3,25
1719463524662,120.75,25
1719463525167,120.4,25
1719463525381,120.8,25
1719463525846,120.45,75
1719463526504,120.5,175
1719463526791,120.75,25
1719463527772,120.85,25
1719463527772,120.85,25
1719463528854,120.3,25
1719463529746,120.1,25
1719463529746,120.1,25
1719463529746,120.1,25
1719463530800,118.75,100
1719463531062,119.0,100
1719463531772,118.85,125
1719463532175,117.65,25
1719463532345,118.2,600
1719463532886,118.7,25
1719463533266,118.95,75
1719463533856,119.5,25
1719463533856,119.5,25
1719463534719,119.65,50
1719463535314,119.1,25
1719463535633,118.65,25
1719463536472,118.85,100
1719463536766,119.0,75
1719463537557,117.65,25
1719463538042,117.9,25
1719463538785,117.9,25
1719463538859,117.9,25
1719463539584,118.1,25
1719463539873,118.0,25
1719463540821,117.9,25
1719463540821,117.9,25
1719463541901,118.65,25
1719463541901,118.65,25
1719463542844,118.05,25
1719463543180,117.9,25
1719463543301,118.15,50
1719463543690,118.2,75
1719463544366,118.35,250
1719463544740,118.35,50
1719463545340,118.5,100
1719463545805,117.9,25
1719463546822,117.55,50
1719463547752,117.15,25
1719463549758,115.4,25
1719463549758,115.4,25
1719463550359,115.15,25
1719463550889,114.8,25
1719463551434,115.45,25
1719463551813,116.4,25
1719463552505,116.65,25
1719463552896,117.05,75
1719463553525,117.25,375
1719463553770,117.4,200
1719463554787,118.9,25
1719463554943,119.05,25
1719463555867,119.15,100
1719463556426,118.85,25
1719463557888,119.6,25
1719463558021,119.4,25
1719463558879,119.6,25
1719463558983,119.5,25
1719463559545,118.75,50
1719463559951,118.95,25
1719463559951,118.95,25
1719463560809,119.75,25
1719463560809,119.75,25
1719463561405,120.25,225
1719463561893,120.15,100
1719463562597,119.35,25
1719463562779,119.15,600
1719463563804,119.8,25
1719463564855,121.1,25
1719463564941,121.0,125
1719463565623,120.5,125
1719463566128,120.4,25
1719463566877,121.65,25
1719463567005,121.3,25
1719463567569,121.0,25
1719463567940,121.3,50
1719463568306,120.95,25
1719463568755,121.15,75
1719463569487,121.4,250
1719463569770,121.55,25
1719463570831,122.4,25
1719463570918,122.4,25
1719463571745,122.35,25
1719463572803,122.35,50
1719463572803,122.35,50
1719463573395,123.2,25
1719463573918,123.05,25
1719463574657,122.55,50
1719463574878,123.1,75
1719463575442,122.65,500
1719463575924,122.95,50
1719463576758,122.8,25
1719463576910,122.6,150
1719463577552,122.95,175
1719463577888,123.0,25
1719463578631,123.75,100
1719463578631,123.75,100
1719463579851,124.05,25
1719463579851,124.05,25
1719463580391,123.9,100
1719463580800,123.35,25
1719463581582,123.75,200
1719463581855,124.0,25
1719463582548,124.4,50
1719463582903,124.55,25
1719463583886,125.5,100
1719463584057,125.55,50
1719463584874,126.0,100
1719463585254,126.1,50
1719463585432,125.55,25
1719463585756,125.95,25
1719463586422,125.2,125
1719463586835,124.85,175
1719463587314,124.7,50
1719463587801,124.5,75
1719463588678,124.45,50
1719463588858,124.5,25
1719463589322,124.45,150
1719463589914,124.0,225
1719463589985,124.5,25
1719463590670,124.1,25
1719463590917,124.25,25
1719463591514,124.3,25
1719463592109,124.35,25
1719463592924,124.95,125
1719463593812,124.2,25
1719463593812,124.2,25
1719463594605,124.95,250
1719463595251,124.65,50
1719463595429,124.25,50
1719463595879,124.45,25
1719463596636,125.3,25
1719463596727,125.0,200
1719463597863,125.85,25
1719463598911,125.75,125
1719463599841,125.3,25
1719463600086,124.85,75
1719463600611,125.5,25
1719463601057,125.8,25
1719463601768,126.15,25
1719463609890,121.7,25
1719463609890,121.7,25
1719463611562,122.4,100
1719463612243,122.75,25
1719463612936,122.4,200
1719463613127,122.8,450
1719463613545,123.0,25
1719463614136,123.15,425
1719463614766,122.85,25
1719463615121,123.1,100
1719463615833,123.05,25
1719463616309,122.6,150
1719463616434,122.95,50
1719463616937,122.45,75
1719463617625,121.95,75
1719463617625,121.95,75
1719463618829,123.1,250
1719463619098,123.55,25
1719463619896,123.55,75
1719463620049,123.55,200
1719463620921,124.25,150
1719463621815,124.6,50
1719463622110,125.1,75
1719463622948,124.25,25
1719463623181,124.65,100
1719463623181,124.65,100
1719463623781,124.9,500
1719463624246,124.75,25
1719463624246,124.75,25
1719463625686,125.65,100
1719463625825,125.35,100
1719463626762,125.15,50
1719463626903,125.35,25
1719463627739,125.25,25
1719463627739,125.25,25
1719463628857,124.55,25
1719463629668,124.05,200
1719463629872,124.05,600
1719463630876,123.95,25
1719463631959,123.5,75
1719463631959,123.5,75
1719463632921,123.85,25
1719463632921,123.85,25
1719463633838,123.55,75
1719463634091,123.4,75
1719463634091,123.4,75
1719463634759,123.0,200
1719463635391,124.05,25
1719463635962,123.15,25
1719463636424,123.5,25
1719463636955,122.95,250
1719463637805,122.4,25
1719463638936,122.5,25
1719463640967,121.65,25
1719463641137,121.65,25
1719463642162,121.0,25
1719463642369,121.4,50
1719463643324,120.8,25
1719463643765,121.1,25
1719463644153,120.15,100
1719463644874,120.4,75
1719463644996,120.55,25
1719463645844,121.1,25
1719463646201,120.25,300
1719463646390,120.45,50
1719463646945,121.45,100
1719463647091,122.0,100
1719463647091,122.0,100
1719463668568,126.2,25
1719463668910,126.35,75
1719463669872,126.3,75
1719463670559,126.1,75
1719463670883,126.0,75
1719463671597,125.75,200
1719463672105,124.85,25
1719463672802,124.75,75
1719463672911,124.4,125
1719463673916,123.3,100
1719463674397,122.35,75
1719463675149,124.55,200
1719463675855,125.1,25
1719463676122,125.3,25
1719463676957,125.15,75
1719463688966,124.55,125
1719463689145,124.7,450
1719463754665,119.0,25
1719463754989,119.15,25
1719463755284,119.5,25
1719463760893,115.05,50
1719463761696,115.5,125
1719463761972,115.35,25
1719463762690,115.45,25
1719463763184,115.25,25
1719463765098,116.3,25
1719463765963,116.2,25
1719463766346,117.6,25
1719463766862,117.7,50
1719463767069,117.7,100
1719463767800,118.35,25
1719463768125,118.7,200
1719463768978,118.4,25
1719463769328,118.05,25
1719463769796,118.1,25
1719463770112,118.0,50
1719463770112,118.0,50
1719463770112,118.0,50
1719463771541,118.55,50
1719463771541,118.55,50
1719463772743,118.75,75
1719463772743,118.75,75
1719463773732,117.75,50
1719463773732,117.75,50
1719463774867,116.95,25
1719463775091,116.75,50
1719463777019,114.65,25
1719463777537,115.75,25
1719463777742,116.3,25
1719463777804,115.7,25
1719463778892,116.3,50
1719463778967,115.85,150
1719463779782,116.15,50
1719463780005,116.3,75
1719463780599,116.65,25
1719463780599,116.65,25
1719463781992,116.95,25
1719463781992,116.95,25
1719463782698,117.05,100
1719463783349,116.95,25
1719463783880,116.7,100
1719463783880,116.7,100
1719463785136,116.85,75
1719463785472,117.1,50
1719463785472,117.1,50
1719463786313,117.6,100
1719463786975,117.3,25
1719463787057,117.2,25
1719463787353,117.25,375
1719463789730,117.3,25
1719463791021,115.75,125
1719463792011,115.65,25
1719463792142,115.7,100
1719463792995,116.65,50
1719463793316,116.45,100
1719463794039,114.9,25
1719463794326,114.5,25
1719463794593,115.05,25
1719463795316,115.0,75
1719463796045,115.3,25
1719463796383,115.25,25
1719463796881,115.45,50
1719463797513,115.95,25
1719463797729,116.4,50
1719463797942,115.9,100
1719463798762,115.7,225
1719463798808,115.95,50
1719463799964,116.4,50
1719463800085,116.1,75
1719463800600,115.85,75
1719463800600,115.85,75
1719463801788,115.9,75
1719463803040,116.25,25
1719463803118,116.35,50
1719463803991,116.0,25
1719463804291,115.95,25
1719463805002,115.8,25
1719463805601,116.55,25
1719463806026,116.7,25
1719463806549,116.95,50
1719463806808,117.15,200
1719463807045,117.0,25
1719463807765,116.55,25
1719463807957,116.55,200
1719463808894,116.1,25
1719463809902,115.55,50
1719463810056,116.15,50
1719463811257,115.35,25
1719463811383,115.6,25
1719463812026,115.6,25
1719463812128,115.55,25
1719463815917,112.5,25
1719463816110,112.2,225
1719463817038,112.75,25
1719463818056,113.65,25
1719463818997,114.65,50
1719463819400,114.8,25
1719463820037,114.45,50
1719463820173,114.65,25
1719463820881,114.4,25
1719463821349,114.7,25
1719463822045,114.2,75
1719463822288,114.3,25
1719463823010,114.15,100
1719463823404,114.15,25
1719463823778,113.75,50
1719463824281,113.75,50
1719463824824,113.5,100
1719463824855,113.75,25
1719463826048,113.65,50
1719463826941,114.65,75
1719463828002,115.6,25
1719463829031,116.15,50
1719463829149,116.0,75
1719463830003,117.15,125
1719463830102,117.8,25
1719463830345,117.55,25
1719463831189,115.85,25
1719463831402,116.05,175
1719463831821,115.65,175
1719463831836,115.95,75
1719463832969,115.95,175
1719463833918,116.35,25
1719463834595,116.7,25
1719463834916,116.0,100
1719463835678,116.05,175
1719463836066,116.05,25
1719463836552,116.15,25
1719463836961,116.35,25
1719463837996,117.35,100
1719463838694,116.55,200
1719463838694,116.55,200
1719463840026,117.2,50
1719463840643,117.1,300
1719463842047,118.2,150
1719463842047,118.2,150
1719463843054,118.75,25
1719463843250,118.65,75
1719463844054,118.65,125
1719463844565,119.25,75
1719463844881,118.3,100
1719463845621,118.6,25
1719463846001,118.55,50
1719463846648,118.75,100
1719463846990,118.35,50
1719463847513,118.15,50
1719463848077,118.05,450
1719463848439,118.3,25
1719463849023,118.5,75
1719463849651,118.45,25
1719463849651,118.45,25
1719463850626,118.9,25
1719463850984,119.0,250
1719463852073,118.9,525
1719463852951,119.05,25
1719463853159,119.2,25
1719463853745,119.0,25
1719463853745,119.0,25
1719463855176,119.4,75
1719463855176,119.4,75
1719463856023,119.5,25
1719463856274,119.2,100
1719463857058,119.25,25
1719463857610,119.25,50
1719463858003,118.15,50
1719463858003,118.15,50
1719463859079,116.35,25
1719463859958,115.65,100
1719463859958,115.65,100
1719463860250,115.2,50
1719463860804,115.9,50
1719463861425,115.75,25
1719463862215,114.65,200
1719463863016,114.05,100
1719463863452,114.9,25
1719463864079,115.15,100
1719463864693,115.15,100
1719463865038,114.95,250
1719463865688,115.55,50
1719463865843,115.55,25
1719463866081,116.0,25
1719463867092,116.65,100
1719463868110,116.85,25
1719463869073,117.1,25
1719463869073,117.1,25
1719463870032,116.5,25
1719463870229,116.4,25
1719463871071,116.0,25
1719463871215,116.2,25
1719463872032,115.95,25
1719463872032,115.95,25
1719463873178,116.1,50
1719463873305,116.4,25
1719463873920,116.0,900
1719463874480,116.2,50
1719463874813,116.35,25
1719463874962,116.7,25
1719463875829,116.95,50
1719463876086,117.35,25
1719463877079,116.95,25
1719463878030,115.9,25
1719463878030,115.9,25
1719463879042,115.45,50
1719463879989,115.4,25
1719463880170,115.55,25
1719463881026,115.0,25
1719463881652,114.85,25
1719463881952,114.6,50
1719463925153,115.35,25
1719463926116,115.3,75
1719463926630,115.75,100
1719463927344,115.85,25
1719463928120,115.55,25
1719463928346,115.55,25
1719463929106,116.0,125
1719463929394,116.05,25
1719463930118,115.75,25
1719463930770,115.2,50
1719463930864,115.3,25
1719463930864,115.3,25
1719463932066,115.1,25
1719463932902,115.25,125
1719463933376,114.0,125
1719463933742,114.05,75
1719463933742,114.05,75
1719463935022,112.85,100
1719463935746,111.6,50
1719463936321,112.45,25
1719463936799,113.15,25
1719463937072,114.05,25
1719463938112,115.15,150
1719463938409,114.9,25
1719463939121,115.0,25
1719463944799,115.7,75
1719463946124,114.65,25
1719463946181,114.6,50
1719463947060,115.6,50
1719463947414,115.45,50
1719463947600,115.4,25
1719463948284,115.6,50
1719463948799,115.7,25
1719463952682,116.15,50
1719463953069,116.1,100
1719463954062,116.55,25
1719463954354,116.2,25
1719463954909,116.85,25
1719463955577,117.1,25
1719463955957,117.3,75
1719463955957,117.3,75
1719463957072,118.0,325
1719463957607,117.2,25
1719463957607,117.2,25
1719463958073,117.45,125
1719463958973,118.0,25
1719463959048,117.85,25
1719463960102,118.15,75
1719463960955,118.5,100
1719463960955,118.5,100
1719463961875,118.65,25
1719463961875,118.65,25
1719463963017,118.35,25
1719463964083,118.45,75
1719463964083,118.45,75
1719463964444,118.85,25
1719463965462,118.0,25
1719463966236,117.6,50
1719463966474,118.0,25
1719463966916,117.0,25
1719463967432,116.45,25
1719463967432,116.45,25
1719463968535,117.15,200
1719463968790,117.35,25
1719463969725,118.2,25
1719463969725,118.2,25
1719463969725,118.2,25
1719463970936,118.2,150
1719463971119,118.1,25
1719463972042,118.3,25
1719463972397,118.0,25
1719463972867,118.15,25
1719463972867,118.15,25
1719463974265,118.0,25
1719463974982,118.05,50
1719463975348,117.75,25
1719463976041,117.65,75
1719463976041,117.65,75
1719463977095,117.8,25
1719463977095,117.8,25
1719463977095,117.8,25
1719463979126,116.75,25
1719463979860,116.55,25
1719463980050,115.7,25
1719463980504,116.3,25
1719463981125,115.85,50
1719463981125,115.85,50
1719463981532,116.3,25
1719463981532,116.3,25
1719463983096,116.0,150
1719463983302,116.1,25
1719463983818,116.3,25
1719463983818,116.3,25
1719463984723,117.6,50
1719463985326,117.4,250
1719463985964,116.85,250
1719463986760,117.35,25
1719463987152,117.55,100
1719463988105,118.0,225
1719463988290,118.05,50
1719463988290,118.05,50
1719463990052,117.95,75
1719463991001,117.6,50
1719463991001,117.6,50
1719463991001,117.6,50
1719463993235,117.75,25
1719463993235,117.75,25
1719463993814,118.4,25
1719463994414,118.7,75
1719463994992,118.45,25
1719463995661,118.0,25
1719463995661,118.0,25
1719463996420,118.25,175
1719463997100,118.9,100
1719463997667,118.8,25
1719463998104,118.2,25
1719463998104,118.2,25
1719463999116,119.25,25
1719464000015,119.6,25
1719464001186,119.8,25
1719464002316,119.65,25
1719464003154,118.85,75
1719464004150,119.5,75
1719464004150,119.5,75
1719464004637,119.55,25
1719464004637,119.55,25
1719464006065,120.4,100
1719464006488,120.8,25
1719464006718,120.0,25
1719464007596,119.75,25
1719464008064,119.75,25
1719464008675,119.7,50
1719464008976,120.05,50
1719464010065,119.8,25
1719464010065,119.8,25
1719464010677,119.75,25
1719464010677,119.75,25
1719464012120,120.45,25
1719464012120,120.45,25
1719464013047,120.4,25
1719464013047,120.4,25
1719464014133,120.95,25
1719464015668,120.3,25
1719464016080,120.2,225
1719464016313,120.3,75
1719464017028,120.55,50
1719464017905,119.3,25
1719464018015,119.3,50
1719464018967,119.35,100
1719464019402,119.1,250
1719464019402,119.1,250
1719464020381,119.0,25
1719464021120,119.0,25
1719464021610,118.1,150
1719464022172,117.8,100
1719464022693,117.0,125
1719464023166,117.5,25
1719464023686,118.0,175
1719464023686,118.0,175
1719464024377,118.25,175
1719464026031,118.95,25
1719464026031,118.95,25
1719464027124,119.65,25
1719464027885,119.5,50
1719464027885,119.5,50
1719464029020,120.0,25
1719464029020,120.0,25
1719464029797,119.6,50
1719464029797,119.6,50
1719464031115,119.5,25
1719464031328,119.5,50
1719464031988,119.7,50
1719464032683,120.0,175
1719464032683,120.0,175
1719464033874,120.1,175
1719464034175,120.3,50
1719464034295,120.3,25
1719464035008,120.75,25
1719464035008,120.75,25
1719464036095,121.05,125
1719464036321,121.0,50
1719464037045,120.9,25
1719464037045,120.9,25
1719464038073,120.7,50
1719464038544,121.15,25
1719464038793,121.2,25
1719464039435,122.1,25
1719464040041,121.55,25
1719464040238,122.0,25
1719464040795,121.85,25
1719464041476,121.35,25
1719464042140,121.85,100
1719464042772,121.55,25
1719464043085,121.95,50
1719464043821,121.6,75
1719464043821,121.6,75
1719464044725,122.85,100
1719464045173,122.7,75
1719464045897,121.85,100
1719464046167,121.9,50
1719464046724,122.15,25
1719464047990,121.85,75
1719464049181,122.25,25
1719464050193,123.0,25
1719464050445,123.0,250
1719464051196,123.5,25
1719464051540,123.4,25
1719464052388,123.05,50
1719464052409,123.1,275
1719464052881,123.15,25
1719464053531,123.45,25
1719464054179,121.8,25
1719464054713,121.65,25
1719464055175,122.15,250
1719464055850,121.15,25
1719464056190,121.35,25
1719464056802,120.4,25
1719464057184,119.7,50
1719464057626,120.55,25
1719464058190,120.55,25
1719464058915,120.9,100
1719464059101,120.8,75
1719464060131,121.05,25
1719464061199,122.35,25
1719464062193,123.0,25
1719464062327,122.35,25
1719464063043,123.0,25
1719464063393,123.05,25
1719464064103,123.65,25
1719464064357,124.1,50
1719464074265,123.9,50
1719464075163,124.0,75
1719464075163,124.0,75
1719464076086,124.35,25
1719464076419,124.0,25
1719464077001,124.1,50
1719464077001,124.1,50
1719464078015,123.95,25
1719464078547,124.0,100
1719464079187,123.75,100
1719464079798,124.2,25
1719464080165,125.0,25
1719464080887,123.6,25
1719464081057,123.45,75
1719464081532,123.65,25
1719464082051,124.3,50
1719464082949,124.35,25
1719464082949,124.35,25
1719464082949,124.35,25
1719464084234,125.5,25
1719464088719,125.8,150
1719464089421,125.5,125
1719464090021,125.65,25
1719464090190,125.3,100
1719464091159,125.05,400
1719464091371,125.1,25
1719464092108,124.9,100
1719464092513,123.25,100
1719464093044,122.55,25
1719464093745,122.25,150
1719464094190,121.65,25
1719464094785,120.5,175
1719464095217,121.6,25
1719464096032,121.05,25
1719464096176,121.5,250
1719464097066,120.75,25
1719464098176,121.45,75
1719464098629,121.9,25
1719464098842,122.25,75
1719464099308,122.85,50
1719464100006,123.05,25
1719464100524,122.65,125
1719464101233,122.7,200
1719464101998,121.75,25
1719464102280,121.95,25
1719464103207,121.6,25
1719464120503,120.75,50
1719464121138,120.0,25
1719464121138,120.0,25
1719464122197,120.75,25
1719464123029,120.85,50
1719464123401,120.95,25
1719464124233,122.0,150
1719464124343,122.0,175
1719464124979,121.5,25
1719464125728,121.0,25
1719464125942,121.05,25
1719464125942,121.05,25
1719464127165,122.0,50
1719464128053,121.4,125
1719464128053,121.4,125
1719464128397,121.2,25
1719464128397,121.2,25
1719464129470,121.05,375
1719464130014,121.2,25
1719464130014,121.2,25
1719464131131,121.25,25
1719464167257,122.45,25
1719464167257,122.45,25
1719464168759,121.5,25
1719464169131,121.75,75
1719464170075,121.2,150
1719464170075,121.2,150
1719464170885,121.5,25
1719464170992,121.55,75
1719464171714,121.05,50
1719464172143,120.95,25
1719464172143,120.95,25
1719464173046,121.05,25
1719464173547,120.4,100
1719464173864,121.45,25
1719464174709,120.95,25
1719464174967,121.15,25
1719464175875,122.0,25
1719464175875,122.0,25
1719464177065,122.65,75
1719464177515,121.55,50
1719464177761,122.15,50
1719464179118,122.0,100
1719464179118,122.0,100
1719464180597,120.8,25
1719464181276,120.15,50
1719464182215,120.0,25
1719464182215,120.0,25
1719464182699,120.05,200
1719464182699,120.05,200
1719464201928,122.15,50
1719464201928,122.15,50
1719464202738,122.5,25
1719464202738,122.5,25
1719464204154,121.8,25
1719464204362,121.65,25
1719464205013,121.6,25
1719464205779,121.05,50
1719464206026,120.6,25
1719464206665,121.35,50
1719464207228,120.9,25
1719464207974,120.35,75
1719464207974,120.35,75
1719464208654,120.35,25
1719464208892,120.4,175
1719464209759,120.05,25
1719464210241,119.0,250
1719464211118,119.5,25
1719464211118,119.5,25
1719464212025,119.6,25
1719464212025,119.6,25
1719464213129,120.5,25
1719464213129,120.5,25
1719464214231,120.5,175
1719464214231,120.5,175
1719464215206,120.05,100
1719464215696,120.55,250
1719464216257,120.25,25
1719464216750,119.65,25
1719464217144,119.0,25
1719464217350,119.1,125
1719464218260,118.7,25
1719464218558,118.2,25
1719464219282,116.55,50
1719464219736,116.55,25
1719464220078,116.55,50
1719464220295,116.1,50
1719464220787,115.8,200
1719464221050,116.75,25
1719464221705,116.35,25
1719464222275,116.8,25
1719464222958,116.2,25
1719464223248,116.0,75
1719464223929,115.85,25
1719464224482,115.9,50
1719464225276,116.15,50
1719464225387,116.25,25
1719464226254,114.85,25
1719464226254,114.85,25
1719464227306,114.5,50
1719464228312,113.4,25
1719464228570,113.2,125
1719464229499,113.05,25
1719464229987,113.2,50
1719464230261,112.35,50
1719464231019,112.1,25
1719464231286,112.0,25
1719464233033,113.0,25
1719464233133,113.55,100
1719464234276,112.6,75
1719464234416,112.4,175
1719464235263,113.35,25
1719464235502,113.1,50
1719464236252,112.8,25
1719464236252,112.8,25
1719464237264,112.55,50
1719464237832,112.55,25
1719464238271,112.05,25
1719464238728,112.25,25
1719464239236,112.75,25
1719464239796,112.6,200
1719464240038,112.2,125
1719464240839,112.55,50
1719464241296,112.45,100
1719464242215,112.9,25
1719464242419,112.9,25
1719464243324,112.3,50
1719464243324,112.3,50
1719464244175,111.8,25
1719464244175,111.8,25
1719464245205,111.8,25
1719464245639,111.45,50
1719464246276,112.3,50
1719464246846,109.7,25
1719464247305,108.55,25
1719464248253,107.25,25
1719464248482,106.55,25
1719464249319,105.0,50
1719464249657,105.3,25
1719464250100,106.85,25
1719464250263,107.1,75
1719464250779,105.8,125
1719464251303,105.2,25
1719464252000,106.7,75
1719464252229,106.7,25
1719464253048,105.95,25
1719464253290,105.25,25
1719464254520,104.55,75
1719464255264,105.65,25
1719464255786,105.45,25
1719464256282,105.5,200
1719464256744,105.25,50
1719464257225,105.6,25
1719464257835,105.0,25
1719464258270,104.1,25
1719464259955,104.25,25
1719464260241,104.8,25
1719464261001,105.1,25
1719464261289,105.1,25
1719464262061,104.8,25
1719464262311,105.0,25
1719464263007,104.95,50
1719464263307,104.0,50
1719464264065,104.4,50
1719464264357,104.6,50
1719464265327,104.3,125
1719464265788,104.1,25
1719464266194,104.0,75
1719464266870,105.1,125
1719464267316,104.6,225
1719464267988,103.95,50
1719464268312,104.5,25
1719464269050,104.0,150
1719464269328,104.3,25
1719464270335,103.75,25
1719464271313,104.15,100
1719464272294,105.7,75
1719464272319,105.65,75
1719464272387,106.0,150
1719464273303,104.75,150
1719464273425,104.65,50
1719464274264,105.55,100
1719464274697,105.4,25
1719464275292,105.75,25
1719464275881,105.2,50
1719464284078,104.85,25
1719464284222,105.15,25
1719464285332,104.85,25
1719464285515,104.9,125
1719464286230,105.1,75
1719464286703,105.25,25
1719464287330,105.5,25
1719464287662,104.95,350
1719464288220,105.2,50
1719464288628,105.0,25
1719464289228,105.25,25
1719464289862,105.05,25
1719464290322,105.35,25
1719464290511,105.55,25
1719464291379,104.0,200
1719464291506,104.0,25
1719464292517,102.05,25
1719464292713,102.0,50
1719464293299,101.9,75
1719464293655,102.35,25
1719464294308,102.35,50
1719464294909,101.85,25
1719464295294,102.35,50
1719464295920,102.55,25
1719464296308,103.2,25
1719464297137,103.6,25
1719464297329,103.2,25
1719464298128,102.85,25
1719464298280,102.55,50
1719464298904,102.4,75
1719464299226,101.75,25
1719464300127,102.6,25
1719464300341,102.95,75
1719464301073,103.2,50
1719464301331,103.0,25
1719464301504,102.9,200
1719464302267,103.1,100
1719464302715,103.05,50
1719464303321,103.0,25
1719464303496,102.65,50
1719464304253,102.45,25
1719464304869,102.8,75
1719464305313,101.9,75
1719464306041,102.8,25
1719464306221,103.2,100
1719464307130,103.3,200
1719464307489,102.8,100
1719464308309,102.3,25
1719464309337,101.8,50
1719464309516,102.0,50
1719464310063,101.2,25
1719464310360,100.15,50
1719464310755,99.8,150
1719464311301,100.0,25
1719464311735,100.7,175
1719464312288,100.0,25
1719464312586,100.3,25
1719464313274,100.95,175
1719464313910,100.55,50
1719464314354,98.25,75
1719464314909,98.7,25
1719464315351,99.4,50
1719464316154,98.95,175
1719464316360,99.45,25
1719464317119,98.65,25
1719464317352,98.15,50
1719464318347,99.15,25
1719464318521,99.6,25
1719464319516,99.2,25
1719464319548,99.2,25
1719464320213,98.8,100
1719464320758,99.35,25
1719464321340,98.7,25
1719464321757,98.5,25
1719464322277,98.6,75
1719464322932,98.8,125
1719464323346,97.9,100
1719464323458,98.0,25
1719464324257,98.4,50
1719464324773,98.3,25
1719464325333,98.75,25
1719464325567,99.55,25
1719464326342,99.2,75
1719464326728,99.35,50
1719464327353,100.1,50
1719464327761,100.75,25
1719464328350,101.5,100
1719464328763,101.8,75
1719464329358,102.6,100
1719464329958,103.25,50
1719464330336,102.45,25
1719464330735,101.35,75
1719464367392,100.55,150
1719464367394,100.55,25
1719464367573,100.3,25
1719464368367,100.5,50
1719464368605,100.5,25
1719464369335,100.65,50
1719464370019,100.7,25
1719464370051,100.65,25
1719464370338,101.2,350
1719464371011,100.05,25
1719464371360,100.15,50
1719464371775,99.95,25
1719464372355,100.6,25
1719464373230,99.7,50
1719464373314,100.1,100
1719464378209,100.1,25
1719464378585,100.0,50
1719464379243,101.2,50
1719464379650,100.45,50
1719464380276,101.2,25
1719464380276,101.2,25
1719464381320,100.15,100
1719464381926,100.1,125
1719464382320,100.4,25
1719464383019,100.15,25
1719464383246,100.5,25
1719464384219,101.35,50
1719464384377,101.0,25
1719464385087,101.45,50
1719464385087,101.45,50
1719464386448,101.65,100
1719464386826,101.85,125
1719464387340,101.4,125
1719464388031,102.15,25
1719464388260,101.2,400
1719464389079,101.1,150
1719464389314,100.75,25
1719464390035,101.1,75
1719464390348,101.2,25
1719464390572,100.95,25
1719464391265,100.2,200
1719464391574,100.15,25
1719464392375,100.6,25
1719464392847,101.1,275
1719464393379,100.5,25
1719464394051,99.65,200
1719464394357,99.55,100
1719464395207,100.55,25
1719464395207,100.55,25
1719464396201,100.5,175
1719464396391,100.45,50
1719464398361,99.2,75
1719464398867,99.45,100
1719464399388,99.8,25
1719464400046,99.9,25
1719464400126,99.65,50
1719464400261,100.0,100
1719464401273,100.7,25
1719464401389,100.55,50
1719464402465,101.3,25
1719464403459,100.9,25
1719464403622,100.9,175
1719464404385,100.4,50
1719464404446,100.25,50
1719464405244,100.1,25
1719464405790,99.4,25
1719464406392,99.0,250
1719464406857,99.4,50
1719464407371,99.55,25
1719464407756,100.0,25
1719464408401,99.8,50
1719464408834,99.85,75
1719464409356,99.5,175
1719464410143,100.0,25
1719464410402,99.8,50
1719464411473,100.15,25
1719464411625,100.1,125
1719464412320,100.8,100
1719464412927,101.05,100
1719464413241,101.25,25
1719464414190,101.35,175
1719464414587,101.2,50
1719464415286,100.7,50
1719464415472,100.6,25
1719464415685,100.55,25
1719464416405,100.85,25
1719464416628,101.1,25
1719464417404,101.2,175
1719464417877,101.0,125
1719464418338,100.8,25
1719464418635,100.55,25
1719464419340,100.15,25
1719464419685,100.0,50
1719464420338,100.35,50
1719464420763,100.25,25
1719464421384,100.75,25
1719464421810,100.6,25
1719464422220,100.55,50
1719464423287,100.6,50
1719464423287,100.6,50
1719464424094,100.35,50
1719464424384,100.5,25
1719464425222,100.35,175
1719464425222,100.35,175
1719464425563,99.8,75
1719464426296,99.5,25
1719464426583,99.1,50
1719464427289,99.85,125
1719464427616,99.5,25
1719464428309,99.8,25
1719464428684,100.0,25
1719464429095,99.75,25
1719464429095,99.75,25
1719464430394,99.8,75
1719464430592,100.35,50
1719464430800,100.35,50
1719464431564,100.25,125
1719464432382,98.9,75
1719464432798,99.65,225
1719464433416,99.95,25
1719464434321,99.1,75
1719464435349,99.0,225
1719464435521,98.85,25
1719464435559,98.45,25
1719464436265,99.0,25
1719464436611,99.25,25
1719464437182,98.5,150
1719464437755,98.55,25
1719464438383,98.3,200
1719464438825,98.05,25
1719464439224,98.3,25
