time,price,volume
1719461502279,83.25,50
1719461502279,83.25,50
1719461504157,83.15,25
1719461504545,83.4,25
1719461505290,83.8,100
1719461505290,83.8,100
1719461506258,83.65,125
1719461506839,83.5,100
1719461506839,83.5,100
1719461508164,83.7,25
1719461508164,83.7,25
1719461509525,83.55,275
1719461509525,83.55,275
1719461511036,83.5,25
1719461511883,84.0,100
1719461512065,84.0,50
1719461512706,83.3,500
1719461513848,83.6,75
1719461513848,83.6,75
1719461514519,83.5,100
1719461514519,83.5,100
1719461515938,84.2,100
1719461516580,84.15,75
1719461517178,83.85,25
1719461517564,83.75,25
1719461518755,83.0,25
1719461518755,83.0,25
1719461519288,83.15,25
1719461519288,83.15,25
1719461519288,83.15,25
1719461521076,83.55,75
1719461521543,83.25,25
1719461521768,82.85,50
1719461522408,82.95,50
1719461523949,81.65,25
1719461523949,81.65,25
1719461524574,81.45,100
1719461525488,81.8,25
1719461526434,81.4,50
1719461527347,80.0,100
1719461527748,80.35,50
1719461528757,80.55,25
1719461529359,81.05,50
1719461529928,81.1,50
1719461530933,81.15,25
1719461530933,81.15,25
1719461532474,81.25,25
1719461533044,81.5,125
1719461533044,81.5,125
1719461533044,81.5,125
1719461535970,80.85,150
1719461536551,80.8,50
1719461537267,81.1,25
1719461537267,81.1,25
1719461537267,81.1,25
1719461539070,80.9,125
1719461540582,80.55,25
1719461540582,80.55,25
1719461542230,80.75,25
1719461542230,80.75,25
1719461543320,80.0,25
1719461543478,80.0,25
1719461543478,80.0,25
1719461544557,79.75,150
1719461545755,79.35,25
1719461545755,79.35,25
1719461546183,79.0,25
1719461546183,79.0,25
1719461548116,80.3,175
1719461548729,80.45,250
1719461548729,80.45,250
1719461549453,80.45,25
1719461550792,80.4,25
1719461550792,80.4,25
1719461551349,80.2,25
1719461551349,80.2,25
1719461551349,80.2,25
1719461552635,80.4,25
1719461552635,80.4,25
1719461557309,80.55,25
1719461557525,80.85,25
1719461558637,80.85,25
1719461558637,80.85,25
1719461559408,80.9,25
1719461559841,80.65,25
1719461559841,80.65,25
1719461561279,80.75,25
1719461562234,80.55,25
1719461562443,80.4,25
1719461563091,80.0,25
1719461563091,80.0,25
1719461565072,79.5,25
1719461565605,79.8,50
1719461565605,79.8,50
1719461566706,79.7,75
1719461566706,79.7,75
1719461567523,79.75,25
1719461568713,80.05,25
1719461568713,80.05,25
1719461570533,80.0,25
1719461570533,80.0,25
1719461571450,80.65,75
1719461571994,80.75,25
1719461571994,80.75,25
1719461573591,80.6,25
1719461573856,80.45,50
1719461573856,80.45,50
1719461573856,80.45,50
1719461576638,81.15,75
1719461576638,81.15,75
1719461578168,81.15,50
1719461578168,81.15,50
1719461579689,81.6,25
1719461580393,81.35,25
1719461580743,81.45,100
1719461580743,81.45,100
1719461580743,81.45,100
1719461582247,81.2,25
1719461582247,81.2,25
1719461583586,81.4,25
1719461583586,81.4,25
1719461584153,81.4,100
1719461584153,81.4,100
1719461586206,80.75,200
1719461586423,80.7,25
1719461586423,80.7,25
1719461586423,80.7,25
1719461589269,80.55,300
1719461589269,80.55,300
1719461590683,80.4,25
1719461591073,80.0,50
1719461592122,80.15,25
1719461592594,80.0,100
1719461593237,80.1,25
1719461593237,80.1,25
1719461594449,80.7,75
1719461594914,80.95,25
1719461594914,80.95,25
1719461597343,80.95,25
1719461597967,81.5,75
1719461597967,81.5,75
1719461599640,81.7,25
1719461600564,81.55,25
1719461601320,81.35,25
1719461602232,81.1,25
1719461602232,81.1,25
1719461602232,81.1,25
1719461604507,80.5,25
1719461604507,80.5,25
1719461605679,81.35,150
1719461607236,81.05,75
1719461607761,80.9,25
1719461607761,80.9,25
1719461610062,80.95,25
1719461610062,80.95,25
1719461610675,80.9,50
1719461611702,81.05,25
1719461611702,81.05,25
1719461611702,81.05,25
1719461615107,80.95,25
1719461615107,80.95,25
1719461615937,80.7,150
1719461616321,81.1,25
1719461616321,81.1,25
1719461616321,81.1,25
1719461616321,81.1,25
1719461621703,81.7,25
1719461621703,81.7,25
1719461622941,81.4,25
1719461622941,81.4,25
1719461624466,82.0,25
1719461624501,82.75,75
1719461625136,82.7,25
1719461625136,82.7,25
1719461625136,82.7,25
1719461627418,82.4,25
1719461628544,82.6,125
1719461629001,82.4,50
1719461629468,82.5,50
1719461630454,82.6,425
1719461631252,82.5,100
1719461631252,82.5,100
1719461632784,82.65,25
1719461633338,82.9,400
1719461633338,82.9,400
1719461634821,82.65,25
1719461634821,82.65,25
1719461634821,82.65,25
1719461637520,82.7,100
1719461638554,82.55,25
1719461638554,82.55,25
1719461638554,82.55,25
1719461638554,82.55,25
1719461640956,82.3,25
1719461640956,82.3,25
1719461642892,82.45,25
1719461643735,82.3,200
1719461643735,82.3,200
1719461643735,82.3,200
1719461643735,82.3,200
1719461648461,82.3,25
1719461648461,82.3,25
1719461650497,82.05,150
1719461650982,82.1,300
1719461652163,82.25,100
1719461652659,82.45,25
1719461653481,82.9,425
1719461653481,82.9,425
1719461655407,82.75,150
1719461655407,82.75,150
1719461655407,82.75,150
1719461657920,82.8,25
1719461658959,81.9,50
1719461659316,82.0,100
1719461660204,82.4,50
1719461662328,81.45,50
1719461662328,81.45,50
1719461663154,81.0,25
1719461663877,81.45,175
1719461663877,81.45,175
1719461664445,81.1,25
1719461664445,81.1,25
1719461666072,81.4,25
1719461666072,81.4,25
1719461666072,81.4,25
1719461669575,82.1,25
1719461669575,82.1,25
1719461669575,82.1,25
1719461669575,82.1,25
1719461673610,82.25,25
1719461673610,82.25,25
1719461673610,82.25,25
1719461676474,82.3,50
1719461676742,82.45,125
1719461676742,82.45,125
1719461676742,82.45,125
1719461680653,81.2,100
1719461680653,81.2,100
1719461681128,81.9,25
1719461681128,81.9,25
1719461682514,81.8,25
1719461683492,82.1,75
1719461683492,82.1,75
1719461684575,82.5,25
1719461685341,82.35,25
1719461685966,82.4,100
1719461685966,82.4,100
1719461689134,81.75,200
1719461689134,81.75,200
1719461689726,82.2,125
1719461689970,82.2,25
1719461689970,82.2,25
1719461689970,82.2,25
1719461695235,82.55,50
1719461695235,82.55,50
1719461695235,82.55,50
1719461698624,82.1,350
1719461698624,82.1,350
1719461700585,82.3,25
1719461701916,82.5,375
1719461702419,83.25,50
1719461702589,82.9,100
1719461703070,82.7,50
1719461703070,82.7,50
1719461704550,82.4,100
1719461705231,82.05,25
1719461705231,82.05,25
1719461706042,82.0,200
1719461707285,81.6,25
1719461707804,80.8,25
1719461708343,81.35,25
1719461709052,81.4,50
1719461709052,81.4,50
1719461710609,82.0,25
1719461710843,82.05,25
1719461711149,82.35,50
1719461711149,82.35,50
1719461711149,82.35,50
1719461711149,82.35,50
1719461711149,82.35,50
1719461711149,82.35,50
1719461719835,82.4,25
1719461719835,82.4,25
1719461721426,82.35,50
1719461722619,82.0,50
1719461722619,82.0,50
1719461748279,84.9,50
1719461749201,84.75,75
1719461749764,84.6,25
1719461750645,85.1,25
1719461750645,85.1,25
1719461751585,85.75,175
1719461752473,86.0,25
1719461752890,85.55,25
1719461753705,85.4,25
1719461754077,85.3,25
1719461754768,85.45,50
1719461755472,85.7,25
1719461755472,85.7,25
1719461756633,85.65,100
1719461757075,85.7,75
1719461757075,85.7,75
1719461758536,85.1,25
1719461758536,85.1,25
1719461759633,85.35,25
1719461760490,85.1,75
1719461762131,86.0,25
1719461762202,86.05,50
1719461762610,85.75,300
1719461763691,86.05,350
1719461764138,85.95,200
1719461764335,86.4,50
1719461765413,85.9,75
1719461765413,85.9,75
1719461766365,85.8,100
1719461766365,85.8,100
1719461767742,85.9,125
1719461768333,85.35,25
1719461768333,85.35,25
1719461768333,85.35,25
1719461771319,86.05,25
1719461771521,85.65,75
1719461772344,85.0,500
1719461772853,85.45,25
1719461773211,85.65,25
1719461773211,85.65,25
1719461774597,85.05,25
1719461775270,85.55,25
1719461777114,85.2,25
1719461777114,85.2,25
1719461777859,85.4,25
1719461777859,85.4,25
1719461777859,85.4,25
1719461781157,85.4,475
1719461782115,85.7,25
1719461782115,85.7,25
1719461783021,85.45,25
1719461783021,85.45,25
1719461783021,85.45,25
1719461786033,86.5,25
1719461786710,87.05,25
1719461787184,87.0,625
1719461787556,87.5,75
1719461788763,88.05,50
1719461789049,88.05,75
1719461789049,88.05,75
1719461790775,88.1,25
1719461790775,88.1,25
1719461791785,87.65,75
1719461792522,87.4,150
1719461792522,87.4,150
1719461792522,87.4,150
1719461795773,87.4,25
1719461796786,87.35,100
1719461796786,87.35,100
1719461798676,88.0,25
1719461798676,88.0,25
1719461799511,88.0,75
1719461800144,87.3,75
1719461800144,87.3,75
1719461801288,87.75,25
1719461801288,87.75,25
1719461802605,88.0,25
1719461803673,88.05,25
1719461804088,88.2,25
1719461804780,88.1,50
1719461805265,87.75,25
1719461805971,87.8,25
1719461805971,87.8,25
1719461807427,88.0,75
1719461807849,88.15,50
1719461808569,87.9,200
1719461808569,87.9,200
1719461809347,87.7,100
1719461810802,88.0,25
1719461810847,88.0,125
1719461810847,88.0,125
1719461812310,87.7,25
1719461812310,87.7,25
1719461813758,87.7,75
1719461814138,87.9,25
1719461814339,87.6,225
1719461815990,87.5,25
1719461817004,86.6,100
1719461817004,86.6,100
1719461817905,87.1,150
1719461817905,87.1,150
1719461819563,86.85,25
1719461820195,86.8,25
1719461820592,86.45,50
1719461820592,86.45,50
1719461820592,86.45,50
1719461821454,86.85,25
1719461822560,86.45,100
1719461822673,86.4,25
1719461823078,86.25,200
1719461823078,86.25,200
1719461824777,86.0,25
1719461825786,86.15,25
1719461825786,86.15,25
1719461826662,85.8,25
1719461826662,85.8,25
1719461826662,85.8,25
1719461829962,86.05,25
1719461830328,85.8,25
1719461831259,85.65,100
1719461832249,85.9,150
1719461832249,85.9,150
1719461833697,86.8,150
1719461834138,87.15,150
1719461834138,87.15,150
1719461835549,87.75,25
1719461836212,87.8,50
1719461836212,87.8,50
1719461838415,87.0,525
1719461838415,87.0,525
1719461838415,87.0,525
1719461841599,86.15,200
1719461841723,86.05,25
1719461841723,86.05,25
1719461843375,86.5,50
1719461844190,86.6,25
1719461844501,86.85,50
1719461844501,86.85,50
1719461844501,86.85,50
1719461844501,86.85,50
1719461849356,86.9,75
1719461849469,86.95,25
1719461849839,86.7,50
1719461849839,86.7,50
1719461849839,86.7,50
1719461853094,86.55,200
1719461853094,86.55,200
1719461855590,86.65,25
1719461855829,86.65,25
1719461856599,87.2,25
1719461857071,87.2,25
1719461857071,87.2,25
1719461858978,86.85,25
1719461858978,86.85,25
1719461859542,86.9,250
1719461860566,86.45,25
1719461861534,86.5,100
1719461862288,87.05,250
1719461862728,86.85,25
1719461863592,87.0,25
1719461864089,86.55,50
1719461864318,86.55,25
1719461864318,86.55,25
1719461866576,87.5,25
1719461867455,87.15,25
1719461867455,87.15,25
1719461868566,87.15,25
1719461868745,86.8,25
1719461868745,86.8,25
1719461869882,86.55,100
1719461870621,86.85,25
1719461871556,86.65,25
1719461872461,86.45,50
1719461872461,86.45,50
1719461873754,85.9,250
1719461873754,85.9,250
1719461874659,85.85,25
1719461875468,85.7,100
1719461875468,85.7,100
1719461876306,85.45,25
1719461876306,85.45,25
1719461878187,85.5,300
1719461879238,85.35,100
1719461879238,85.35,100
1719461879238,85.35,100
1719461881550,85.45,50
1719461881868,84.85,75
1719461881868,84.85,75
1719461883041,85.1,25
1719461883749,84.95,25
1719461884174,85.4,25
1719461884174,85.4,25
1719461885461,85.5,25
1719461886579,85.75,25
1719461887549,85.9,25
1719461887785,85.85,25
1719461888218,85.5,25
1719461889255,85.8,25
1719461889475,85.85,25
1719461890064,85.5,25
1719461891711,85.15,150
1719461891711,85.15,150
1719461891711,85.15,150
1719461894586,85.0,25
1719461894868,84.95,400
1719461895638,85.0,25
1719461896616,85.25,225
1719461897294,84.55,25
1719461897294,84.55,25
1719461898132,85.0,25
1719461898132,85.0,25
1719461899929,84.95,100
1719461899929,84.95,100
1719461901668,85.25,400
1719461901668,85.25,400
1719461903300,85.85,100
1719461903300,85.85,100
1719461905917,85.05,400
1719461906556,84.65,25
1719461906556,84.65,25
1719461906556,84.65,25
1719461910925,84.7,25
1719461910959,84.3,100
1719461911426,83.9,275
1719461912332,84.5,25
1719461912332,84.5,25
1719461913345,84.45,25
1719461913345,84.45,25
1719461915502,83.95,125
1719461915502,83.95,125
1719461916134,84.05,25
1719461916510,83.65,200
1719461917559,84.15,100
1719461917559,84.15,100
1719461918725,84.2,25
1719461919098,84.0,50
1719461919098,84.0,50
1719461919098,84.0,50
1719461921920,85.1,100
1719461922268,85.2,25
1719461922268,85.2,25
1719461922268,85.2,25
1719461922268,85.2,25
1719461926073,85.65,50
1719461926802,85.25,25
1719461926802,85.25,25
1719461927861,85.25,25
1719461928545,85.2,75
1719461929154,85.0,150
1719461929154,85.0,150
1719461930560,85.35,25
1719461930560,85.35,25
1719461930560,85.35,25
1719461930560,85.35,25
1719461935858,85.05,50
1719461935858,85.05,50
1719461937311,84.9,50
1719461937311,84.9,50
1719461938032,85.15,25
1719461938032,85.15,25
1719461939752,85.35,25
1719461940806,85.6,150
1719461941318,85.4,50
1719461941901,85.45,25
1719461941901,85.45,25
1719461941901,85.45,25
1719461941901,85.45,25
1719461941901,85.45,25
1719461948091,86.0,25
1719461948380,85.65,25
1719461948380,85.65,25
1719461949551,86.0,25
1719461950684,86.3,25
1719461950684,86.3,25
1719461952057,86.1,175
1719461952057,86.1,175
1719461954129,86.3,25
1719461954129,86.3,25
1719461954925,85.85,75
1719461954925,85.85,75
1719461956140,86.5,100
1719461956405,86.55,25
1719461956405,86.55,25
1719461959129,87.0,25
1719461959129,87.0,25
1719461960047,87.45,25
1719461960083,87.45,75
1719461960083,87.45,75
1719461962038,88.3,25
1719461962412,88.3,100
1719461962412,88.3,100
1719461963577,88.85,175
1719461964172,88.35,150
1719461964607,88.5,50
1719461965790,88.75,25
1719461966080,88.35,150
1719461966194,88.25,100
1719461967416,88.35,25
1719461967416,88.35,25
1719461968535,88.05,25
1719461969115,88.3,25
1719461969115,88.3,25
1719461970001,88.7,25
1719461970001,88.7,25
1719461972658,88.9,25
1719461972658,88.9,25
1719461973160,88.55,50
1719461974068,88.25,200
1719461974068,88.25,200
1719461974068,88.25,200
1719461976725,88.5,300
1719461977745,88.65,225
1719461978853,88.0,25
1719461978853,88.0,25
1719461980089,88.35,100
1719461980755,88.0,25
1719461980755,88.0,25
1719461981729,88.35,25
1719461982545,88.4,25
1719461982900,88.4,25
1719461983786,88.9,100
1719461984245,89.4,25
1719461985003,89.5,75
1719461985475,89.45,50
1719461985475,89.45,50
1719461987278,89.5,25
1719461987278,89.5,25
1719461988223,89.25,25
1719461988626,89.3,25
1719461988626,89.3,25
1719461989700,89.25,550
1719461989700,89.25,550
1719461991882,89.45,25
1719461992596,89.4,25
1719461993514,89.45,25
1719461993514,89.45,25
1719461994755,89.25,200
1719461994755,89.25,200
1719461996240,89.6,200
1719461996822,88.5,25
1719461997455,88.85,25
1719461997455,88.85,25
1719461998153,88.5,25
1719461998153,88.5,25
1719461999550,89.05,25
1719462000524,88.95,25
1719462000524,88.95,25
1719462001837,89.45,75
1719462002537,89.85,100
1719462003910,89.25,25
1719462004082,89.15,25
1719462004893,89.35,25
1719462005581,89.5,25
1719462006013,89.5,25
1719462006881,89.65,25
1719462007726,90.05,50
1719462007726,90.05,50
1719462008724,90.1,475
1719462009242,90.25,500
1719462009811,90.25,50
1719462010815,90.0,25
1719462011580,89.65,25
1719462012253,89.75,100
1719462012847,90.0,25
1719462014005,90.25,75
1719462014176,90.2,100
1719462014176,90.2,100
1719462015847,90.0,125
1719462016085,90.2,200
1719462016883,89.75,100
1719462017670,89.9,25
1719462017880,90.55,75
1719462018987,90.5,25
1719462019351,90.45,25
1719462019878,90.5,75
1719462020751,90.65,25
1719462020751,90.65,25
1719462021815,90.0,25
1719462022143,89.75,200
1719462022899,89.7,25
1719462023470,89.25,50
1719462024430,89.15,75
1719462024815,88.7,150
1719462025094,88.8,25
1719462026688,89.35,25
1719462027418,88.95,175
1719462027418,88.95,175
1719462027418,88.95,175
1719462029666,89.15,25
1719462029803,89.05,250
1719462029803,89.05,250
1719462031116,89.65,75
1719462032633,89.75,175
1719462032633,89.75,175
1719462034634,89.65,25
1719462035010,89.45,125
1719462035811,89.3,75
1719462036346,89.55,25
1719462037694,89.4,225
1719462037694,89.4,225
1719462038597,89.35,75
1719462038597,89.35,75
1719462040751,89.75,25
1719462041029,89.55,25
1719462041652,89.25,375
1719462042550,89.2,75
1719462042550,89.2,75
1719462043539,89.45,75
1719462044497,89.1,25
1719462044584,89.1,75
1719462044584,89.1,75
1719462046257,89.1,150
1719462046840,89.25,25
1719462046840,89.25,25
1719462047837,89.55,25
1719462048792,89.75,25
1719462049476,89.45,25
1719462049476,89.45,25
1719462050478,90.0,575
1719462050478,90.0,575
1719462051370,90.2,50
1719462052593,90.5,50
1719462052593,90.5,50
1719462053554,90.8,25
1719462053554,90.8,25
1719462054937,90.4,25
1719462055274,90.35,175
1719462055274,90.35,175
1719462055274,90.35,175
1719462057724,89.6,25
1719462057724,89.6,25
1719462058941,89.35,25
1719462058949,89.4,25
1719462058949,89.4,25
1719462060854,89.75,25
1719462060854,89.75,25
1719462061915,90.5,25
1719462062362,90.75,75
1719462062894,90.35,25
1719462063602,89.85,25
1719462064189,89.7,25
1719462064189,89.7,25
1719462065733,89.5,25
1719462065733,89.5,25
1719462068273,89.65,300
1719462068273,89.65,300
1719462068273,89.65,300
1719462071504,89.3,25
1719462072473,89.75,25
1719462072473,89.75,25
1719462073136,89.35,175
1719462073136,89.35,175
1719462073136,89.35,175
1719462077230,89.35,50
1719462077230,89.35,50
1719462078941,89.4,75
1719462079170,89.85,300
1719462079170,89.85,300
1719462081161,89.4,25
1719462081803,89.25,25
1719462082804,88.0,275
1719462082850,88.2,550
1719462083557,88.5,200
1719462084458,88.5,100
1719462084662,88.15,25
1719462084662,88.15,25
1719462084662,88.15,25
1719462088563,88.55,25
1719462088922,88.65,75
1719462088922,88.65,75
1719462089829,88.15,50
1719462089829,88.15,50
1719462091182,88.5,300
1719462091182,88.5,300
1719462092130,88.0,25
1719462092130,88.0,25
1719462092130,88.0,25
1719462094866,87.35,75
1719462095622,87.6,25
1719462095622,87.6,25
1719462097111,87.4,25
1719462097818,87.35,25
1719462097959,87.3,25
1719462098826,87.55,25
1719462099555,87.35,25
1719462099555,87.35,25
1719462100963,87.25,250
1719462100963,87.25,250
1719462100963,87.25,250
1719462102221,87.65,100
1719462102221,87.65,100
1719462103904,87.55,25
1719462103904,87.55,25
1719462105637,87.6,275
1719462106120,87.3,100
1719462106120,87.3,100
1719462108079,87.4,25
1719462108253,87.55,25
1719462108253,87.55,25
1719462109688,88.0,25
1719462110866,88.45,50
1719462111216,88.35,100
1719462111216,88.35,100
1719462111216,88.35,100
1719462113177,88.5,175
1719462113540,88.05,400
1719462114537,87.7,25
1719462114673,87.95,25
1719462116080,87.85,200
1719462116080,87.85,200
1719462117156,87.4,50
1719462117758,87.7,50
1719462117758,87.7,50
1719462118974,87.0,25
1719462118974,87.0,25
1719462120400,86.9,50
1719462120400,86.9,50
1719462120400,86.9,50
1719462120400,86.9,50
1719462123422,86.35,25
1719462123921,86.85,50
1719462124411,86.2,50
1719462124411,86.2,50
1719462125630,86.4,250
1719462126224,86.65,25
1719462127099,86.35,75
1719462127099,86.35,75
1719462128020,86.5,25
1719462128020,86.5,25
1719462129699,86.3,75
1719462129699,86.3,75
1719462131902,86.35,25
1719462131902,86.35,25
1719462133539,85.95,25
1719462133539,85.95,25
1719462135388,86.8,425
1719462135566,86.9,50
1719462135566,86.9,50
1719462135566,86.9,50
1719462138926,86.4,300
1719462138926,86.4,300
1719462140592,86.1,25
1719462141285,86.05,50
1719462141612,85.95,200
1719462141612,85.95,200
1719462143702,85.8,125
1719462143904,86.0,100
1719462143904,86.0,100
1719462144787,85.7,25
1719462145082,85.65,100
1719462145082,85.65,100
1719462146346,86.25,250
1719462146346,86.25,250
1719462149114,86.75,25
1719462149114,86.75,25
1719462150833,86.7,25
1719462150833,86.7,25
1719462152489,86.35,25
1719462152489,86.35,25
1719462152489,86.35,25
1719462154922,86.85,175
1719462155500,86.9,25
1719462155500,86.9,25
1719462156926,86.9,225
1719462156926,86.9,225
1719462158884,86.6,200
1719462158884,86.6,200
1719462160104,86.2,150
1719462160104,86.2,150
1719462161516,86.35,25
1719462161516,86.35,25
1719462163092,86.05,25
1719462163092,86.05,25
1719462163092,86.05,25
1719462163092,86.05,25
1719462168493,86.0,25
1719462168493,86.0,25
1719462169560,85.45,150
1719462169656,85.0,25
1719462170965,85.55,25
1719462170965,85.55,25
1719462170965,85.55,25
1719462173369,86.0,25
1719462173369,86.0,25
1719462175142,86.9,250
1719462175142,86.9,250
1719462175142,86.9,250
1719462175142,86.9,250
1719462180023,85.55,25
1719462180279,85.5,125
1719462180279,85.5,125
1719462180279,85.5,125
1719462181491,85.15,50
1719462182908,85.25,25
1719462182908,85.25,25
1719462183889,85.1,75
1719462183889,85.1,75
1719462183889,85.1,75
1719462186674,84.9,25
1719462186674,84.9,25
1719462188259,84.9,25
1719462189170,84.7,50
1719462189253,84.95,25
1719462189919,84.8,100
1719462190549,84.6,125
1719462191204,84.8,125
1719462191967,85.05,175
1719462192487,85.3,75
1719462192487,85.3,75
1719462193097,84.9,75
1719462193097,84.9,75
1719462193097,84.9,75
1719462196547,85.1,25
1719462197404,84.9,25
1719462197404,84.9,25
1719462198613,84.75,25
1719462199060,85.1,25
1719462199278,85.2,150
1719462199646,85.25,25
1719462201270,85.0,25
1719462201270,85.0,25
1719462201800,85.3,125
1719462201800,85.3,125
1719462203211,86.0,25
1719462204328,86.05,25
1719462204328,86.05,25
1719462204957,86.1,200
1719462204957,86.1,200
1719462207194,85.95,50
1719462207755,85.85,50
1719462207755,85.85,50
1719462208767,85.3,25
1719462208767,85.3,25
1719462208767,85.3,25
1719462208767,85.3,25
1719462211763,85.35,25
1719462211843,85.3,75
1719462212551,85.25,75
1719462212551,85.25,75
1719462215120,85.35,150
1719462215716,85.3,50
1719462215716,85.3,50
1719462215716,85.3,50
1719462218880,85.6,50
1719462218880,85.6,50
1719462220408,85.8,275
1719462220408,85.8,275
1719462220408,85.8,275
1719462220408,85.8,275
1719462225321,85.5,25
1719462225321,85.5,25
1719462227655,85.15,100
1719462227655,85.15,100
1719462227655,85.15,100
1719462230741,85.0,300
1719462230741,85.0,300
1719462231544,85.3,100
1719462232555,84.85,25
1719462232555,84.85,25
1719462232555,84.85,25
1719462234734,85.35,25
1719462235136,85.3,25
1719462235136,85.3,25
1719462237234,85.0,25
1719462237445,84.75,350
1719462238953,84.85,25
1719462239285,85.05,75
1719462239693,84.8,350
1719462240302,85.1,25
1719462240302,85.1,25
1719462241295,85.3,25
1719462241809,85.35,25
1719462241809,85.35,25
1719462244297,85.4,50
1719462244297,85.4,50
1719462245732,85.45,25
1719462246254,85.35,25
1719462246935,86.0,100
1719462247119,85.7,200
1719462248490,85.9,50
1719462248490,85.9,50
1719462250401,85.5,75
1719462251246,85.65,25
1719462252030,86.0,25
1719462252999,85.7,25
1719462252999,85.7,25
1719462254073,85.8,25
1719462254827,86.05,25
1719462254827,86.05,25
1719462256588,86.3,150
1719462256947,85.95,25
1719462257327,86.3,125
1719462259336,86.0,75
1719462259336,86.0,75
1719462259336,86.0,75
1719462259336,86.0,75
1719462263360,85.9,25
1719462264270,86.4,25
1719462264270,86.4,25
1719462266388,86.15,25
1719462266388,86.15,25
1719462268141,86.1,25
1719462269276,86.4,300
1719462269276,86.4,300
1719462270307,86.4,25
1719462270864,86.25,125
1719462270864,86.25,125
1719462270864,86.25,125
1719462273042,86.3,50
1719462273042,86.3,50
1719462275082,86.35,50
1719462275082,86.35,50
1719462277482,87.1,25
1719462277482,87.1,25
1719462277482,87.1,25
1719462280330,87.5,25
1719462281143,87.5,50
1719462281143,87.5,50
1719462282651,87.05,25
1719462282651,87.05,25
1719462284070,86.85,25
1719462284070,86.85,25
1719462284070,86.85,25
1719462284070,86.85,25
1719462286852,86.7,50
1719462287815,87.05,25
1719462287815,87.05,25
1719462289697,87.05,25
1719462290057,87.6,25
1719462291123,87.95,25
1719462291429,88.0,25
1719462291808,88.15,50
1719462293106,88.05,25
1719462293377,87.65,25
1719462294694,87.35,50
1719462294947,87.2,150
1719462296080,87.3,25
1719462296153,87.55,350
1719462296153,87.55,350
1719462297406,87.7,75
1719462298709,87.9,25
1719462299207,88.0,25
1719462299207,88.0,25
1719462299207,88.0,25
1719462301470,88.25,25
1719462302414,88.05,25
1719462302414,88.05,25
1719462303296,88.2,75
1719462304043,88.35,175
1719462304043,88.35,175
1719462305722,88.3,25
1719462306395,88.4,100
1719462306395,88.4,100
1719462309484,87.65,50
1719462309484,87.65,50
1719462309484,87.65,50
1719462309484,87.65,50
1719462312056,88.6,25
1719462312152,89.0,25
1719462313752,88.9,25
1719462314457,88.8,25
1719462314457,88.8,25
1719462316270,88.55,225
1719462316356,88.55,25
1719462316356,88.55,25
1719462317852,89.55,150
1719462318147,88.95,50
1719462318663,88.5,75
1719462318663,88.5,75
1719462320313,88.4,50
1719462320313,88.4,50
1719462322254,88.3,25
1719462322676,88.35,25
1719462322676,88.35,25
1719462323857,88.8,25
1719462324468,88.65,50
1719462324468,88.65,50
1719462324468,88.65,50
1719462326941,88.85,50
1719462327788,88.85,375
1719462327788,88.85,375
1719462328543,89.2,75
1719462329571,89.0,50
1719462330062,88.9,150
1719462330360,89.15,25
1719462330992,88.8,25
1719462330992,88.8,25
1719462332288,89.05,25
1719462332288,89.05,25
1719462333964,88.95,25
1719462334527,89.0,50
1719462334527,89.0,50
1719462334527,89.0,50
1719462337246,89.1,25
1719462337246,89.1,25
1719462337246,89.1,25
1719462340205,88.75,25
1719462341070,88.6,25
1719462341474,88.75,25
1719462341474,88.75,25
1719462341474,88.75,25
1719462341474,88.75,25
1719462345697,88.75,75
1719462345697,88.75,75
1719462345697,88.75,75
1719462348526,88.75,25
1719462348526,88.75,25
1719462348526,88.75,25
1719462351934,88.65,250
1719462353116,88.7,25
1719462353116,88.7,25
1719462353116,88.7,25
1719462353116,88.7,25
1719462353116,88.7,25
1719462357604,88.4,175
1719462357604,88.4,175
1719462358867,88.05,75
1719462359005,88.2,25
1719462359005,88.2,25
1719462359005,88.2,25
1719462361116,88.0,25
1719462361608,88.15,200
1719462361788,88.25,75
1719462362811,88.0,25
1719462363523,88.15,50
1719462363523,88.15,50
1719462366351,87.7,25
1719462366351,87.7,25
1719462367341,87.5,25
1719462367341,87.5,25
1719462367341,87.5,25
1719462367341,87.5,25
1719462372170,88.3,25
1719462372170,88.3,25
1719462374247,88.35,25
1719462374247,88.35,25
1719462376684,88.4,25
1719462376684,88.4,25
1719462379728,87.45,25
1719462379728,87.45,25
1719462380182,87.45,25
1719462380968,87.25,50
1719462380968,87.25,50
1719462381942,87.15,75
1719462381942,87.15,75
1719462383734,87.8,50
1719462383978,87.95,250
1719462383978,87.95,250
1719462385914,88.0,50
1719462386623,87.9,25
1719462386623,87.9,25
1719462387608,87.55,25
1719462387608,87.55,25
1719462389037,87.95,50
1719462389584,87.4,150
1719462389584,87.4,150
1719462389584,87.4,150
1719462389584,87.4,150
1719462389584,87.4,150
1719462393388,87.6,25
1719462394704,88.0,25
1719462394704,88.0,25
1719462395758,88.35,125
1719462395758,88.35,125
1719462397184,88.85,150
1719462397184,88.85,150
1719462399142,88.75,100
1719462399852,89.25,75
1719462400245,89.65,50
1719462401105,91.0,25
1719462401411,91.5,25
1719462401411,91.5,25
1719462403136,91.5,75
1719462403136,91.5,75
1719462403835,91.15,25
1719462404741,91.15,50
1719462404741,91.15,50
1719462406012,90.95,250
1719462406235,90.75,50
1719462406235,90.75,50
1719462408279,92.2,100
1719462408730,92.6,150
1719462409825,92.3,275
1719462410084,92.2,250
1719462411055,92.5,175
1719462411055,92.5,175
1719462411898,93.0,25
1719462412735,92.8,375
1719462413215,92.6,800
1719462413708,92.7,50
1719462414622,93.15,25
1719462414622,93.15,25
1719462416162,93.85,25
1719462416613,93.8,25
1719462417193,94.55,75
1719462418258,94.75,850
1719462418258,94.75,850
1719462419011,94.9,25
1719462419011,94.9,25
1719462420160,95.45,25
1719462420919,96.0,25
1719462421109,96.05,25
1719462421663,96.65,350
1719462422343,97.7,75
1719462423206,97.5,50
1719462423572,97.3,25
1719462424445,97.3,25
1719462424856,96.7,225
1719462425510,97.15,25
1719462426396,96.6,50
1719462426648,96.7,25
1719462427356,96.9,25
1719462428274,95.95,25
1719462429219,96.75,50
1719462429219,96.75,50
1719462430536,96.55,175
1719462431294,96.85,225
1719462431446,97.0,50
1719462432164,97.15,200
1719462432858,96.65,300
1719462432858,96.65,300
1719462434303,96.5,25
1719462434512,97.15,50
1719462434512,97.15,50
1719462436053,97.2,25
1719462436053,97.2,25
1719462436678,97.1,25
1719462438347,97.4,25
1719462439046,96.6,25
1719462439809,96.4,25
1719462440002,96.4,25
1719462440585,95.9,25
1719462440585,95.9,25
1719462442015,96.35,100
1719462443077,96.0,25
1719462443077,96.0,25
1719462444325,96.15,25
1719462444829,96.8,50
1719462444829,96.8,50
1719462445753,96.9,150
1719462446414,96.8,25
1719462446768,96.8,25
1719462447987,96.9,50
1719462447987,96.9,50
1719462448988,96.6,25
1719462449225,96.55,50
1719462449991,95.9,100
1719462450838,95.85,100
1719462451033,95.75,25
1719462451289,96.45,75
1719462452331,95.7,50
1719462452844,95.3,25
1719462452844,95.3,25
1719462453818,96.2,50
1719462454792,95.55,25
1719462454792,95.55,25
1719462455756,96.2,25
1719462455756,96.2,25
1719462457261,96.2,50
1719462458337,96.0,25
1719462459078,95.8,25
1719462459705,95.8,25
1719462460233,96.4,25
1719462461129,95.95,50
1719462461248,95.9,150
1719462462384,96.45,25
1719462462980,96.7,100
1719462462980,96.7,100
1719462464356,97.25,50
1719462464595,97.0,25
1719462465409,96.45,50
1719462466058,97.15,50
1719462466538,97.6,50
1719462467249,97.9,75
1719462468335,98.3,50
1719462469534,98.7,25
1719462469987,98.85,100
1719462470029,98.85,25
1719462471151,98.85,200
1719462471550,99.3,100
1719462472288,99.8,25
1719462473103,100.55,100
1719462474034,99.95,25
1719462474927,99.35,50
1719462475312,99.25,25
1719462476362,100.35,25
1719462476555,100.1,125
1719462477368,100.55,75
1719462478125,100.2,125
1719462478324,100.25,25
1719462478749,100.0,25
1719462479852,99.55,150
1719462480195,100.1,25
1719462480917,101.15,25
1719462481291,101.35,125
1719462481474,101.5,100
1719462482145,102.0,25
1719462483114,102.85,75
1719462483250,103.0,150
1719462484028,102.05,125
1719462484870,102.3,250
1719462485126,102.4,25
1719462485995,101.9,50
1719462486541,102.35,25
1719462487362,102.2,25
1719462488130,101.7,25
1719462488343,101.6,25
1719462489481,102.0,25
1719462489583,102.05,25
1719462490360,101.55,25
1719462490648,101.3,25
1719462491605,102.3,25
1719462492151,102.35,50
1719462493190,101.9,25
1719462494023,101.55,25
1719462494608,101.6,200
1719462495018,101.7,25
1719462495996,100.85,150
1719462496486,101.3,25
1719462496808,101.5,25
1719462498124,100.95,25
1719462498124,100.95,25
1719462498945,100.75,150
1719462499724,99.55,100
1719462499724,99.55,100
1719462501048,100.2,50
1719462501608,99.9,25
1719462501963,100.4,50
1719462503205,100.6,25
1719462503814,100.6,25
1719462504821,101.15,25
1719462505002,100.8,100
1719462506409,101.65,25
1719462506591,102.05,50
1719462507521,101.9,50
1719462508162,102.05,25
1719462509022,101.4,25
1719462509555,101.95,75
1719462509555,101.95,75
1719462510887,101.65,25
1719462511095,101.8,50
1719462511095,101.8,50
1719462512162,102.0,50
1719462513180,102.5,25
1719462513180,102.5,25
1719462514103,102.25,25
1719462514590,102.4,50
1719462514842,102.5,50
1719462515952,101.95,25
1719462515952,101.95,25
1719462517005,102.15,25
1719462518243,102.15,25
1719462518801,101.8,75
1719462519832,102.0,25
1719462519996,101.85,100
1719462521214,101.65,75
1719462521546,101.15,275
1719462522149,101.05,25
1719462522899,101.0,350
1719462523902,100.65,50
1719462524642,100.5,75
1719462524985,100.75,25
1719462526208,100.15,125
1719462526683,100.5,25
1719462527388,100.55,100
1719462528073,100.0,100
1719462528257,100.0,250
1719462529187,100.0,25
1719462529865,99.65,125
1719462529949,99.95,150
1719462531192,100.0,150
1719462531192,100.0,150
1719462532219,100.05,125
1719462533107,100.0,25
1719462533107,100.0,25
1719462533709,99.75,250
1719462534673,100.2,125
1719462534673,100.2,125
1719462536301,100.25,25
1719462536585,100.45,50
1719462537079,100.3,25
1719462537521,100.65,150
1719462539201,100.9,25
1719462539461,100.9,25
1719462540088,101.6,25
1719462540391,101.25,25
1719462540391,101.25,25
1719462541576,101.05,25
1719462542183,101.9,75
1719462543129,101.15,50
1719462543340,101.5,25
1719462544028,100.9,50
1719462544600,101.45,100
1719462544600,101.45,100
1719462545919,101.3,25
1719462546619,100.4,25
1719462546619,100.4,25
1719462547669,100.8,100
1719462548323,100.7,25
1719462548323,100.7,25
1719462549943,100.65,25
1719462549943,100.65,25
1719462550911,101.0,25
1719462550911,101.0,25
1719462552272,101.35,25
1719462552272,101.35,25
1719462553676,101.25,25
1719462554403,101.85,50
1719462555045,101.85,100
1719462555379,102.25,25
1719462556387,102.65,125
1719462556387,102.65,125
1719462557094,102.35,25
1719462558024,102.85,25
1719462559039,102.2,25
1719462560105,102.15,75
1719462560105,102.15,75
1719462561100,102.5,50
1719462561488,102.6,25
1719462562031,102.2,25
1719462563240,101.35,50
1719462563487,101.75,200
1719462564399,102.3,225
1719462564690,101.9,600
1719462564690,101.9,600
1719462566039,101.9,25
1719462566305,102.1,100
1719462567028,101.9,25
1719462568156,102.15,125
1719462568509,101.9,100
1719462569196,101.9,25
1719462570075,102.05,25
1719462570283,102.55,25
1719462570283,102.55,25
1719462571628,102.5,150
1719462572248,102.45,25
1719462572929,102.4,25
1719462572929,102.4,25
1719462574037,102.45,25
1719462575086,102.75,25
1719462575446,102.0,25
1719462576263,102.2,150
1719462576644,101.85,125
1719462577006,101.65,25
1719462578394,101.0,25
1719462578480,101.0,25
1719462579309,101.15,325
1719462579962,100.8,75
1719462580839,101.45,50
1719462581734,101.35,25
1719462582105,101.35,100
1719462582105,101.35,100
1719462584730,102.0,50
1719462585141,101.9,125
1719462585141,101.9,125
1719462585833,101.65,25
1719462586766,102.15,25
1719462587145,102.5,500
1719462588215,102.25,50
1719462588535,102.05,75
1719462589345,102.0,25
1719462589943,102.15,100
1719462589943,102.15,100
1719462591259,101.85,25
1719462591552,101.95,25
1719462592261,101.85,50
1719462593152,101.8,50
1719462593495,102.0,25
1719462593869,102.05,25
1719462594754,102.0,25
1719462595837,101.95,25
1719462596573,102.05,25
1719462597162,101.55,50
1719462598140,101.65,25
1719462598140,101.65,25
1719462599116,102.55,25
1719462600182,102.45,50
1719462600382,103.2,50
1719462600625,103.0,50
1719462601149,103.45,25
1719462601749,103.9,75
1719462602259,103.4,25
1719462603190,103.0,25
1719462603592,102.6,200
1719462604084,102.55,25
1719462604658,102.5,25
1719462604658,102.5,25
1719462606136,102.1,25
1719462606743,102.35,100
1719462606743,102.35,100
1719462608097,101.9,25
1719462608097,101.9,25
1719462609088,102.55,25
1719462610209,102.55,250
1719462611401,102.1,200
1719462611401,102.1,200
1719462612796,102.35,25
1719462612796,102.35,25
1719462613675,102.1,25
1719462614171,102.15,150
1719462614830,102.55,25
1719462615391,103.05,200
1719462616379,102.1,100
1719462616736,102.1,75
1719462617075,102.2,75
1719462618358,102.3,25
1719462618539,102.05,25
1719462619280,101.6,75
1719462620154,101.3,50
1719462621310,101.1,400
1719462621775,101.15,25
1719462621775,101.15,25
1719462622424,100.9,25
1719462623804,100.7,25
1719462625201,100.45,25
1719462625201,100.45,25
1719462626254,100.75,25
1719462626772,100.6,100
1719462626919,100.4,125
1719462628254,101.75,25
1719462628402,101.7,125
1719462629004,101.5,50
1719462630201,101.4,375
1719462630318,101.85,25
1719462630318,101.85,25
1719462631253,102.0,25
1719462631753,102.25,25
1719462631929,102.2,325
1719462633253,102.7,25
1719462633253,102.7,25
1719462634285,103.3,25
1719462635253,103.15,25
1719462636116,103.5,25
1719462636753,103.5,25
1719462637241,103.3,25
1719462638058,103.75,25
1719462638294,103.8,75
1719462639253,103.45,50
1719462640254,103.3,25
1719462641471,103.3,100
1719462641764,103.4,25
1719462642254,103.35,25
1719462643091,103.0,25
1719462643091,103.0,25
1719462644367,102.55,200
1719462645224,103.2,25
1719462645224,103.2,25
1719462646254,103.6,25
1719462646503,103.6,25
1719462647365,103.85,50
1719462648254,103.6,25
1719462649503,103.85,25
1719462650150,103.2,25
1719462650150,103.2,25
1719462651185,103.45,225
1719462651764,103.65,250
1719462652040,103.95,25
1719462652924,103.45,25
1719462653335,103.8,25
1719462654254,103.9,25
1719462655257,103.4,175
1719462656270,103.6,25
1719462656270,103.6,25
1719462657278,103.55,25
1719462657948,104.45,25
1719462657948,104.45,25
1719462659385,104.5,25
1719462660130,105.35,50
1719462660923,105.7,50
1719462661155,105.95,125
1719462661759,106.0,75
1719462662469,106.6,75
1719462663485,106.7,50
1719462704274,108.85,50
1719462705127,109.55,100
1719462705127,109.55,100
1719462706197,108.9,25
1719462706940,109.35,25
1719462707293,109.7,100
1719462708252,109.6,25
1719462708374,109.25,50
1719462708860,109.55,200
1719462709460,109.6,25
1719462710351,108.9,75
1719462710973,109.25,25
1719462711798,109.6,200
1719462712553,110.0,25
1719462713116,109.9,25
1719462713576,110.25,25
1719462714321,110.7,25
1719462715142,111.0,25
1719462715306,111.0,25
1719462715718,111.1,25
1719462716812,110.95,25
1719462717305,110.75,25
1719462717998,110.7,25
1719462718486,111.35,50
1719462719375,111.2,50
1719462720146,111.1,25
1719462720428,111.6,125
1719462720732,111.55,50
1719462721262,112.2,150
1719462721977,113.45,100
1719462722327,113.9,25
1719462723230,114.2,25
1719462723552,114.1,100
1719462724528,113.7,50
1719462725188,113.3,50
1719462725318,113.85,25
1719462726585,113.9,25
1719462726585,113.9,25
1719462727501,113.65,100
1719462728270,114.2,25
1719462728388,114.1,100
1719462729195,114.25,25
1719462729993,113.3,100
1719462730466,113.7,25
1719462731540,114.5,75
1719462731770,114.3,25
1719462732463,113.85,25
1719462733469,113.95,100
1719462734387,113.9,50
1719462735153,113.65,125
1719462735686,113.65,50
1719462736316,113.6,25
1719462736758,113.75,200
1719462737248,113.2,25
1719462737951,113.3,25
1719462738346,113.4,50
1719462739329,113.4,25
1719462740022,113.05,350
1719462740022,113.05,350
1719462741157,113.15,25
1719462741783,113.05,25
1719462742033,112.65,50
1719462743548,113.15,25
1719462743828,113.25,75
1719462745179,113.35,25
1719462745179,113.35,25
1719462745601,113.3,25
1719462746807,112.9,25
1719462747297,113.05,25
1719462748154,112.95,25
1719462748454,113.25,25
1719462748930,113.1,50
1719462750104,113.0,25
1719462750104,113.0,25
1719462750831,112.5,25
1719462751635,112.45,25
1719462751635,112.45,25
1719462752183,113.2,50
1719462753076,113.25,25
1719462753564,113.4,25
1719462754277,112.75,50
1719462755109,113.1,25
1719462755109,113.1,25
1719462756342,113.1,25
1719462756762,113.35,25
1719462757724,113.3,25
1719462758560,112.85,25
1719462758560,112.85,25
1719462760227,112.25,25
1719462760345,112.5,50
1719462761325,111.8,50
1719462761611,112.35,25
1719462762322,112.45,25
1719462762671,112.5,25
1719462762671,112.5,25
1719462763995,111.3,25
1719462765008,112.05,25
1719462765369,111.6,25
1719462766121,111.9,25
1719462766626,111.5,25
1719462767532,111.3,75
1719462768516,110.95,100
1719462768516,110.95,100
1719462769358,111.5,25
1719462770105,111.5,25
1719462770401,111.55,25
1719462771249,111.5,125
1719462771845,113.45,275
1719462772289,113.5,200
1719462773055,114.3,50
1719462773440,114.35,50
1719462774075,114.1,75
1719462774895,113.9,25
1719462774895,113.9,25
1719462776642,113.35,25
1719462776642,113.35,25
1719462777130,112.55,25
1719462778316,112.2,100
1719462778576,112.6,25
1719462779534,112.35,25
1719462780219,113.15,100
1719462780509,113.5,50
1719462780712,113.2,125
1719462781772,114.45,25
1719462782279,114.55,75
1719462783520,114.45,50
1719462783520,114.45,50
1719462784184,115.0,25
1719462785275,115.15,25
1719462785335,115.0,25
1719462786365,114.5,25
1719462786515,115.0,50
1719462787553,114.65,100
1719462788478,114.9,75
1719462789345,114.75,25
1719462790054,115.7,50
1719462790541,116.0,50
1719462791360,116.15,25
1719462791601,115.85,75
1719462792507,115.7,50
1719462793552,114.5,25
1719462794494,115.0,150
1719462795004,115.0,25
1719462795360,115.0,25
1719462796297,115.05,25
1719462796653,115.15,25
1719462797359,114.65,50
1719462798038,114.1,25
1719462798038,114.1,25
1719462799330,114.9,475
1719462800081,115.0,150
1719462800352,115.3,50
1719462801556,115.35,375
1719462801704,115.45,400
1719462802242,115.25,25
1719462803317,115.05,75
1719462803494,115.25,25
1719462804430,115.45,25
1719462804865,114.85,25
1719462805464,115.1,25
1719462806541,114.15,75
1719462807652,114.05,25
1719462808352,113.8,25
1719462808530,113.85,25
1719462809374,113.6,75
1719462810077,112.95,25
1719462810358,112.85,25
1719462810957,113.05,250
1719462811562,112.45,25
1719462811721,112.55,25
1719462812712,111.85,25
1719462813461,112.15,25
1719462813950,112.55,50
1719462814384,111.3,50
1719462815125,111.25,50
1719462815331,111.5,50
1719462816162,111.4,75
1719462816682,111.6,25
1719462817261,111.6,75
1719462818546,111.15,100
1719462819468,111.0,25
1719462820156,110.5,25
1719462820683,110.25,25
1719462821371,110.25,300
1719462821683,110.25,50
1719462822360,110.4,100
1719462823228,110.5,25
1719462823451,110.9,50
1719462824014,111.05,75
1719462824744,110.2,100
1719462825255,110.2,50
1719462826313,110.35,75
1719462826665,110.55,125
1719462827210,111.0,25
1719462828238,110.7,50
1719462828238,110.7,50
1719462829328,110.1,50
1719462830067,110.6,25
1719462830314,110.9,25
1719462831304,110.7,150
1719462831720,110.65,50
1719462832128,110.55,25
1719462833363,110.9,200
1719462833363,110.9,200
1719462834321,110.8,25
1719462835098,110.95,25
1719462835098,110.95,25
1719462835691,111.3,25
1719462835691,111.3,25
1719462836980,111.2,25
1719462838567,111.2,100
1719462839324,111.6,25
1719462840122,112.3,25
1719462840122,112.3,25
1719462840735,112.3,25
1719462841153,112.1,125
1719462841634,112.3,200
1719462842216,112.55,100
1719462843571,112.4,25
1719462843776,112.25,50
1719462844332,112.85,25
1719462844869,112.75,50
1719462845250,113.0,75
1719462846724,112.55,25
1719462847099,112.65,25
1719462848481,111.9,25
1719462849436,111.85,25
1719462850057,112.05,50
1719462850057,112.05,50
1719462851333,112.2,50
1719462851333,112.2,50
1719462852036,113.0,25
1719462852664,112.8,25
1719462854420,112.85,50
1719462854814,112.5,200
1719462854814,112.5,200
1719462856606,112.3,50
1719462856742,112.4,75
1719462856742,112.4,75
1719462858488,112.15,25
1719462858701,112.15,25
1719462859833,112.7,25
1719462859833,112.7,25
1719462861009,112.25,200
1719462861009,112.25,200
1719462862390,112.75,25
1719462863579,113.1,25
1719462863867,113.0,25
1719462865157,113.2,25
1719462865351,113.2,275
1719462866288,113.4,25
1719462866964,113.1,25
1719462867558,113.1,25
1719462868416,112.95,400
1719462868435,112.95,25
1719462869578,112.65,25
1719462869821,112.55,25
1719463136486,116.65,25
1719463136969,116.85,75
1719463136969,116.85,75
1719463138719,116.85,25
1719463138719,116.85,25
1719463139487,117.65,75
1719463320645,120.35,100
1719463320645,120.35,100
1719463321869,120.75,75
1719463322426,121.3,25
1719463322815,121.65,300
1719463323410,121.0,100
1719463324281,121.1,25
1719463324507,121.2,25
1719463325627,121.45,25
1719463325843,121.5,25
1719463326311,121.5,25
1719463327256,121.1,75
1719463327680,120.9,75
1719463328566,120.95,100
1719463329267,120.8,25
1719463329856,121.5,75
1719463330623,121.0,25
1719463330767,121.0,75
1719463331668,120.65,25
1719463332444,121.35,25
1719463332444,121.35,25
1719463333684,120.8,25
1719463334219,121.3,25
1719463334457,120.85,25
1719463335769,120.4,25
1719463336614,120.75,25
1719463337308,120.75,75
1719463337669,120.7,25
1719463338805,120.85,50
1719463339257,120.65,25
1719463339585,120.8,275
1719463339928,120.7,75
1719463340764,120.7,25
1719463341197,120.9,100
1719463342485,120.45,25
1719463342504,120.35,200
1719463343605,120.6,50
1719463343965,120.65,25
1719463344885,120.1,25
1719463345654,120.5,50
1719463345827,120.65,50
1719463346662,120.85,25
1719463347389,120.6,25
1719463347663,120.6,25
1719463348859,120.05,25
1719463349303,121.0,250
1719463349887,120.95,25
1719463350629,121.4,50
1719463351254,121.15,100
1719463352466,120.8,50
1719463352466,120.8,50
1719463353439,121.15,25
1719463354138,120.95,75
1719463354488,121.05,50
1719463355502,121.55,150
1719463355502,121.55,150
1719463356573,122.0,100
1719463357347,122.65,25
1719463357687,122.25,25
1719463358623,122.8,25
1719463359327,122.5,50
1719463359658,122.5,450
1719463360476,122.95,25
1719463360872,122.6,150
1719463361817,123.2,25
1719463362509,122.45,25
1719463362786,122.65,25
1719463364094,122.65,500
1719463364233,122.5,50
1719463364416,122.55,25
1719463365301,123.1,50
1719463365301,123.1,50
1719463366581,122.8,25
1719463367340,123.0,25
1719463367662,122.9,25
1719463368345,122.9,25
1719463369208,123.65,50
1719463369764,123.1,25
1719463370340,123.25,25
1719463371289,123.25,25
1719463372409,123.9,25
1719463372409,123.9,25
1719463373845,123.75,50
1719463374341,123.85,25
1719463374341,123.85,25
1719463375629,123.85,25
1719463375852,123.95,50
1719463377457,123.7,50
1719463377457,123.7,50
1719463378707,123.3,100
1719463379247,123.4,100
1719463379867,122.5,25
1719463380762,122.6,175
1719463381658,121.8,200
1719463382114,121.75,300
1719463382637,122.0,100
1719463383842,121.1,175
1719463384337,120.75,175
1719463384676,121.05,100
1719463385590,120.35,50
1719463385590,120.35,50
1719463386848,121.2,25
1719463387298,121.4,25
1719463387663,121.6,25
1719463388713,121.05,25
1719463389123,120.65,25
1719463389811,121.05,200
1719463390602,121.35,25
1719463390602,121.35,25
1719463391416,121.05,25
1719463392594,120.8,25
1719463393569,120.8,25
1719463393569,120.8,25
1719463394400,120.45,50
1719463395707,120.45,25
1719463395707,120.45,25
1719463396710,120.45,25
1719463397470,120.15,150
1719463397690,120.15,150
1719463398678,120.15,25
1719463399144,120.45,25
1719463399844,120.85,25
1719463399844,120.85,25
1719463402231,120.35,25
1719463402368,120.3,25
1719463402684,120.4,25
1719463403611,120.6,25
1719463403915,120.2,25
1719463404912,120.65,100
1719463405603,120.3,25
1719463405770,120.5,75
1719463406491,119.8,25
1719463407501,118.55,25
1719463407829,118.5,275
1719463408897,118.2,250
1719463408897,118.2,250
1719463409666,117.55,25
1719463410790,117.0,25
1719463410878,117.05,50
1719463411646,117.8,25
1719463412565,117.6,125
1719463412624,117.3,100
1719463413880,117.8,50
1719463413880,117.8,50
1719463414517,118.1,25
1719463415472,117.35,25
1719463416305,117.8,25
1719463417400,117.5,25
1719463417632,117.4,50
1719463418354,116.95,75
1719463418354,116.95,75
1719463420276,116.6,25
1719463420799,116.9,250
1719463420799,116.9,250
1719463421445,117.1,25
1719463422345,116.65,25
1719463422345,116.65,25
1719463423552,116.1,25
1719463423836,116.3,50
1719463424541,116.7,100
1719463425660,116.1,100
1719463425875,116.05,25
1719463426461,116.3,25
1719463427275,115.8,25
1719463427275,115.8,25
1719463428654,112.15,25
1719463429154,112.8,50
1719463429428,112.1,25
1719463430384,113.25,25
1719463430384,113.25,25
1719463431717,112.75,300
1719463432563,112.0,50
1719463432913,110.6,25
1719463433879,111.9,25
1719463434166,112.05,25
1719463434651,111.9,25
1719463435485,111.5,25
1719463435485,111.5,25
1719463436902,112.0,25
1719463437597,111.1,175
1719463437886,111.35,100
1719463438712,111.95,25
1719463438712,111.95,25
1719463439821,111.95,25
1719463440798,113.0,75
1719463440798,113.0,75
1719463441005,113.0,175
1719463441735,113.05,25
1719463442573,113.05,25
1719463442573,113.05,25
1719463443293,113.15,25
1719463443920,113.2,25
1719463444618,113.25,125
1719463445836,113.8,25
1719463445836,113.8,25
1719463446517,114.0,200
1719463447624,113.95,25
1719463448520,114.0,25
1719463449215,113.75,250
1719463449474,113.45,50
1719463450385,114.15,25
1719463450385,114.15,25
1719463451571,113.8,25
1719463452435,113.85,25
1719463452647,114.25,100
1719463453661,114.0,25
1719463454162,114.1,25
1719463454597,114.35,50
1719463455744,114.8,25
1719463455819,114.6,25
1719463456104,114.75,200
1719463456104,114.75,200
1719463457856,114.85,100
1719463458386,114.25,100
1719463459260,113.8,25
1719463459744,113.75,25
1719463460611,113.9,75
1719463460863,113.2,200
1719463461759,113.0,25
1719463461826,113.2,50
1719463461826,113.2,50
1719463463750,113.95,75
1719463464280,114.0,25
1719463464838,113.85,25
1719463465721,113.85,25
1719463466751,113.4,25
1719463467483,113.6,25
1719463467623,113.65,25
1719463468203,114.25,50
1719463468777,114.2,25
1719463469756,114.05,25
1719463470563,115.15,25
1719463470563,115.15,25
1719463472064,115.4,100
1719463472273,115.4,50
1719463472602,115.75,25
1719463473336,115.85,250
1719463474176,116.2,100
1719463474770,115.8,25
1719463475486,115.8,25
1719463475784,115.75,25
1719463476765,115.8,100
1719463477172,115.85,175
1719463477522,115.7,50
1719463478902,114.65,100
1719463479210,114.5,25
1719463479544,114.75,25
1719463479544,114.75,25
1719463481328,114.35,75
1719463481531,113.95,25
1719463482304,114.15,25
1719463482304,114.15,25
1719463483482,113.3,100
1719463483482,113.3,100
1719463484417,113.65,25
1719463485676,113.5,25
1719463485787,113.65,25
1719463486109,113.6,100
1719463487439,113.45,25
1719463487439,113.45,25
1719463487439,113.45,25
1719463489537,113.35,50
1719463489901,113.75,25
1719463490223,113.6,25
1719463490783,113.6,25
1719463491448,113.0,25
1719463491952,113.25,25
1719463491952,113.25,25
1719463493497,113.45,50
1719463494151,113.45,25
1719463494745,113.35,25
1719463495452,112.95,25
1719463495826,113.3,25
1719463496113,113.05,100
1719463497078,113.15,25
1719463497566,113.25,25
1719463498904,113.25,100
1719463499125,113.05,25
1719463499466,113.2,25
1719463500113,113.5,50
1719463500820,113.65,100
1719463501587,113.5,25
1719463502147,113.3,200
1719463502147,113.3,200
1719463503946,113.15,25
1719463503946,113.15,25
1719463505204,113.6,25
1719463505909,112.35,25
1719463505909,112.35,25
1719463506141,111.9,75
1719463507193,111.9,25
1719463507627,112.7,25
1719463508770,113.05,100
1719463509200,113.3,50
1719463509980,113.05,25
1719463510425,112.85,25
1719463510425,112.85,25
1719463511526,112.15,25
1719463512501,111.55,25
1719463512718,112.15,175
1719463513670,112.55,100
1719463514336,112.45,150
1719463514336,112.45,150
1719463515243,112.0,25
1719463516648,111.5,50
1719463516648,111.5,50
1719463518002,112.25,50
1719463518905,111.65,50
1719463519105,112.1,50
1719463519473,112.05,100
1719463519903,112.65,25
1719463519903,112.65,25
1719463521872,113.35,25
1719463522518,113.2,25
1719463522586,113.25,125
1719463522586,113.25,125
1719463524485,114.05,50
1719463524670,114.15,50
1719463525484,114.4,25
1719463525484,114.4,25
1719463526632,114.2,25
1719463526632,114.2,25
1719463528308,114.55,25
1719463528532,114.4,25
1719463529312,114.45,25
1719463529312,114.45,25
1719463530950,115.15,25
1719463531151,115.45,100
1719463531747,115.2,25
1719463531815,115.2,25
1719463532708,115.75,50
1719463533303,115.35,125
1719463533927,115.3,75
1719463534772,115.4,25
1719463535522,115.55,625
1719463535890,115.85,50
1719463536172,115.9,100
1719463537116,116.4,75
1719463537892,116.6,200
1719463538722,116.75,125
1719463538866,116.25,100
1719463538866,116.25,100
1719463540722,116.4,50
1719463540869,116.55,50
1719463541728,116.0,450
1719463542599,116.25,25
1719463542599,116.25,25
1719463543791,116.35,50
1719463544392,116.3,50
1719463544652,116.35,125
1719463544978,116.65,25
1719463545973,116.5,50
1719463546586,116.85,200
1719463546586,116.85,200
1719463547975,117.0,25
1719463548666,117.05,25
1719463548666,117.05,25
1719463549741,117.95,25
1719463550788,118.05,100
1719463550788,118.05,100
1719463551343,118.0,375
1719463551343,118.0,375
1719463552932,117.5,25
1719463553678,117.5,25
1719463554319,116.85,25
1719463554609,116.5,200
1719463555618,116.65,50
1719463555618,116.65,50
1719463556816,116.55,50
1719463557490,116.55,25
1719463557490,116.55,25
1719463558468,116.7,25
1719463559180,116.7,50
1719463559180,116.7,50
1719463560666,116.55,125
1719463560666,116.55,125
1719463561782,116.4,25
1719463562526,116.45,150
1719463562878,116.7,100
1719463563609,116.6,25
1719463564104,116.0,25
1719463564104,116.0,25
1719463564104,116.0,25
1719463564104,116.0,25
1719463568191,115.7,125
1719463569011,115.55,250
1719463569011,115.55,250
1719463569687,115.4,25
1719463570686,115.1,200
1719463570935,115.0,25
1719463571829,115.7,100
1719463572235,115.8,50
1719463572827,115.5,25
1719463573333,114.9,50
1719463573899,114.95,100
1719463573899,114.95,100
1719463575508,115.45,100
1719463576011,115.25,25
1719463576764,115.25,100
1719463576764,115.25,100
1719463578117,115.25,25
1719463578239,115.2,100
1719463579276,114.8,50
1719463579534,115.0,100
1719463580800,114.85,100
1719463580800,114.85,100
1719463581933,114.45,75
1719463582549,114.15,25
1719463582737,114.05,25
1719463583586,114.0,25
1719463583586,114.0,25
1719463584718,113.55,50
1719463585735,113.65,25
1719463585956,113.75,50
1719463586596,114.05,225
1719463587082,114.4,100
1719463587726,114.3,25
1719463587887,114.35,50
1719463589190,114.05,25
1719463589733,114.5,100
1719463589940,114.25,25
1719463589940,114.25,25
1719463591501,114.3,25
1719463591501,114.3,25
1719463593571,114.35,200
1719463593794,114.3,50
1719463593794,114.3,50
1719463594691,113.85,50
1719463595829,114.1,25
1719463595829,114.1,25
1719463595829,114.1,25
1719463597423,114.15,25
1719463597423,114.15,25
1719463599102,113.45,25
1719463599312,113.75,150
1719463599312,113.75,150
1719463600849,113.7,25
1719463600849,113.7,25
1719463601211,113.4,50
1719463602498,113.9,50
1719463602773,114.1,100
1719463603913,115.25,100
1719463604387,115.55,100
1719463604387,115.55,100
1719463605692,116.35,25
1719463605692,116.35,25
1719463606349,116.3,25
1719463607600,116.2,25
1719463607600,116.2,25
1719463609010,116.05,25
1719463609339,115.5,25
1719463609533,115.6,25
1719463611087,115.35,125
1719463611087,115.35,125
1719463612171,115.35,200
1719463612171,115.35,200
1719463612955,115.55,50
1719463614186,115.45,75
1719463614501,115.5,75
1719463614501,115.5,75
1719463615321,115.6,25
1719463616109,115.45,150
1719463616109,115.45,150
1719463616917,115.65,25
1719463619016,115.35,50
1719463619016,115.35,50
1719463620040,115.0,25
1719463620727,115.15,25
1719463620727,115.15,25
1719463620727,115.15,25
1719463621227,114.7,25
1719463622243,114.25,100
1719463622243,114.25,100
1719463623781,114.25,100
1719463624055,114.3,75
1719463624055,114.3,75
1719463625576,114.0,150
1719463626060,113.95,200
1719463626829,114.25,100
1719463627604,114.15,100
1719463627971,114.1,150
1719463627971,114.1,150
1719463629720,114.75,25
1719463630474,115.0,25
1719463630474,115.0,25
1719463631754,114.95,100
1719463631754,114.95,100
1719463633061,114.6,100
1719463633726,115.2,25
1719463634449,114.9,100
1719463634449,114.9,100
1719463635803,114.95,50
1719463635803,114.95,50
1719463637032,115.6,25
1719463637296,115.6,175
1719463637980,115.55,50
1719463638282,115.3,25
1719463639290,115.35,100
1719463639290,115.35,100
1719463640614,115.75,100
1719463641103,116.15,50
1719463641541,116.2,25
1719463642428,116.3,25
1719463643826,116.15,650
1719463644145,116.4,75
1719463644145,116.4,75
1719463645737,116.65,25
1719463645903,116.45,25
1719463646735,116.3,25
1719463646735,116.3,25
1719463649405,115.2,25
1719463649405,115.2,25
1719463649711,115.0,25
1719463650266,115.15,150
1719463650266,115.15,150
1719463651151,115.45,25
1719463651151,115.45,25
1719463652703,115.3,50
1719463652703,115.3,50
1719463653842,115.05,50
1719463654458,114.4,50
1719463654770,114.4,150
1719463656138,114.35,50
1719463656138,114.35,50
1719463656455,114.3,50
1719463657182,114.4,200
1719463658141,114.0,175
1719463658141,114.0,175
1719463660030,114.45,150
1719463660819,114.05,50
1719463660819,114.05,50
1719463661226,114.25,25
1719463661226,114.25,25
1719463663057,113.8,200
1719463663663,114.05,175
1719463664305,114.2,25
1719463664713,113.7,25
1719463665728,113.75,25
1719463666169,113.55,50
1719463666634,114.0,25
1719463667640,114.15,25
1719463667640,114.15,25
1719463668821,113.1,75
1719463669500,113.5,25
1719463669500,113.5,25
1719463670794,114.3,375
1719463670794,114.3,375
1719463671905,114.4,25
1719463671905,114.4,25
1719463673452,114.7,25
1719463674214,115.4,25
1719463674326,115.95,25
1719463674326,115.95,25
1719463675539,114.35,100
1719463675539,114.35,100
1719463675539,114.35,100
1719463677902,114.7,25
1719463678438,114.55,250
1719463678438,114.55,250
1719463680032,114.2,25
1719463680640,114.35,200
1719463680640,114.35,200
1719463681665,114.35,50
1719463682521,114.4,225
1719463682521,114.4,225
1719463683924,114.55,25
1719463684511,114.25,25
1719463684511,114.25,25
1719463685569,114.4,125
1719463686115,114.55,25
1719463686861,114.7,25
1719463687682,114.45,25
1719463688812,114.45,125
1719463689545,114.2,25
1719463689545,114.2,25
1719463690274,114.75,325
1719463690274,114.75,325
1719463692288,114.4,25
1719463692679,114.2,25
1719463692679,114.2,25
1719463693398,114.3,25
1719463694394,114.3,25
1719463694867,114.25,250
1719463695691,114.5,25
1719463696028,113.5,375
1719463696028,113.5,375
1719463697836,114.7,75
1719463698780,115.2,75
1719463699391,115.35,25
1719463699391,115.35,25
1719463700524,115.1,25
1719463701209,115.15,25
1719463702088,115.2,25
1719463702869,115.05,25
1719463703887,114.7,100
1719463704609,114.9,25
1719463704609,114.9,25
1719463705355,115.0,50
1719463705355,115.0,50
1719463706470,114.8,300
1719463707166,114.95,25
1719463707166,114.95,25
1719463709249,115.05,25
1719463709249,115.05,25
1719463709760,114.65,275
1719463710804,114.85,75
1719463711088,115.15,50
1719463711726,115.35,100
1719463712258,116.0,300
1719463713018,116.0,25
1719463713645,116.0,25
1719463714651,115.7,25
1719463714861,115.65,25
1719463715283,115.3,25
1719463716006,115.7,25
1719463716788,116.25,25
1719463717438,116.35,75
1719463717438,116.35,75
1719463718660,116.35,25
1719463719546,116.45,150
1719463719546,116.45,150
1719463720249,117.05,25
1719463720249,117.05,25
1719463722027,117.05,25
1719463722378,117.15,50
1719463723420,117.05,100
1719463724637,117.05,25
1719463724896,117.0,25
1719463725342,116.85,125
1719463725342,116.85,125
1719463726443,116.45,350
1719463727693,116.1,50
1719463728809,115.75,100
1719463729060,115.7,75
1719463729771,115.4,25
1719463730334,115.3,300
1719463730334,115.3,300
1719463731986,115.3,25
1719463732434,115.55,50
1719463732434,115.55,50
1719463733646,115.35,150
1719463733646,115.35,150
1719463734907,115.2,400
1719463735716,115.35,275
1719463735716,115.35,275
1719463736455,115.7,150
1719463736455,115.7,150
1719463739152,115.8,75
1719463739152,115.8,75
1719463740237,115.55,25
1719463740895,116.0,225
1719463741259,115.8,50
1719463741620,115.95,200
1719463741620,115.95,200
1719463743142,115.85,25
1719463744151,115.3,25
1719463744420,115.3,25
1719463744420,115.3,25
1719463745493,115.45,25
1719463746175,115.85,50
1719463746621,115.6,200
1719463746621,115.6,200
1719463748888,115.9,100
1719463749189,115.8,25
1719463749189,115.8,25
1719463750814,115.65,25
1719463751200,115.55,25
1719463751960,116.25,25
1719463752861,116.25,150
1719463753623,116.45,25
1719463753623,116.45,25
1719463755475,116.15,25
1719463755632,116.15,25
1719463756009,116.0,75
1719463756551,116.15,25
1719463757558,116.5,75
1719463758909,116.65,75
1719463759503,116.85,75
1719463759900,116.95,50
1719463761045,117.45,75
1719463761045,117.45,75
1719463761676,117.2,50
1719463762474,117.0,50
1719463763606,117.5,100
1719463763606,117.5,100
1719463766312,116.15,75
1719463766798,116.15,25
1719463767762,115.7,50
1719463767762,115.7,50
1719463768626,115.95,25
1719463768626,115.95,25
1719463769809,116.3,25
1719463770238,116.1,25
1719463770238,116.1,25
1719463770238,116.1,25
1719463773077,115.8,50
1719463773732,115.9,25
1719463774492,116.55,25
1719463774912,116.4,50
1719463776247,116.9,50
1719463776987,117.45,150
1719463777862,116.9,25
1719463779017,117.15,25
1719463779017,117.15,25
1719463781268,116.15,75
1719463781875,116.35,50
1719463781875,116.35,50
1719463783223,116.2,25
1719463783223,116.2,25
1719463785139,116.6,25
1719463785754,116.6,25
1719463785754,116.6,25
1719463785754,116.6,25
1719463788220,116.2,25
1719463789363,116.25,300
1719463790116,116.55,25
1719463790385,116.4,275
1719463790385,116.4,275
1719463791740,116.85,150
1719463791740,116.85,150
1719463793614,116.75,75
1719463794468,116.85,200
1719463794468,116.85,200
1719463795762,116.7,200
1719463795762,116.7,200
1719463796772,116.85,25
1719463797597,116.55,25
1719463798377,116.75,25
1719463798377,116.75,25
1719463799810,116.55,25
1719463800794,116.05,250
1719463800794,116.05,250
1719463801822,116.45,500
1719463802751,116.1,75
1719463803568,115.7,25
1719463804328,116.3,50
1719463804328,116.3,50
1719463805163,116.05,50
1719463805163,116.05,50
1719463806604,115.5,25
1719463807560,116.05,25
1719463808864,116.0,325
1719463808864,116.0,325
1719463810555,116.35,25
1719463810948,117.0,200
1719463810983,116.7,300
1719463811740,116.85,25
1719463811983,116.4,200
1719463813945,117.65,125
1719463814437,117.85,200
1719463815112,117.85,25
1719463815554,117.85,25
1719463815554,117.85,25
1719463817484,117.05,325
1719463817484,117.05,325
1719463818084,117.3,25
1719463818606,116.7,75
1719463819539,117.15,25
1719463819539,117.15,25
1719463820287,116.65,50
1719463820287,116.65,50
1719463820287,116.65,50
1719463823355,117.4,25
1719463823926,117.6,125
1719463823926,117.6,125
1719463825086,117.65,250
1719463825226,117.5,25
1719463826184,117.3,125
1719463826184,117.3,125
1719463827430,117.0,50
1719463827430,117.0,50
1719463828890,116.4,25
1719463829907,116.2,25
1719463830082,116.1,25
1719463830082,116.1,25
1719463832655,117.05,25
1719463832655,117.05,25
1719463833293,116.9,25
1719463833906,116.7,125
1719463833906,116.7,125
1719463834850,116.7,25
1719463835931,116.85,25
1719463835931,116.85,25
1719463837326,116.25,25
1719463837755,116.2,75
1719463838910,116.6,375
1719463839624,116.4,75
1719463839624,116.4,75
1719463840847,116.0,25
1719463840847,116.0,25
1719463842299,115.95,50
1719463842951,116.0,50
1719463842951,116.0,50
1719463844035,115.55,50
1719463844640,115.65,25
1719463844640,115.65,25
1719463845933,115.9,25
1719463845933,115.9,25
1719463846895,115.7,25
1719463847767,116.1,125
1719463848251,116.15,25
1719463849836,115.6,275
1719463849836,115.6,275
1719463850283,115.65,25
1719463850283,115.65,25
1719463852163,115.75,100
1719463852163,115.75,100
1719463853436,115.6,100
1719463853698,115.55,25
1719463854443,115.25,25
1719463855574,115.45,25
1719463855574,115.45,25
1719463857792,115.6,75
1719463857792,115.6,75
1719463859050,116.6,50
1719463859439,116.7,25
1719463859439,116.7,25
1719463860660,117.0,50
1719463860660,117.0,50
1719463861411,116.6,25
1719463861560,116.8,25
1719463862277,116.75,175
1719463863155,116.9,25
1719463863339,116.75,25
1719463864660,116.9,25
1719463864660,116.9,25
1719463866195,116.3,25
1719463866195,116.3,25
1719463866950,116.35,25
1719463867342,116.45,25
1719463867342,116.45,25
1719463868793,116.25,50
1719463868793,116.25,50
1719463870333,116.9,25
1719463870333,116.9,25
1719463871819,117.0,25
1719463872290,116.85,100
1719463872290,116.85,100
1719463873680,117.05,75
1719463874387,117.0,25
1719463874387,117.0,25
1719463875659,116.15,25
1719463875659,116.15,25
1719463876616,116.0,50
1719463876616,116.0,50
1719463878479,116.9,250
1719463878707,116.85,325
1719463879571,116.65,25
1719463879571,116.65,25
1719463880946,117.1,125
1719463880946,117.1,125
1719463881893,117.0,250
1719463882539,117.5,75
1719463882539,117.5,75
1719463883596,117.7,25
1719463883596,117.7,25
1719463885044,117.8,25
1719463885451,117.5,25
1719463886085,117.5,175
1719463886085,117.5,175
1719463887033,117.85,50
1719463888110,117.7,25
1719463889101,117.5,25
1719463889530,117.2,25
1719463889530,117.2,25
1719463890446,117.35,50
1719463890446,117.35,50
1719463891513,117.3,25
1719463891513,117.3,25
1719463892965,116.95,50
1719463892965,116.95,50
1719463894156,117.0,125
1719463894539,116.95,100
1719463895067,116.7,25
1719463895578,116.2,25
1719463895578,116.2,25
1719463895578,116.2,25
1719463898806,116.25,50
1719463899782,116.35,150
1719463899782,116.35,150
1719463900763,116.6,25
1719463901371,116.8,25
1719463901958,117.0,150
1719463902667,117.5,25
1719463902667,117.5,25
1719463903884,117.3,25
1719463903884,117.3,25
1719463906207,116.85,125
1719463906207,116.85,125
1719463906678,117.05,25
1719463907876,117.3,25
1719463907876,117.3,25
1719463908420,117.15,25
1719463909488,117.15,500
1719463910779,117.35,100
1719463910779,117.35,100
1719463911880,116.85,25
1719463911880,116.85,25
1719463914455,117.45,25
1719463914719,117.75,50
1719463914719,117.75,50
1719463916224,117.25,1250
1719463916224,117.25,1250
1719463916224,117.25,1250
1719463918091,117.3,225
1719463918335,117.15,300
1719463919348,117.2,25
1719463920672,116.85,25
1719463920672,116.85,25
1719463921532,116.4,25
1719463921570,116.4,150
1719463922528,116.85,150
1719463922528,116.85,150
1719463923415,116.8,25
1719463924810,116.7,25
1719463925629,116.45,25
1719463926406,116.9,25
1719463926406,116.9,25
1719463927658,116.8,175
1719463927658,116.8,175
1719463928915,116.5,25
1719463929646,116.6,50
1719463929646,116.6,50
1719463930239,116.85,50
1719463931518,116.8,25
1719463931518,116.8,25
1719463932890,117.0,25
1719463932890,117.0,25
1719463933825,117.2,125
1719463935012,117.6,25
1719463936078,118.25,100
1719463936547,117.3,25
1719463936547,117.3,25
1719463937398,116.75,100
1719463937398,116.75,100
1719463938591,117.2,25
1719463938591,117.2,25
1719463940531,116.95,25
1719463941102,116.85,25
1719463941434,116.5,1000
1719463941434,116.5,1000
1719463943025,116.9,25
1719463943025,116.9,25
1719463943570,116.95,25
1719463944500,116.3,50
1719463944500,116.3,50
1719463944500,116.3,50
1719463948040,116.7,25
1719463948639,116.75,100
1719463949647,116.55,25
1719463950925,116.4,25
1719463950925,116.4,25
1719463950925,116.4,25
1719463952414,116.1,25
1719463953225,116.5,25
1719463954509,116.5,25
1719463954770,116.5,25
1719463955998,115.85,1150
1719463956602,115.65,25
1719463957074,115.4,25
1719463957944,115.95,25
1719463958120,116.0,100
1719463958633,115.6,25
1719463959395,115.55,225
1719463959395,115.55,225
1719463960875,115.4,25
1719463960875,115.4,25
1719463961904,115.0,100
1719463963109,115.15,25
1719463963999,115.0,425
1719463964308,115.0,25
1719463965891,115.5,25
1719463965891,115.5,25
1719463966897,116.0,75
1719463966897,116.0,75
1719463968739,116.15,175
1719463969062,116.1,300
1719463969491,116.0,75
1719463970218,116.0,25
1719463970218,116.0,25
1719463972006,115.45,25
1719463972776,115.85,125
1719463972776,115.85,125
1719463974220,115.55,100
1719463974220,115.55,100
1719463975551,115.7,25
1719463975551,115.7,25
1719463976793,115.7,50
1719463977370,115.55,25
1719463977370,115.55,25
1719463978401,115.8,125
1719463979601,116.15,50
1719463979601,116.15,50
1719463979601,116.15,50
1719463981236,116.35,225
1719463981236,116.35,225
1719463981236,116.35,225
1719463984006,115.9,25
1719463984582,115.7,125
1719463986454,115.95,325
1719463987688,115.65,50
1719463987688,115.65,50
1719463987688,115.65,50
1719463990158,115.85,200
1719463990158,115.85,200
1719463992821,116.0,25
1719463993212,115.55,250
1719463993212,115.55,250
1719463993612,115.5,100
1719463994984,115.5,150
1719463994984,115.5,150
1719463996081,115.65,25
1719463996339,115.75,25
1719463996799,115.65,25
1719463997359,115.4,25
1719463998302,115.6,25
1719463999070,115.35,50
1719463999849,115.3,25
1719464000701,114.4,25
1719464000701,114.4,25
1719464001995,114.75,100
1719464002969,115.2,100
1719464002969,115.2,100
1719464004379,114.75,25
1719464004684,114.3,25
1719464004684,114.3,25
1719464004684,114.3,25
1719464006752,114.5,50
1719464008492,114.15,50
1719464008492,114.15,50
1719464008790,114.3,25
1719464009725,114.3,100
1719464010781,114.35,25
1719464011073,114.45,25
1719464011380,114.15,25
1719464011730,114.1,175
1719464011730,114.1,175
1719464013833,113.95,25
1719464014596,113.65,25
1719464014596,113.65,25
1719464016310,113.75,75
1719464016310,113.75,75
1719464016990,113.65,25
1719464017770,114.45,50
1719464017770,114.45,50
1719464019344,114.2,25
1719464019921,114.45,150
1719464020938,114.5,25
1719464021496,115.2,100
1719464022189,115.0,100
1719464022614,115.2,50
1719464022614,115.2,50
1719464023592,115.35,350
1719464025037,114.75,100
1719464025037,114.75,100
1719464026052,114.45,25
1719464026577,114.3,25
1719464026577,114.3,25
1719464028428,113.9,150
1719464028428,113.9,150
1719464030381,114.2,25
1719464031127,114.25,25
1719464031127,114.25,25
1719464031127,114.25,25
1719464032682,114.0,100
1719464032682,114.0,100
1719464033962,113.6,150
1719464033962,113.6,150
1719464035631,113.7,25
1719464036566,113.2,25
1719464036832,113.15,75
1719464037696,113.65,125
1719464037696,113.65,125
1719464039078,113.0,25
1719464039865,113.0,25
1719464040635,112.95,50
1719464040635,112.95,50
1719464041750,112.85,50
1719464041750,112.85,50
1719464042623,113.0,25
1719464042623,113.0,25
1719464044683,112.5,100
1719464044728,112.0,50
1719464044728,112.0,50
1719464046971,112.45,25
1719464046971,112.45,25
1719464049007,112.6,25
1719464049007,112.6,25
1719464050484,112.5,25
1719464050831,112.5,25
1719464050831,112.5,25
1719464052357,112.5,25
1719464053100,112.4,25
1719464053100,112.4,25
1719464053100,112.4,25
1719464054734,113.0,400
1719464055724,113.5,25
1719464055724,113.5,25
1719464057180,114.0,100
1719464057494,114.3,25
1719464057494,114.3,25
1719464058701,113.65,25
1719464059964,113.7,25
1719464059964,113.7,25
1719464060560,113.05,25
1719464060560,113.05,25
1719464062301,113.15,25
1719464062301,113.15,25
1719464064613,112.0,25
1719464064757,112.35,300
1719464064757,112.35,300
1719464065626,112.7,50
1719464065626,112.7,50
1719464065626,112.7,50
1719464068581,112.8,100
1719464069133,112.3,300
1719464070135,112.4,25
1719464070808,112.95,25
1719464070808,112.95,25
1719464071616,112.7,125
1719464071616,112.7,125
1719464072552,112.7,25
1719464072552,112.7,25
1719464074051,112.6,25
1719464074051,112.6,25
1719464075568,112.55,25
1719464075923,112.5,75
1719464076785,112.4,25
1719464076785,112.4,25
1719464077898,112.65,25
1719464078291,112.25,25
1719464079093,112.2,100
1719464080158,112.0,25
1719464080158,112.0,25
1719464080385,111.65,25
1719464081736,112.35,25
1719464082017,112.3,50
1719464082962,112.0,50
1719464082962,112.0,50
1719464084366,111.5,25
1719464085169,111.8,50
1719464085620,111.55,75
1719464086329,111.55,50
1719464086329,111.55,50
1719464088343,111.15,175
1719464089373,111.35,25
1719464089540,111.45,150
1719464089540,111.45,150
1719464090659,111.4,25
1719464090659,111.4,25
1719464092267,112.0,25
1719464093048,112.7,25
1719464093048,112.7,25
1719464093863,112.85,100
1719464094891,114.0,150
1719464094891,114.0,150
1719464095468,113.2,25
1719464096760,113.45,25
1719464096760,113.45,25
1719464098322,113.55,25
1719464098322,113.55,25
1719464099041,113.0,25
1719464099503,113.0,100
1719464100803,113.1,25
1719464100803,113.1,25
1719464101822,113.2,25
1719464101822,113.2,25
1719464103017,113.25,100
1719464103017,113.25,100
1719464105167,113.25,25
1719464105776,113.1,150
1719464106571,113.2,25
1719464107325,112.85,25
1719464107325,112.85,25
1719464108289,113.35,175
1719464108289,113.35,175
1719464109736,112.85,25
1719464110901,113.25,75
1719464111616,113.15,50
1719464111616,113.15,50
1719464112558,113.25,50
1719464112558,113.25,50
1719464113951,112.8,25
1719464114604,112.75,25
1719464114604,112.75,25
1719464114604,112.75,25
1719464117527,113.15,100
1719464117527,113.15,100
1719464119319,113.2,225
1719464119699,113.6,25
1719464120896,113.8,50
1719464120896,113.8,50
1719464122237,113.45,25
1719464123126,113.85,125
1719464123381,113.7,25
1719464123381,113.7,25
1719464123381,113.7,25
1719464125825,113.75,25
1719464125825,113.75,25
1719464127838,113.7,25
1719464128096,113.55,25
1719464128096,113.55,25
1719464129107,113.6,25
1719464129872,113.65,25
1719464129872,113.65,25
1719464129872,113.65,25
1719464131045,113.8,25
1719464131241,113.8,50
1719464131986,113.6,75
1719464132928,113.3,50
1719464133402,113.0,25
1719464133964,112.9,25
1719464133964,112.9,25
1719464135190,112.9,100
1719464136153,112.8,25
1719464136153,112.8,25
1719464136153,112.8,25
1719464138119,112.85,25
1719464138119,112.85,25
1719464139082,112.25,25
1719464140119,112.2,25
1719464140966,112.5,25
1719464141171,112.4,75
1719464141171,112.4,75
1719464142917,113.05,25
1719464142917,113.05,25
1719464144214,113.9,25
1719464144433,113.6,100
1719464145152,114.0,100
1719464145152,114.0,100
1719464146842,113.5,25
1719464147099,113.9,25
1719464147319,113.9,100
1719464147319,113.9,100
1719464148703,114.0,25
1719464149745,113.9,25
1719464150746,113.85,25
1719464151683,113.4,25
1719464152119,113.9,50
1719464153095,113.55,25
1719464153095,113.55,25
1719464154103,113.4,150
1719464155104,113.0,25
1719464155104,113.0,25
1719464155784,112.65,25
1719464156743,112.7,100
1719464157064,112.8,25
1719464158141,113.15,50
1719464158457,113.2,100
1719464158457,113.2,100
1719464159968,113.05,25
1719464160251,113.2,25
1719464160251,113.2,25
1719464161118,113.25,25
1719464161806,113.0,25
1719464162095,113.0,25
1719464162095,113.0,25
1719464163784,113.6,50
1719464164024,113.55,25
1719464164785,114.0,250
1719464166095,114.0,25
1719464166776,113.75,25
1719464166776,113.75,25
1719464167843,113.95,75
1719464168540,114.0,125
1719464169137,114.15,25
1719464169260,114.3,75
1719464170349,114.15,400
1719464171149,114.25,50
1719464171518,114.65,25
1719464171518,114.65,25
1719464173245,114.7,100
1719464173468,115.1,25
1719464173796,114.4,25
1719464175163,114.3,25
1719464175163,114.3,25
1719464175878,113.75,75
1719464176678,113.35,50
1719464177166,113.5,25
1719464177768,113.6,25
1719464178418,113.55,500
1719464179044,113.6,50
1719464179990,113.75,25
1719464179990,113.75,25
1719464180989,114.7,25
1719464181771,114.5,50
1719464181771,114.5,50
1719464183185,114.55,75
1719464183326,114.6,25
1719464183810,114.45,25
1719464183810,114.45,25
1719464185747,114.6,50
1719464185925,114.6,25
1719464185925,114.6,25
1719464186983,114.8,275
1719464188141,114.45,25
1719464188493,114.0,25
1719464188826,113.9,25
1719464189985,114.3,25
1719464189985,114.3,25
1719464189985,114.3,25
1719464191619,113.55,25
1719464191619,113.55,25
1719464192249,113.95,50
1719464192725,114.0,50
1719464193365,113.85,25
1719464193365,113.85,25
1719464195172,114.6,25
1719464195172,114.6,25
1719464196067,114.4,25
1719464196559,115.0,25
1719464196559,115.0,25
1719464198144,114.65,150
1719464198235,114.65,25
1719464198952,114.9,25
1719464200023,114.6,50
1719464200023,114.6,50
1719464201012,113.9,25
1719464201965,113.75,25
1719464201965,113.75,25
1719464203059,113.6,25
1719464203574,113.6,75
1719464203880,113.9,50
1719464205173,114.15,100
1719464205368,113.85,75
1719464205932,114.0,25
1719464206772,114.1,25
1719464207029,114.15,25
1719464207834,114.4,25
1719464207834,114.4,25
1719464209024,114.3,250
1719464210155,114.7,25
1719464210225,115.0,250
1719464210512,114.95,75
1719464211753,114.7,25
1719464212054,115.1,25
1719464213108,114.65,50
1719464213466,114.7,75
1719464214063,114.55,50
1719464214331,114.65,100
1719464215222,114.9,375
1719464215222,114.9,375
1719464215222,114.9,375
1719464217754,115.0,25
1719464217754,115.0,25
1719464218746,115.1,75
1719464219077,116.0,25
1719464220261,116.2,25
1719464220399,116.65,200
1719464220912,116.6,100
1719464220968,116.05,150
1719464221440,116.4,50
1719464221440,116.4,50
1719464222609,116.2,25
1719464222609,116.2,25
1719464224848,116.35,75
1719464224848,116.35,75
1719464226068,117.0,75
1719464226826,117.2,50
1719464226826,117.2,50
1719464228325,117.5,25
1719464228519,117.45,25
1719464228810,117.8,25
1719464229720,118.1,125
1719464230328,118.25,25
1719464231187,118.4,25
1719464231764,118.35,25
1719464231848,118.1,25
1719464233104,117.45,25
1719464233104,117.45,25
1719464234223,118.6,25
1719464234893,118.4,25
1719464236086,118.25,25
1719464236682,118.75,375
1719464237392,118.0,25
1719464238335,118.8,25
1719464238335,118.8,25
1719464239062,118.6,25
1719464240092,118.7,100
1719464241081,118.35,50
1719464241302,118.4,125
1719464242229,118.1,25
1719464243046,118.15,25
1719464243430,118.2,25
1719464243920,118.1,25
1719464244981,118.3,25
1719464245292,118.6,25
1719464246128,118.6,25
1719464246828,119.2,25
1719464247283,119.75,25
1719464248400,119.9,50
1719464248655,120.0,825
1719464249074,120.55,25
1719464250189,120.25,50
1719464250592,119.35,25
1719464250935,120.0,500
1719464251369,120.3,25
1719464251848,120.4,150
1719464252523,120.95,175
1719464253170,121.0,25
1719464253425,121.0,50
1719464254190,121.35,75
1719464255213,120.95,75
1719464256184,121.1,25
1719464256813,120.75,200
1719464257093,120.75,100
1719464258033,121.0,200
1719464258647,121.15,50
1719464259206,121.1,50
1719464260138,120.2,100
1719464260138,120.2,100
1719464261142,120.35,75
1719464261655,120.6,50
1719464261655,120.6,50
1719464263073,121.1,200
1719464263433,121.65,25
1719464263996,121.4,100
1719464265047,121.35,50
1719464265257,121.4,25
1719464266013,121.4,25
1719464266313,121.65,25
1719464266313,121.65,25
1719464267995,121.15,450
1719464268627,120.95,25
1719464269217,121.35,25
1719464269918,121.55,50
1719464270368,121.3,25
1719464270702,120.3,75
1719464271869,121.5,50
1719464272347,120.2,25
1719464273232,121.0,25
1719464273638,121.0,300
1719464274073,120.65,175
1719464275202,120.5,25
1719464275868,120.85,25
1719464276817,121.6,200
1719464277031,121.35,25
1719464278183,121.1,50
1719464278183,121.1,50
1719464279072,120.75,25
1719464279923,119.95,75
1719464280255,120.15,25
1719464280910,120.65,25
1719464281125,120.7,25
1719464281718,121.2,100
1719464282076,121.6,125
1719464282505,121.15,175
1719464283586,121.55,250
1719464283586,121.55,250
1719464284755,121.3,250
1719464286204,121.15,75
1719464286204,121.15,75
1719464287025,121.0,75
1719464287982,120.8,25
1719464287982,120.8,25
1719464288911,121.05,25
1719464289721,120.85,75
1719464291416,121.6,50
1719464291790,122.0,25
1719464292609,123.05,25
1719464293130,122.95,25
1719464293130,122.95,25
1719464294238,122.35,25
1719464295287,122.7,75
1719464295554,122.3,125
1719464296391,122.45,25
1719464297230,121.8,25
1719464298380,122.15,25
1719464298884,122.1,25
1719464300310,121.8,50
1719464301342,121.85,300
1719464301778,121.85,25
1719464302170,121.75,100
1719464303400,121.95,25
1719464303400,121.95,25
1719464304125,121.9,25
1719464305210,122.45,125
1719464305291,122.75,25
1719464306053,122.05,25
1719464306844,121.7,25
1719464307030,121.65,25
1719464308223,122.45,25
1719464308223,122.45,25
1719464309065,122.8,25
1719464310323,123.45,75
1719464310323,123.45,75
1719464310323,123.45,75
1719464311211,123.75,75
1719464311930,123.55,50
1719464312013,123.8,25
1719464313368,123.35,25
1719464314424,124.95,25
1719464315153,124.25,25
1719464316050,124.9,50
1719464316946,125.0,325
1719464317216,125.0,50
1719464318617,124.5,225
1719464319234,124.55,100
1719464319891,125.35,25
1719464319891,125.35,25
1719464321262,125.0,25
1719464321846,125.75,25
1719464322065,125.7,25
1719464323247,125.2,25
1719464323538,125.95,125
1719464324136,125.9,425
1719464325370,125.45,25
1719464326420,125.5,25
1719464326783,125.2,150
1719464327246,125.0,25
1719464328133,124.0,850
1719464328308,124.0,150
1719464329083,123.45,25
1719464330099,122.9,50
1719464330362,123.25,50
1719464331254,124.25,300
1719464331802,124.25,25
1719464332252,124.35,50
1719464333201,124.55,25
1719464333201,124.55,25
1719464333945,124.95,150
1719464335265,124.85,50
1719464335265,124.85,50
1719464335504,124.7,25
1719464336428,124.8,25
1719464336428,124.8,25
1719464337448,124.75,50
1719464337448,124.75,50
1719464339388,124.75,75
1719464340028,124.5,50
1719464340569,125.0,25
1719464340569,125.0,25
1719464341971,124.95,350
1719464341971,124.95,350
1719464342561,124.85,25
1719464343511,124.45,25
1719464344055,124.7,200
1719464345474,124.75,50
1719464346141,124.95,25
1719464346871,125.55,25
1719464346871,125.55,25
1719464347624,125.45,25
1719464348546,125.3,50
1719464349070,125.0,275
1719464350341,125.35,25
1719464350427,125.25,100
1719464351269,125.2,50
1719464351963,125.0,25
1719464352226,125.3,25
1719464353588,124.9,25
1719464353926,124.5,50
1719464355140,124.45,25
1719464355140,124.45,25
1719464356115,125.0,50
1719464356749,124.6,175
1719464357057,124.3,25
1719464357940,124.8,50
1719464358557,124.35,50
1719464359484,124.55,25
1719464360225,124.65,25
1719464360345,125.1,25
1719464361165,125.15,25
1719464362018,125.8,25
1719464362072,125.55,25
1719464363439,124.45,25
1719464363439,124.45,25
1719464363957,124.85,75
1719464365200,125.05,50
1719464365200,125.05,50
1719464366205,125.5,25
1719464366841,125.0,25
1719464367118,125.05,25
1719464368133,124.55,25
1719464368534,124.85,25
1719464368924,125.05,150
1719464370216,124.85,25
1719464370216,124.85,25
1719464370831,124.6,75
1719464371252,124.7,25
1719464372004,124.95,25
1719464372004,124.95,25
1719464373238,125.05,25
1719464373638,125.3,25
1719464374194,125.2,25
1719464375074,125.1,100
1719464375296,125.0,25
1719464375513,125.0,25
1719464377035,125.0,25
1719464377035,125.0,25
1719464377694,124.8,25
1719464378616,125.15,50
1719464379179,124.4,100
1719464380190,124.35,100
1719464380432,124.65,25
1719464381121,124.65,50
1719464381930,124.9,25
1719464381930,124.9,25
1719464383475,124.3,25
1719464383487,124.3,25
1719464384281,124.15,125
1719464384562,124.2,50
1719464384562,124.2,50
1719464385612,123.65,50
1719464386757,123.6,50
1719464386757,123.6,50
1719464388289,123.6,150
1719464388289,123.6,150
1719464389568,123.85,25
1719464389833,123.8,175
1719464390469,123.7,50
1719464390910,124.75,25
1719464391756,124.6,50
1719464391756,124.6,50
1719464393103,124.25,25
1719464393578,124.25,50
1719464393894,124.4,25
1719464394734,123.85,25
1719464395400,124.1,25
1719464395821,124.4,25
1719464396917,124.1,125
1719464397097,124.0,25
1719464398082,125.0,25
1719464398344,124.7,25
1719464399217,124.95,175
1719464400224,124.45,100
1719464400224,124.45,100
1719464400224,124.45,100
1719464401256,124.0,150
1719464401988,123.8,75
1719464401988,123.8,75
1719464403309,123.7,25
1719464403620,124.25,50
1719464403620,124.25,50
1719464405241,124.35,25
1719464405442,124.6,25
1719464405907,125.0,400
1719464407022,124.7,25
1719464407367,125.0,50
1719464408271,124.45,200
1719464408700,124.6,25
1719464408887,124.9,25
1719464410145,124.85,50
1719464410145,124.85,50
1719464410732,124.65,125
1719464410732,124.65,125
1719464412117,124.2,75
1719464413206,123.85,25
1719464413358,124.15,25
1719464414301,123.8,50
1719464415077,123.9,25
1719464415475,124.55,25
1719464416070,124.4,25
1719464416715,124.35,25
1719464417314,124.3,100
1719464417465,124.35,25
1719464418588,124.4,25
1719464418588,124.4,25
1719464420266,124.6,25
1719464420266,124.6,25
1719464421617,124.0,25
1719464421617,124.0,25
1719464422239,124.0,25
1719464422558,123.95,25
1719464422558,123.95,25
1719464424186,124.1,300
1719464425291,123.9,25
1719464425291,123.9,25
1719464426140,124.4,25
1719464426903,124.8,25
1719464427287,124.6,25
1719464427287,124.6,25
1719464428835,124.55,250
1719464429274,124.4,25
1719464429999,124.1,25
1719464429999,124.1,25
1719464430945,124.5,50
1719464430945,124.5,50
1719464432035,124.3,50
1719464432368,124.85,25
1719464432368,124.85,25
1719464433979,124.55,25
1719464434541,125.2,25
1719464435312,125.25,100
1719464435327,125.25,75
1719464436069,125.15,225
1719464437022,125.1,200
1719464437343,125.45,25
1719464438296,125.45,25
1719464438427,125.0,25
1719464439283,125.15,75
1719464440458,125.6,25
1719464441336,125.75,50
1719464441726,125.85,50
1719464441726,125.85,50
1719464443229,125.6,125
1719464443229,125.6,125
1719464443915,125.0,25
1719464445292,125.1,25
1719464446410,124.8,25
1719464447003,124.7,25
1719464447003,124.7,25
1719464448312,124.7,100
1719464448312,124.7,100
1719464449539,124.5,150
1719464449539,124.5,150
1719464450655,124.95,100
1719464451824,125.0,25
1719464452118,125.1,25
1719464452118,125.1,25
1719464453457,125.05,25
1719464453565,124.45,75
1719464454310,123.85,50
1719464455198,124.15,25
1719464455381,124.2,300
1719464455588,124.2,75
1719464456808,123.8,25
1719464456808,123.8,25
1719464458132,124.1,25
1719464458701,124.25,100
1719464458701,124.25,100
1719464459953,123.8,200
1719464459953,123.8,200
1719464459953,123.8,200
1719464461244,123.4,25
1719464461244,123.4,25
1719464462279,123.25,150
1719464463490,122.0,25
1719464463663,122.0,25
1719464464349,122.2,175
1719464465412,121.6,25
1719464466163,121.6,50
1719464467162,122.0,100
1719464467200,122.0,75
1719464468370,122.05,250
1719464468370,122.05,250
1719464469477,122.45,25
1719464470038,122.9,25
1719464470038,122.9,25
1719464471053,122.35,25
1719464471053,122.35,25
1719464472216,122.7,25
1719464473835,123.0,300
1719464474178,123.0,25
1719464474520,123.2,100
1719464475472,123.15,25
1719464475472,123.15,25
1719464477084,123.0,25
1719464477084,123.0,25
1719464478275,122.6,75
1719464478956,122.15,25
1719464478956,122.15,25
1719464480295,122.3,25
1719464480514,122.0,25
1719464481485,121.75,25
1719464481894,121.3,25
1719464482362,122.1,50
1719464482992,122.05,50
1719464483959,122.0,25
1719464484106,122.0,25
1719464484540,122.0,200
1719464484540,122.0,200
1719464485843,122.3,25
1719464486553,121.85,175
1719464486553,121.85,175
1719464487784,121.8,25
1719464488429,121.6,200
1719464489121,121.7,25
1719464489815,121.8,275
1719464490580,121.75,50
1719464490580,121.75,50
1719464490580,121.75,50
1719464491631,121.5,25
1719464492310,121.85,75
1719464493190,121.4,25
1719464493579,121.85,25
1719464494345,121.55,125
1719464495443,121.35,100
1719464495765,121.45,25
1719464496865,122.0,150
1719464496865,122.0,150
1719464497525,121.85,25
1719464498935,122.35,25
1719464499243,122.35,25
1719464500454,123.0,25
1719464500454,123.0,25
1719464500872,122.65,100
1719464502117,122.75,25
1719464502117,122.75,25
1719464502563,122.75,25
1719464503877,122.5,25
1719464504250,122.55,175
1719464504250,122.55,175
1719464505856,122.0,100
1719464506207,121.7,50
1719464507189,122.0,25
1719464507293,122.0,25
1719464507961,121.55,25
1719464508417,121.95,100
1719464509149,121.75,125
1719464510266,121.85,25
1719464510266,121.85,25
1719464511482,121.7,50
1719464511920,121.3,50
1719464511920,121.3,50
1719464513718,121.6,200
1719464513718,121.6,200
1719464514170,121.35,100
1719464515063,121.6,25
1719464515511,121.15,75
1719464516207,121.35,25
1719464517244,121.3,25
1719464517542,121.3,25
1719464518979,121.4,125
1719464518979,121.4,125
1719464519964,121.25,25
1719464519964,121.25,25
1719464520701,121.25,25
1719464521296,121.2,25
1719464522212,120.15,200
1719464522212,120.15,200
1719464523540,119.9,25
1719464523974,118.85,25
1719464524577,118.45,50
1719464525685,119.4,25
1719464526257,119.4,25
1719464526721,119.9,25
1719464527398,119.75,50
1719464528229,120.0,75
1719464528800,119.9,50
1719464529248,119.7,25
1719464530446,119.7,25
1719464530446,119.7,25
1719464530786,119.2,25
1719464532219,119.9,25
1719464532911,119.35,25
1719464533436,119.4,25
1719464533436,119.4,25
1719464535296,118.85,75
1719464535445,119.0,50
1719464536164,119.1,50
1719464536763,119.3,25
1719464537391,119.0,50
1719464538125,119.3,50
1719464538125,119.3,50
1719464538125,119.3,50
1719464540933,119.0,175
1719464541182,119.0,25
1719464542276,118.7,100
1719464542435,119.2,25
1719464543275,118.8,25
1719464543588,118.7,75
1719464543588,118.7,75
1719464544975,118.55,25
1719464545542,118.25,50
1719464546357,117.55,25
1719464546911,118.0,25
1719464546911,118.0,25
1719464548271,118.0,50
1719464548960,118.1,50
1719464549324,117.9,50
1719464550563,117.2,50
1719464550703,116.65,25
1719464550843,117.2,25
1719464551216,117.05,25
1719464552230,117.2,25
1719464552230,117.2,25
1719464552230,117.2,25
1719464554143,117.6,25
1719464554329,117.6,25
1719464555796,118.0,50
1719464556113,118.0,250
1719464557307,117.8,100
1719464557307,117.8,100
1719464560293,118.1,25
1719464560293,118.1,25
1719464560910,117.85,25
1719464562270,117.95,150
1719464562270,117.95,150
1719464564282,117.9,25
1719464565009,116.95,25
1719464565684,117.45,25
1719464566577,117.5,50
1719464566876,117.75,25
1719464567394,117.05,25
1719464568286,117.25,25
1719464568729,117.25,25
1719464568729,117.25,25
1719464570292,117.45,125
1719464570292,117.45,125
1719464571119,117.6,25
1719464572332,117.35,25
1719464573329,117.6,25
1719464573329,117.6,25
1719464574665,117.8,25
1719464574989,117.9,25
1719464575684,117.3,50
1719464575684,117.3,50
1719464577173,117.2,25
1719464577482,117.5,25
1719464578688,117.35,50
1719464578688,117.35,50
1719464579773,117.25,50
1719464580026,117.2,25
1719464580657,117.25,125
1719464580657,117.25,125
1719464581112,116.85,25
1719464582002,117.05,25
1719464582002,117.05,25
1719464582875,117.2,25
1719464582875,117.2,25
1719464585322,117.1,250
1719464585322,117.1,250
1719464586183,117.2,50
1719464586183,117.2,50
1719464587767,116.9,25
1719464588847,116.0,25
1719464589333,116.1,150
1719464590307,115.5,25
1719464590742,115.0,25
1719464591417,114.05,25
1719464592217,113.05,25
1719464592217,113.05,25
1719464593546,113.0,175
1719464593922,112.9,50
1719464594502,113.2,25
1719464595252,113.8,50
1719464595729,113.2,125
1719464596334,113.05,25
1719464597258,113.4,25
1719464598450,113.35,25
1719464598450,113.35,25
1719464599237,112.9,25
1719464600335,112.3,75
1719464600714,112.25,75
1719464601791,109.4,150
1719464602324,109.65,50
1719464602750,109.75,75
1719464603598,109.15,25
1719464603901,109.45,25
1719464604738,109.1,200
1719464605362,108.8,100
1719464605362,108.8,100
1719464605903,109.3,100
1719464607392,105.9,50
1719464607409,105.85,50
1719464608391,106.6,25
1719464608989,105.8,25
1719464609311,106.25,50
1719464610623,104.75,50
1719464610785,104.35,100
1719464610898,103.95,50
1719464611795,102.3,100
1719464611929,100.25,25
1719464612419,99.05,25
1719464612419,99.05,25
1719464612419,99.05,25
1719464612997,94.85,100
1719464613406,92.9,25
1719464613969,93.8,250
1719464613969,93.8,250
1719464613995,93.15,25
1719464614774,94.65,75
1719464614774,94.65,75
1719464615835,97.0,25
1719464617132,98.95,75
1719464618766,100.0,50
1719464620257,101.35,50
1719464622391,100.4,75
1719464622442,100.55,50
1719464623270,102.0,125
1719464623984,102.35,25
1719464624376,102.2,50
1719464625332,103.6,275
1719464625531,104.1,25
1719464626396,103.75,75
1719464627420,103.4,25
1719464628438,104.05,25
1719464628983,106.1,25
1719464629388,106.15,50
1719464630380,106.55,25
1719464630561,105.9,25
1719464631435,105.35,25
1719464632446,106.0,50
1719464633395,104.9,175
1719464633819,104.3,25
1719464634226,104.35,25
1719464635407,103.15,25
1719464635674,102.3,100
1719464636208,101.15,125
1719464637424,100.4,25
1719464638360,101.65,25
1719464638916,101.35,75
1719464639353,101.85,75
1719464640049,102.0,350
1719464640828,101.1,25
1719464640828,101.1,25
1719464641210,101.55,75
1719464642429,101.65,25
1719464642534,101.9,50
1719464643456,102.6,25
1719464644003,103.05,50
1719464644276,102.3,50
1719464645417,102.7,25
1719464645845,102.95,50
1719464646616,102.85,25
1719464647386,105.0,25
1719464648359,105.7,25
1719464648977,105.3,50
1719464649641,105.15,50
1719464650552,104.05,25
1719464650828,104.25,25
1719464651173,103.7,25
1719464651173,103.7,25
1719464653565,103.65,25
1719464653861,104.05,25
1719464654375,102.9,50
1719464655591,103.05,100
1719464656609,103.1,25
1719464657358,103.3,50
1719464658386,102.95,25
1719464658938,104.05,125
1719464659433,104.55,25
1719464660207,105.6,25
1719464660207,105.6,25
1719464661391,105.3,50
1719464662323,105.1,50
1719464662323,105.1,50
1719464663434,103.95,25
1719464663926,104.5,50
1719464664588,103.3,50
1719464665575,104.2,50
1719464666420,104.0,50
1719464666468,104.0,50
1719464668238,103.9,50
1719464668750,104.0,250
1719464668750,104.0,250
1719464669915,103.95,25
1719464669915,103.95,25
1719464671829,105.45,75
1719464672402,105.65,25
1719464672981,105.4,50
1719464673569,105.85,25
1719464673569,105.85,25
1719464675525,106.0,250
1719464675985,105.9,50
1719464677370,105.6,25
1719464678363,105.4,25
1719464678983,105.2,50
1719464679582,104.8,100
1719464680671,104.05,50
1719464680671,104.05,50
1719464681181,104.1,25
1719464682299,105.1,250
1719464683591,104.35,25
1719464683921,104.9,25
1719464684417,104.85,25
1719464685094,105.05,50
1719464685631,105.0,75
1719464686310,105.2,25
1719464687420,104.75,75
1719464688181,103.65,150
1719464689079,104.55,50
1719464689414,104.85,50
1719464690211,104.15,25
1719464690683,104.35,25
1719464691557,103.6,25
1719464692509,103.5,25
1719464692634,103.4,25
1719464693604,103.75,50
1719464694018,103.3,50
1719464694383,102.55,25
1719464695406,101.9,25
1719464695634,102.1,50
1719464696197,102.35,25
1719464697280,102.1,50
1719464698550,101.95,25
1719464698903,101.25,25
1719464699433,101.0,25
1719464700614,100.6,50
1719464700614,100.6,50
1719464701034,100.05,50
1719464701652,100.0,25
1719464702535,100.1,25
1719464702728,100.1,25
1719464703397,100.05,25
1719464704117,100.35,25
1719464704465,99.85,25
1719464705298,100.1,100
1719464705743,101.05,25
1719464706570,101.3,50
1719464707477,100.35,50
1719464707477,100.35,50
1719464708523,100.8,50
1719464709156,101.1,25
1719464709483,100.45,250
1719464710175,101.7,25
1719464710516,101.4,25
1719464711439,101.8,125
1719464712252,102.25,25
1719464712438,102.45,25
1719464713450,102.3,25
1719464714133,101.5,25
1719464714415,102.15,50
1719464715504,103.45,75
1719464715708,103.75,25
1719464716488,103.2,25
1719464716837,102.45,25
1719464716837,102.45,25
1719464718325,102.85,25
1719464718855,102.85,25
1719464719675,102.5,25
1719464720128,102.55,50
1719464721496,101.7,50
1719464722229,101.15,50
1719464722229,101.15,50
1719464723678,100.4,725
1719464724070,101.1,25
1719464724642,101.85,25
1719464724942,101.6,200
1719464724942,101.6,200
1719464726342,100.2,25
1719464727280,101.05,25
1719464727674,100.75,50
1719464728425,100.1,50
1719464728868,100.1,25
1719464729229,100.0,25
1719464730403,101.05,75
1719464730622,101.1,150
1719464730799,100.55,150
1719464731257,101.0,50
1719464732174,100.9,25
1719464732640,100.3,25
1719464733221,101.5,50
1719464733610,101.4,25
1719464734417,101.0,50
1719464735415,101.2,25
1719464735724,101.05,25
1719464735848,101.05,75
1719464735848,101.05,75
1719464737498,100.8,150
1719464738422,101.05,25
1719464738963,101.7,25
1719464739453,101.65,25
1719464740399,101.4,25
1719464740399,101.4,25
1719464741458,102.0,50
1719464742282,101.5,25
1719464742282,101.5,25
1719464743045,101.35,25
1719464743532,101.35,25
1719464744687,101.55,100
1719464744687,101.55,100
1719464744687,101.55,100
1719464746272,101.55,25
1719464747258,102.0,25
1719464748477,101.8,25
1719464749215,102.35,50
1719464749800,102.3,25
1719464750489,102.5,25
1719464750782,102.3,25
1719464751425,102.4,25
1719464752083,102.3,100
1719464752083,102.3,100
1719464753485,101.8,75
1719464754074,102.6,25
1719464754470,102.65,25
1719464755246,102.75,75
1719464755246,102.75,75
1719464756702,104.2,25
1719464757412,103.65,50
1719464757669,103.9,25
1719464758569,103.65,25
1719464758702,103.9,25
1719464758702,103.9,25
1719464760337,103.95,25
1719464760756,103.65,100
1719464760949,103.95,50
1719464761485,103.55,25
1719464762409,103.0,100
1719464762894,102.8,25
1719464763432,102.85,75
1719464764134,102.55,50
1719464764358,102.35,25
1719464765458,102.0,25
1719464765546,101.8,25
1719464766268,101.75,75
1719464767108,102.3,25
1719464767108,102.3,25
1719464768436,102.1,25
1719464769055,103.25,25
1719464769374,102.95,50
1719464770703,104.45,50
1719464770800,104.8,25
1719464771296,104.1,25
1719464772222,103.9,25
1719464772563,103.95,75
1719464773391,104.55,75
1719464773971,103.9,25
1719464773971,103.9,25
1719464775161,103.5,50
1719464775633,103.35,25
1719464776181,103.65,100
1719464777064,103.0,25
1719464777064,103.0,25
1719464779928,103.45,50
1719464780414,103.35,50
1719464780414,103.35,50
1719464781758,103.25,25
1719464782204,103.15,25
1719464782204,103.15,25
1719464783241,103.0,25
1719464783928,103.05,25
1719464784431,103.7,250
1719464784958,104.0,25
1719464784958,104.0,25
1719464786566,104.75,75
1719464787345,105.4,25
1719464787626,105.25,25
1719464788707,105.35,75
1719464789260,105.15,25
1719464789260,105.15,25
1719464790434,105.0,425
1719464790825,105.0,25
1719464791518,104.05,25
1719464791518,104.05,25
1719464792803,103.0,25
1719464792926,102.95,25
1719464792926,102.95,25
1719464794369,103.65,25
1719464795315,103.75,25
1719464795736,103.5,100
1719464795736,103.5,100
1719464797266,104.15,25
1719464798100,104.2,25
1719464799100,104.65,25
1719464799700,104.75,25
1719464800456,104.5,25
1719464800456,104.5,25
1719464801075,104.6,25
1719464802320,104.2,100
1719464803476,104.4,25
1719464804223,104.1,25
1719464804223,104.1,25
1719464805694,104.35,25
1719464805855,104.65,25
1719464806028,104.7,25
1719464807442,104.95,25
1719464807832,105.2,25
1719464807832,105.2,25
1719464809487,105.0,25
1719464810438,104.45,25
1719464810438,104.45,25
1719464811260,104.15,25
1719464812261,103.65,25
1719464812706,103.65,25
1719464813427,103.45,25
1719464814143,103.95,25
1719464814485,104.0,25
1719464815268,103.75,75
1719464815779,104.25,50
1719464815779,104.25,50
1719464817109,103.7,25
1719464818512,103.8,100
1719464819200,103.9,25
1719464819454,103.95,25
1719464820405,103.6,25
1719464820405,103.6,25
1719464821418,103.75,50
1719464822480,104.9,150
1719464822722,104.45,25
1719464823500,104.55,25
1719464824150,104.1,25
1719464824150,104.1,25
1719464825212,103.9,25
1719464825212,103.9,25
1719464826715,103.0,25
1719464826715,103.0,25
1719464828164,103.85,100
1719464829104,104.65,25
1719464829710,105.2,25
1719464830644,105.85,25
1719464830867,105.8,25
1719464831493,106.7,25
1719464832488,107.2,100
1719464833257,107.0,25
1719464834073,106.3,100
1719464834073,106.3,100
1719464835295,106.45,25
1719464835916,105.75,50
1719464836438,105.5,25
1719464837536,105.3,25
1719464837536,105.3,25
1719464838598,104.85,25
1719464839076,105.35,25
1719464839076,105.35,25
1719464840704,105.9,25
1719464840855,106.25,25
1719464841427,106.25,25
1719464842029,106.05,50
1719464842029,106.05,50
1719464843244,106.25,250
1719464843956,106.85,100
1719464844236,106.5,25
1719464845530,107.15,50
1719464845530,107.15,50
1719464845530,107.15,50
1719464847118,106.85,25
1719464847118,106.85,25
1719464848217,106.55,25
1719464848217,106.55,25
1719464849430,107.0,25
1719464850430,106.75,75
1719464850708,106.35,350
1719464850708,106.35,350
1719464852519,107.0,25
1719464852595,106.55,225
1719464854125,107.65,75
1719464854491,107.65,75
1719464855200,107.2,50
1719464855200,107.2,50
1719464856334,107.45,25
1719464856897,108.0,175
1719464858010,108.35,25
1719464858691,108.0,25
1719464859308,107.9,50
1719464860467,107.8,50
1719464860467,107.8,50
1719464861302,107.85,25
1719464861666,107.5,25
1719464861666,107.5,25
1719464863479,107.1,50
1719464863973,105.8,50
1719464863973,105.8,50
1719464865459,107.0,25
1719464865459,107.0,25
1719464866760,106.9,100
1719464867470,107.8,25
1719464867649,108.0,600
1719464867649,108.0,600
1719464869366,108.15,325
1719464870387,108.25,100
1719464870767,108.4,300
1719464871421,107.85,25
1719464872199,107.8,50
1719464872199,107.8,50
1719464873536,107.95,25
1719464873764,108.15,125
1719464874379,108.75,25
1719464875053,108.3,25
1719464875953,108.4,25
1719464876513,109.3,50
1719464877501,109.15,25
1719464877501,109.15,25
1719464878119,108.85,50
1719464878601,108.3,25
1719464879391,108.15,1450
1719464880135,108.15,75
1719464880746,107.75,50
1719464881546,107.75,175
1719464882568,107.8,50
1719464883425,107.75,25
1719464884155,107.5,25
1719464884722,107.4,150
1719464885445,106.85,100
1719464885869,107.05,25
1719464886512,106.15,25
1719464886938,106.9,50
1719464888206,107.2,25
1719464888206,107.2,25
1719464890010,107.7,50
1719464890010,107.7,50
1719464891308,106.2,50
1719464891825,106.0,100
1719464892528,105.45,25
1719464892528,105.45,25
1719464893463,106.1,25
1719464894284,105.3,25
1719464894284,105.3,25
1719464895331,105.45,75
1719464895762,105.8,25
1719464895762,105.8,25
1719464895762,105.8,25
1719464897774,105.25,25
1719464899133,105.6,25
1719464899382,105.35,100
1719464899744,105.45,75
1719464900317,105.05,25
1719464900317,105.05,25
1719464901117,104.45,25
1719464902514,104.65,25
1719464902514,104.65,25
1719464903301,105.35,25
1719464904384,106.1,25
1719464904624,106.75,225
1719464905740,107.8,250
1719464905798,108.0,250
1719464906534,108.4,50
1719464907055,107.85,25
1719464908488,108.05,25
1719464908488,108.05,25
1719464909519,107.95,25
1719464911025,110.25,50
1719464911467,109.55,200
1719464912759,109.0,25
1719464913501,109.45,25
1719464914349,109.25,25
1719464915375,108.2,25
1719464915375,108.2,25
1719464916755,108.0,125
1719464917644,107.0,50
1719464917714,106.7,25
1719464919368,107.6,25
1719464919750,108.25,125
1719464920689,108.5,25
1719464921390,107.95,25
1719464922280,107.6,300
1719464923443,108.2,100
1719464923790,107.85,25
1719464923790,107.85,25
1719464925265,107.2,25
1719464925558,107.6,25
1719464926281,107.75,25
1719464926608,107.45,25
1719464927579,107.15,400
1719464928031,107.4,250
1719464929411,107.85,75
1719464930296,107.5,25
1719464930296,107.5,25
1719464931339,106.95,25
1719464932244,107.75,25
1719464932617,107.5,25
1719464933344,107.2,25
1719464934027,107.0,275
1719464934027,107.0,275
1719464934876,106.75,50
1719464935600,106.3,25
1719464935600,106.3,25
1719464937481,105.95,25
1719464937481,105.95,25
1719464938338,106.65,50
1719464939560,108.0,75
1719464940159,107.55,25
1719464940159,107.55,25
1719464940159,107.55,25
1719464941566,108.0,25
1719464942351,108.4,25
1719464942646,108.3,100
1719464943203,107.55,25
