time,price,volume
1719461503474,3.3,250
1719461504159,3.25,50
1719461504708,3.3,50
1719461505223,3.25,25
1719461505820,3.3,50
1719461506184,3.25,25
1719461507278,3.25,50
1719461508246,3.3,550
1719461508432,3.3,25
1719461509158,3.3,50
1719461510106,3.25,25
1719461510401,3.25,25
1719461511104,3.3,600
1719461511489,3.3,25
1719461512229,3.3,50
1719461512712,3.25,450
1719461513110,3.3,50
1719461514211,3.3,25
1719461515238,3.25,25
1719461515448,3.25,50
1719461516205,3.35,125
1719461516707,3.4,25
1719461517422,3.35,25
1719461518226,3.3,25
1719461518311,3.3,25
1719461519210,3.2,525
1719461519484,3.25,25
1719461520047,3.3,25
1719461520047,3.3,25
1719461520894,3.3,50
1719461521207,3.3,50
1719461522185,3.2,50
1719461522515,3.2,100
1719461523198,3.25,50
1719461523526,3.25,25
1719461524433,3.05,25
1719461524906,3.1,25
1719461525241,3.05,50
1719461526224,3.05,175
1719461526224,3.05,175
1719461527442,3.05,75
1719461527543,3.0,50
1719461528189,3.0,250
1719461529233,3.05,25
1719461530177,3.05,25
1719461530512,3.05,25
1719461531211,3.05,25
1719461531520,3.05,25
1719461532230,3.05,25
1719461532924,3.05,25
1719461533246,3.05,25
1719461534321,3.05,300
1719461534990,3.05,100
1719461535535,3.05,100
1719461536090,3.1,125
1719461536764,3.05,75
1719461537226,3.1,25
1719461538119,3.1,25
1719461538119,3.1,25
1719461539248,3.1,175
1719461539439,3.15,50
1719461540250,3.1,50
1719461540498,3.1,25
1719461541438,3.05,300
1719461541569,3.0,25
1719461542216,3.05,300
1719461542887,3.05,1400
1719461543204,3.0,50
1719461544243,2.95,125
1719461544525,2.95,50
1719461545236,2.9,125
1719461546099,2.9,75
1719461546381,2.9,75
1719461547238,2.9,25
1719461547964,2.95,125
1719461548265,2.9,250
1719461549275,2.95,125
1719461549275,2.95,125
1719461550023,2.95,600
1719461550209,2.95,600
1719461550549,3.0,1075
1719461551276,2.95,25
1719461551550,3.0,1700
1719461552253,3.0,25
1719461552742,3.05,25
1719461553361,3.0,750
1719461554158,2.95,25
1719461555115,3.0,500
1719461555323,3.05,25
1719461556246,3.0,50
1719461556588,3.0,25
1719461557213,3.05,25
1719461557576,3.05,25
1719461558222,3.0,25
1719461558747,3.05,50
1719461559204,3.05,50
1719461560000,3.05,25
1719461560260,3.05,350
1719461561149,3.05,75
1719461561277,3.05,625
1719461562338,3.05,25
1719461563277,2.95,125
1719461563399,2.95,25
1719461564241,3.0,25
1719461564577,2.95,25
1719461565259,2.95,75
1719461565751,3.0,200
1719461566217,3.0,25
1719461567013,2.95,25
1719461567241,2.95,50
1719461568384,2.95,25
1719461569187,2.95,25
1719461569567,2.95,50
1719461570256,2.9,250
1719461570519,2.9,25
1719461571130,2.95,25
1719461572182,3.0,25
1719461573289,2.95,25
1719461573797,2.95,25
1719461574266,2.95,25
1719461575211,3.0,200
1719461575423,2.95,25
1719461576244,3.0,25
1719461576959,3.05,25
1719461577269,3.0,25
1719461578248,3.05,75
1719461578425,3.05,25
1719461579274,3.05,75
1719461579608,3.05,50
1719461580096,3.05,75
1719461580249,3.0,75
1719461580714,3.0,200
1719461581145,2.95,50
1719461582256,2.95,25
1719461583087,3.0,25
1719461583429,3.0,25
1719461584155,3.0,50
1719461584433,3.0,50
1719461585290,3.0,25
1719461585658,2.95,125
1719461586275,2.95,425
1719461587089,3.0,500
1719461587467,2.95,125
1719461588168,2.95,50
1719461588445,2.95,625
1719461589273,2.95,500
1719461589733,2.95,75
1719461590228,2.9,100
1719461591101,2.85,25
1719461592254,2.85,125
1719461592647,2.9,100
1719461593273,2.85,300
1719461593829,2.9,25
1719461594238,2.85,25
1719461594886,2.9,250
1719461595268,2.9,25
1719461596229,2.9,25
1719461597250,2.95,125
1719461597646,2.95,50
1719461598288,2.95,25
1719461598845,3.0,200
1719461599143,3.0,25
1719461600053,2.95,75
1719461600280,2.95,25
1719461601246,3.0,25
1719461602267,2.9,25
1719461602336,2.9,25
1719461603184,2.9,125
1719461603581,2.95,125
1719461604299,2.9,100
1719461604639,2.9,25
1719461605255,2.95,200
1719461605795,2.95,25
1719461606304,3.0,100
1719461607235,2.9,25
1719461607235,2.9,25
1719461608270,2.9,125
1719461608627,2.9,50
1719461609205,2.9,50
1719461609327,2.95,50
1719461609984,2.9,75
1719461610252,2.95,125
1719461611034,2.9,50
1719461611264,2.9,25
1719461612290,2.9,25
1719461612569,2.95,300
1719461613306,2.9,50
1719461613606,2.85,125
1719461614193,2.9,500
1719461614850,2.95,25
1719461615242,2.9,25
1719461616047,2.95,400
1719461616280,2.95,25
1719461617169,2.9,25
1719461617461,2.9,125
1719461618230,2.85,25
1719461618230,2.85,25
1719461619272,2.9,500
1719461619671,2.9,25
1719461620276,2.95,25
1719461620695,2.9,25
1719461621149,2.95,25
1719461622066,2.95,25
1719461622066,2.95,25
1719461623222,2.95,25
1719461623222,2.95,25
1719461624298,2.95,50
1719461624489,3.0,25
1719461625419,3.05,25
1719461625868,3.05,25
1719461626056,3.05,125
1719461627169,3.1,125
1719461628206,3.1,25
1719461628492,3.15,350
1719461629274,3.1,50
1719461629429,3.15,25
1719461630304,3.15,100
1719461630703,3.2,325
1719461631232,3.1,25
1719461631893,3.1,125
1719461632134,3.1,25
1719461633281,3.2,175
1719461634306,3.15,150
1719461634638,3.2,50
1719461635296,3.15,25
1719461635296,3.15,25
1719461636273,3.15,150
1719461636888,3.15,550
1719461637287,3.15,25
1719461638309,3.1,50
1719461639320,3.15,100
1719461639492,3.1,175
1719461640076,3.15,50
1719461640303,3.15,25
1719461640502,3.1,1075
1719461641305,3.2,75
1719461641672,3.15,200
1719461642320,3.1,900
1719461643022,3.1,25
1719461643305,3.2,75
1719461644290,3.15,100
1719461645322,3.15,125
1719461645387,3.15,75
1719461646229,3.15,25
1719461646415,3.15,250
1719461647278,3.15,250
1719461647618,3.15,950
1719461648312,3.1,125
1719461648682,3.1,325
1719461649292,3.15,75
1719461649611,3.15,50
1719461650272,3.15,75
1719461651100,3.15,150
1719461651292,3.15,200
1719461652293,3.1,200
1719461653256,3.2,75
1719461654316,3.25,125
1719461654475,3.2,50
1719461655295,3.25,25
1719461655759,3.2,25
1719461656310,3.2,75
1719461656632,3.25,75
1719461657270,3.25,25
1719461657703,3.25,300
1719461658302,3.15,50
1719461658729,3.15,125
1719461659303,3.15,25
1719461659889,3.2,175
1719461660240,3.15,175
1719461661361,3.15,75
1719461662283,3.15,75
1719461662536,3.15,75
1719461663300,3.05,25
1719461663725,3.1,75
1719461664333,3.1,100
1719461664935,3.1,250
1719461665249,3.05,25
1719461666099,3.1,100
1719461666284,3.1,150
1719461667356,3.15,225
1719461668331,3.2,125
1719461668397,3.25,150
1719461669022,3.2,200
1719461669663,3.15,950
1719461670076,3.2,25
1719461670259,3.15,250
1719461670911,3.15,25
1719461670911,3.15,25
1719461671825,3.2,25
1719461672278,3.15,75
1719461673325,3.1,75
1719461674297,3.1,150
1719461675242,3.1,75
1719461675507,3.1,50
1719461676348,3.1,25
1719461676508,3.1,25
1719461677267,3.2,75
1719461677550,3.15,75
1719461678194,3.15,25
1719461678504,3.1,25
1719461679327,3.1,25
1719461679714,3.05,25
1719461680337,3.1,25
1719461680760,3.05,25
1719461681149,3.1,25
1719461681321,3.1,50
1719461682258,3.1,25
1719461682536,3.1,25
1719461683304,3.1,25
1719461683531,3.15,25
1719461684220,3.15,75
1719461684569,3.15,375
1719461685307,3.1,50
1719461685630,3.15,50
1719461686332,3.15,25
1719461686763,3.15,25
1719461687279,3.1,25
1719461687873,3.1,25
1719461688322,3.1,25
1719461689171,3.1,25
1719461689171,3.1,25
1719461690171,3.1,50
1719461690171,3.1,50
1719461691360,3.15,300
1719461692127,3.1,25
1719461692545,3.1,1250
1719461693329,3.1,25
1719461693578,3.1,25
1719461694330,3.15,200
1719461694858,3.15,25
1719461695234,3.15,175
1719461696123,3.15,25
1719461696315,3.15,25
1719461697337,3.2,75
1719461697575,3.15,175
1719461698310,3.1,325
1719461698464,3.15,25
1719461699339,3.05,125
1719461699712,3.05,75
1719461700337,3.05,575
1719461700955,3.1,500
1719461701441,3.2,500
1719461702344,3.2,325
1719461702407,3.25,50
1719461703071,3.15,100
1719461703775,3.15,1000
1719461704320,3.2,25
1719461704925,3.2,75
1719461705540,3.15,1650
1719461706062,3.1,200
1719461706352,3.1,100
1719461707342,3.1,250
1719461707616,3.05,75
1719461708343,3.1,225
1719461708817,3.05,25
1719461709245,3.1,25
1719461709782,3.05,25
1719461710376,3.15,25
1719461710978,3.15,100
1719461711351,3.2,25
1719461712199,3.1,1175
1719461712546,3.15,500
1719461713244,3.15,150
1719461713606,3.15,1000
1719461714307,3.1,75
1719461714394,3.1,500
1719461715314,3.1,25
1719461715546,3.1,25
1719461716377,3.1,350
1719461716806,3.1,25
1719461717303,3.1,225
1719461717632,3.1,150
1719461718299,3.1,1225
1719461718793,3.1,150
1719461719279,3.15,300
1719461720199,3.2,25
1719461720374,3.2,25
1719461721181,3.2,25
1719461721245,3.2,50
1719461722384,3.15,25
1719461723307,3.15,50
1719461723619,3.2,175
1719461724358,3.15,50
1719461724795,3.25,25
1719461725255,3.25,75
1719461725586,3.25,825
1719461726028,3.2,25
1719461726848,3.25,800
1719461727333,3.1,25
1719461727821,3.15,25
1719461728254,3.15,25
1719461728699,3.15,25
1719461729343,3.2,150
1719461730020,3.2,50
1719461730374,3.2,1800
1719461731400,3.15,150
1719461732343,3.25,100
1719461732765,3.3,125
1719461733374,3.3,25
1719461734359,3.4,25
1719461734631,3.45,100
1719461735373,3.45,125
1719461736241,3.45,150
1719461736361,3.55,50
1719461737565,3.45,25
1719461737817,3.45,375
1719461738343,3.35,100
1719461739371,3.25,525
1719461739664,3.3,25
1719461740344,3.3,25
1719461740816,3.35,100
1719461741343,3.3,100
1719461742353,3.25,25
1719461742465,3.25,25
1719461743598,3.3,50
1719461743720,3.35,400
1719461744278,3.35,125
1719461745052,3.4,500
1719461745422,3.4,50
1719461746252,3.4,175
1719461746362,3.45,250
1719461747470,3.45,25
1719461748316,3.4,25
1719461748759,3.4,100
1719461749278,3.4,50
1719461749812,3.35,25
1719461750335,3.3,50
1719461751364,3.45,25
1719461752551,3.5,50
1719461753380,3.45,100
1719461753882,3.4,75
1719461754353,3.45,25
1719461755380,3.45,25
1719461755463,3.45,50
1719461756397,3.4,25
1719461756873,3.4,150
1719461757385,3.4,175
1719461758280,3.4,200
1719461758364,3.4,25
1719461759384,3.4,25
1719461759664,3.4,775
1719461760071,3.4,75
1719461760595,3.45,25
1719461760840,3.4,25
1719461761367,3.45,400
1719461762445,3.45,125
1719461763355,3.5,1350
1719461768481,3.45,25
1719461769380,3.45,25
1719461769684,3.45,25
1719461770398,3.45,25
1719461770889,3.45,25
1719461771401,3.45,50
1719461772501,3.4,25
1719461772597,3.35,25
1719461773387,3.4,25
1719461773873,3.35,25
1719461774394,3.3,100
1719461775368,3.3,25
1719461776392,3.35,500
1719461776864,3.3,250
1719461777365,3.35,250
1719461778339,3.3,75
1719461779371,3.4,25
1719461793103,3.55,625
1719461793350,3.5,25
1719461794386,3.5,75
1719461795361,3.55,25
1719461795425,3.5,25
1719461796381,3.55,25
1719461796846,3.55,50
1719461797356,3.55,250
1719461798342,3.65,25
1719461798385,3.65,25
1719461799485,3.6,75
1719461800408,3.5,25
1719461800930,3.55,125
1719461801346,3.6,50
1719461802143,3.55,1625
1719461802381,3.55,25
1719461803558,3.6,200
1719461803609,3.6,25
1719461804385,3.6,75
1719461804727,3.55,200
1719461805354,3.55,1075
1719461806122,3.55,350
1719461806404,3.55,25
1719461807398,3.6,50
1719461808395,3.6,175
1719461808755,3.55,25
1719461809400,3.6,250
1719461809732,3.55,25
1719461810414,3.6,25
1719461810959,3.7,275
1719461811408,3.65,25
1719461812396,3.65,100
1719461818393,3.5,25
1719461818783,3.5,100
1719461860448,3.4,75
1719461862204,3.45,250
1719461862278,3.45,75
1719461863436,3.45,50
1719461864337,3.4,1075
1719461865413,3.4,500
1719461865544,3.45,25
1719461872646,3.3,450
1719461873458,3.3,25
1719461873871,3.35,100
1719461874445,3.35,25
1719461875042,3.25,225
1719461875429,3.3,500
1719461876393,3.3,500
1719461876665,3.25,25
1719461877440,3.25,25
1719461878028,3.25,25
1719461878434,3.3,25
1719461879269,3.25,75
1719461879445,3.25,75
1719461880083,3.2,25
1719461880426,3.2,50
1719461880605,3.2,50
1719461881454,3.2,25
1719461881855,3.2,25
1719461882470,3.2,350
1719461883414,3.25,75
1719461883664,3.25,25
1719461884480,3.25,150
1719461884815,3.3,75
1719461885326,3.3,75
1719461885978,3.3,75
1719461886457,3.35,75
1719461887065,3.35,350
1719461887461,3.35,75
1719461888253,3.35,25
1719461888253,3.35,25
1719461889478,3.35,25
1719461890467,3.25,625
1719461890806,3.25,25
1719461891466,3.3,25
1719461892288,3.25,25
1719461892448,3.25,25
1719461893405,3.25,275
1719461893405,3.25,275
1719461894433,3.25,25
1719461894833,3.2,625
1719461895443,3.25,75
1719461896088,3.2,525
1719461896382,3.25,125
1719461897421,3.25,25
1719461898458,3.25,50
1719461898684,3.25,75
1719461899413,3.25,50
1719461900080,3.25,75
1719461900475,3.25,825
1719461900977,3.25,250
1719461901453,3.25,50
1719461902436,3.35,100
1719461903245,3.35,50
1719461903885,3.35,100
1719461904452,3.3,100
1719461904902,3.3,275
1719461905440,3.3,25
1719461906088,3.3,25
1719461906423,3.3,25
1719461907214,3.3,75
1719461907425,3.25,25
1719461908468,3.25,25
1719461908715,3.3,75
1719461909475,3.25,25
1719461910042,3.25,50
1719461910042,3.25,50
1719461910456,3.25,100
1719461911124,3.25,25
1719461911680,3.2,50
1719461912485,3.2,25
1719461912733,3.2,25
1719461913460,3.25,25
1719461913864,3.25,50
1719461914500,3.15,25
1719461915100,3.25,25
1719461915490,3.2,50
1719461916031,3.2,25
1719461916347,3.15,25
1719461917480,3.2,50
1719461917670,3.2,25
1719461918488,3.15,25
1719461918871,3.15,25
1719461919503,3.15,25
1719461920061,3.25,500
1719461920472,3.25,125
1719461921128,3.25,450
1719461921495,3.2,25
1719461922286,3.25,700
1719461922478,3.3,175
1719461923537,3.25,50
1719461924294,3.25,25
1719461924718,3.2,25
1719461925493,3.3,25
1719461926066,3.4,25
1719461926455,3.3,25
1719461927100,3.25,25
1719461927145,3.3,25
1719461928300,3.25,25
1719461928394,3.3,750
1719461929435,3.3,225
1719461929649,3.25,250
1719461930493,3.25,25
1719461931001,3.25,25
1719461931482,3.25,150
1719461932291,3.3,25
1719461932413,3.25,25
1719461933329,3.25,50
1719461933500,3.3,25
1719461934461,3.25,25
1719461934791,3.2,25
1719461935448,3.25,75
1719461935853,3.25,25
1719461936433,3.25,75
1719461937156,3.2,200
1719461937474,3.25,25
1719461938455,3.25,500
1719461939630,3.3,50
1719461939872,3.3,475
1719461940100,3.3,25
1719461940500,3.25,25
1719461941287,3.3,25
1719461941479,3.3,25
1719461942500,3.3,25
1719461942699,3.3,25
1719461943479,3.35,25
1719461943850,3.3,25
1719461944372,3.25,675
1719461944966,3.3,175
1719461945351,3.3,25
1719461946121,3.3,25
1719461946503,3.35,25
1719461947087,3.35,50
1719461947469,3.35,50
1719461948462,3.3,500
1719461949500,3.35,25
1719461949690,3.35,25
1719461950713,3.4,225
1719461950914,3.35,250
1719461951500,3.35,25
1719461952162,3.4,100
1719461952506,3.4,25
1719461953338,3.45,475
1719461953338,3.45,475
1719461954471,3.45,125
1719461954516,3.4,25
1719461955515,3.45,900
1719461955947,3.45,350
1719461956465,3.4,75
1719461956957,3.4,250
1719461957500,3.4,25
1719461958100,3.45,25
1719461958423,3.4,50
1719461959516,3.5,100
1719461959969,3.5,50
1719461960506,3.55,25
1719461961394,3.6,100
1719461961703,3.6,25
1719461962478,3.6,25
1719461962980,3.6,175
1719461963497,3.6,25
1719461964172,3.55,50
1719461964511,3.55,25
1719461965179,3.55,50
1719461965733,3.55,25
1719461966713,3.55,25
1719461967001,3.55,25
1719461967525,3.55,25
1719461967995,3.5,25
1719461968311,3.5,25
1719461969204,3.5,25
1719461969484,3.5,25
1719461969738,3.55,25
1719461970511,3.5,25
1719461970595,3.5,125
1719461971476,3.5,50
1719461971966,3.55,225
1719461972510,3.55,25
1719461973199,3.5,25
1719461973490,3.55,25
1719461974023,3.5,25
1719461974399,3.5,50
1719461975342,3.55,25
1719461976458,3.5,25
1719461976583,3.5,175
1719461977476,3.5,650
1719461977992,3.4,25
1719461978403,3.45,50
1719461979490,3.4,125
1719461980483,3.45,25
1719461980780,3.4,50
1719461981421,3.4,500
1719461982098,3.45,25
1719461982518,3.45,25
1719461983511,3.5,25
1719461983622,3.5,150
1719461984415,3.55,1200
1719461984791,3.6,1275
1719461985530,3.55,75
1719461986030,3.6,25
1719461986499,3.6,500
1719461987032,3.6,250
1719461987359,3.55,25
1719461988477,3.55,500
1719461989473,3.55,50
1719461989640,3.5,75
1719461990507,3.55,25
1719461990728,3.5,75
1719461991522,3.5,25
1719461991975,3.6,750
1719461992518,3.55,25
1719461993215,3.55,25
1719461993450,3.55,25
1719461994245,3.55,50
1719461994446,3.55,25
1719461995429,3.5,100
1719461995467,3.5,750
1719461996633,3.55,100
1719461997519,3.45,125
1719461997942,3.5,1275
1719461998537,3.5,25
1719461998952,3.5,25
1719461999458,3.5,100
1719462000009,3.5,25
1719462000509,3.5,100
1719462001244,3.5,25
1719462001637,3.5,25
1719462002226,3.55,50
1719462002520,3.6,75
1719462003170,3.55,25
1719462003500,3.5,25
1719462004708,3.55,25
1719462005499,3.55,100
1719462006046,3.55,100
1719462006531,3.6,75
1719462007522,3.6,75
1719462007850,3.6,100
1719462008535,3.65,125
1719462009477,3.6,200
1719462009659,3.6,125
1719462010431,3.5,25
1719462011011,3.55,50
1719462011549,3.5,25
1719462012449,3.5,125
1719462013538,3.5,725
1719462013648,3.55,125
1719462014700,3.5,25
1719462015057,3.45,100
1719462015534,3.5,25
1719462016193,3.55,75
1719462016519,3.55,125
1719462017473,3.55,25
1719462017473,3.55,25
1719462018540,3.55,25
1719462019084,3.5,25
1719462019541,3.55,25
1719462020417,3.55,25
1719462020752,3.55,75
1719462021533,3.5,900
1719462022051,3.5,250
1719462022522,3.45,25
1719462023459,3.5,925
1719462023759,3.5,150
1719462024524,3.5,25
1719462024675,3.5,1800
1719462025565,3.45,150
1719462026084,3.45,25
1719462026526,3.45,25
1719462027061,3.45,100
1719462027529,3.45,25
1719462028244,3.45,25
1719462028510,3.45,25
1719462029499,3.4,325
1719462029666,3.45,175
1719462030331,3.45,50
1719462030886,3.45,300
1719462031500,3.45,25
1719462032085,3.5,25
1719462032532,3.5,1800
1719462033288,3.45,400
1719462033556,3.5,175
1719462034279,3.45,50
1719462034479,3.45,500
1719462035523,3.5,25
1719462035523,3.5,25
1719462036733,3.55,25
1719462037081,3.5,1675
1719462037429,3.45,225
1719462038216,3.5,25
1719462038531,3.5,50
1719462039349,3.5,25
1719462039349,3.5,25
1719462040551,3.55,25
1719462040701,3.55,50
1719462041512,3.45,25
1719462041803,3.5,1000
1719462042712,3.5,50
1719462043330,3.45,25
1719462043521,3.5,50
1719462044296,3.4,100
1719462044515,3.45,25
1719462045483,3.5,75
1719462045913,3.5,100
1719462046492,3.5,175
1719462047053,3.45,25
1719462047540,3.5,750
1719462048285,3.45,1300
1719462048550,3.5,25
1719462049462,3.45,200
1719462050566,3.55,500
1719462050668,3.55,25
1719462051534,3.55,25
1719462052093,3.55,25
1719462052575,3.6,50
1719462053202,3.6,25
1719462053568,3.65,450
1719462054552,3.55,1800
1719462054723,3.5,75
1719462055778,3.5,25
1719462056075,3.55,350
1719462056561,3.45,25
1719462057334,3.45,100
1719462057578,3.45,125
1719462058562,3.45,425
1719462059541,3.5,25
1719462059906,3.5,25
1719462060082,3.45,125
1719462060767,3.5,125
1719462061307,3.55,25
1719462061573,3.55,50
1719462062566,3.55,200
1719462062732,3.55,200
1719462063549,3.5,25
1719462064343,3.5,25
1719462064579,3.5,1250
1719462065514,3.45,175
1719462065751,3.5,200
1719462066748,3.5,25
1719462067328,3.5,25
1719462067358,3.5,575
1719462068293,3.5,475
1719462068565,3.5,25
1719462069375,3.5,25
1719462069579,3.55,50
1719462070520,3.45,625
1719462070736,3.5,75
1719462071500,3.45,200
1719462072092,3.5,25
1719462072545,3.55,75
1719462072950,3.55,500
1719462073581,3.5,100
1719462074105,3.5,100
1719462074580,3.55,75
1719462075350,3.45,50
1719462075576,3.45,1250
1719462076583,3.5,25
1719462077576,3.45,125
1719462077738,3.45,200
1719462078558,3.55,75
1719462079154,3.5,100
1719462079587,3.5,125
1719462080151,3.5,225
1719462080555,3.45,75
1719462081092,3.5,25
1719462081565,3.5,75
1719462082306,3.45,125
1719462082606,3.4,25
1719462083763,3.45,25
1719462083919,3.4,75
1719462084557,3.4,100
1719462085314,3.35,25
1719462085550,3.4,100
1719462086336,3.35,125
1719462086586,3.35,50
1719462087559,3.4,75
1719462087781,3.4,25
1719462088804,3.45,25
1719462088979,3.45,25
1719462089557,3.4,175
1719462090112,3.4,600
1719462090534,3.45,50
1719462091390,3.4,25
1719462091586,3.4,475
1719462092374,3.4,1600
1719462092576,3.4,75
1719462093285,3.45,50
1719462093605,3.45,175
1719462094534,3.4,25
1719462094790,3.4,25
1719462095579,3.35,25
1719462096006,3.35,675
1719462096521,3.35,1025
1719462097385,3.35,25
1719462097567,3.35,50
1719462098548,3.35,25
1719462099618,3.4,100
1719462099948,3.4,75
1719462100601,3.35,700
1719462101136,3.4,50
1719462101621,3.35,25
1719462102408,3.35,175
1719462102607,3.35,25
1719462103566,3.4,25
1719462104601,3.35,25
1719462104825,3.35,100
1719462105525,3.35,225
1719462105916,3.35,125
1719462106597,3.35,900
1719462107398,3.3,1000
1719462107593,3.35,25
1719462108411,3.4,50
1719462108583,3.4,25
1719462109587,3.45,75
1719462110761,3.5,650
1719462111028,3.45,700
1719462111601,3.5,500
1719462112427,3.45,425
1719462112601,3.45,125
1719462113541,3.45,25
1719462113826,3.45,625
1719462114385,3.4,400
1719462115028,3.4,25
1719462115513,3.4,600
1719462116103,3.4,100
1719462116606,3.4,25
1719462117404,3.4,25
1719462117605,3.35,425
1719462118593,3.35,25
1719462118667,3.35,25
1719462119628,3.3,175
1719462120084,3.35,75
1719462120601,3.3,600
1719462121418,3.35,50
1719462121591,3.3,25
1719462122617,3.3,150
1719462123600,3.25,25
1719462124063,3.25,25
1719462124602,3.3,175
1719462125439,3.25,25
1719462125760,3.25,350
1719462126611,3.25,100
1719462127613,3.25,25
1719462128029,3.3,125
1719462128617,3.2,1300
1719462129209,3.25,125
1719462129610,3.25,350
1719462130437,3.25,75
1719462130597,3.2,500
1719462131373,3.2,25
1719462131611,3.2,350
1719462132404,3.2,25
1719462132553,3.2,100
1719462133638,3.2,25
1719462134797,3.25,25
1719462135064,3.3,75
1719462135359,3.25,150
1719462136053,3.3,175
1719462136604,3.25,150
1719462137220,3.3,150
1719462137599,3.25,75
1719462138378,3.3,225
1719462138626,3.25,25
1719462139300,3.2,25
1719462139599,3.25,200
1719462140465,3.15,75
1719462140836,3.2,175
1719462141609,3.15,25
1719462141875,3.2,25
1719462142614,3.15,25
1719462143144,3.15,25
1719462143607,3.15,300
1719462144466,3.1,300
1719462144621,3.1,175
1719462145379,3.1,100
1719462145613,3.15,575
1719462146630,3.1,25
1719462146654,3.1,125
1719462147596,3.2,50
1719462148026,3.2,25
1719462148610,3.25,350
1719462149234,3.25,100
1719462149631,3.2,200
1719462150084,3.2,175
1719462150266,3.2,25
1719462150612,3.2,25
1719462151400,3.2,25
1719462151602,3.15,25
1719462152499,3.15,425
1719462152665,3.15,175
1719462153624,3.25,500
1719462153755,3.2,425
1719462154520,3.2,250
1719462155006,3.2,225
1719462155633,3.25,75
1719462156268,3.2,25
1719462156633,3.2,500
1719462157298,3.2,25
1719462157616,3.2,25
1719462158303,3.2,450
1719462158632,3.25,1575
1719462159270,3.2,125
1719462159509,3.2,700
1719462160410,3.2,350
1719462160622,3.2,25
1719462161639,3.2,75
1719462161708,3.15,650
1719462162606,3.2,200
1719462162900,3.15,25
1719462163628,3.15,25
1719462164297,3.15,225
1719462164591,3.1,75
1719462165165,3.1,75
1719462165593,3.1,1175
1719462166599,3.15,100
1719462167625,3.05,1150
1719462168021,3.1,75
1719462168536,3.15,75
1719462169475,3.05,150
1719462169638,3.05,125
1719462170653,3.1,25
1719462171096,3.1,100
1719462171604,3.1,25
1719462172512,3.1,50
1719462172646,3.05,25
1719462173606,3.1,50
1719462173717,3.15,75
1719462174643,3.15,100
1719462175292,3.2,25
1719462175625,3.2,50
1719462176485,3.1,25
1719462176587,3.1,25
1719462177642,3.1,200
1719462177642,3.1,200
1719462178569,3.05,200
1719462179123,3.0,200
1719462179627,3.05,25
1719462180046,3.0,25
1719462180321,3.0,75
1719462180572,3.0,25
1719462181507,3.0,50
1719462181631,2.95,675
1719462182722,3.0,25
1719462183647,2.95,25
1719462183906,3.0,125
1719462184564,2.95,50
1719462185160,2.95,25
1719462185622,3.0,125
1719462186294,2.95,125
1719462186513,2.95,25
1719462187523,2.9,25
1719462187655,2.95,825
1719462188639,2.85,475
1719462189653,2.85,100
1719462189731,2.9,25
1719462190639,2.9,25
1719462191137,2.85,25
1719462191638,2.9,25
1719462192538,2.95,125
1719462192650,2.9,25
1719462193560,2.9,150
1719462193653,2.9,125
1719462194647,2.85,475
1719462194730,2.9,350
1719462195637,2.85,100
1719462195713,2.85,475
1719462196660,2.85,25
1719462197147,2.85,225
1719462197652,2.8,200
1719462198327,2.85,400
1719462198647,2.85,50
1719462199353,2.8,225
1719462199659,2.85,150
1719462200560,2.8,25
1719462200650,2.85,150
1719462201656,2.8,25
1719462201699,2.85,725
1719462202670,2.85,25
1719462202954,2.8,325
1719462203641,2.95,50
1719462204167,3.0,325
1719462204639,3.05,50
1719462205366,3.0,75
1719462205664,3.0,1425
1719462206541,3.05,25
1719462206654,3.0,25
1719462207610,3.0,25
1719462207936,3.0,50
1719462208657,2.95,325
1719462209264,2.9,725
1719462209597,2.9,150
1719462210049,2.95,75
1719462210602,2.95,150
1719462211643,2.9,25
1719462211686,2.85,25
1719462212654,2.85,725
1719462212840,2.9,350
1719462213610,2.9,350
1719462214245,2.9,25
1719462214601,2.85,975
1719462215554,2.85,400
1719462215671,2.9,525
1719462216610,2.9,25
1719462217635,2.9,1000
1719462217977,2.85,25
1719462218672,2.9,125
1719462219165,2.9,25
1719462219630,2.9,25
1719462220391,2.9,25
1719462220625,2.9,25
1719462221570,2.9,350
1719462221681,2.9,25
1719462222594,2.85,225
1719462222964,2.85,75
1719462223498,2.9,125
1719462224011,2.85,25
1719462224667,2.9,50
1719462225187,2.85,25
1719462225598,2.85,225
1719462226375,2.9,125
1719462226510,2.9,200
1719462227384,2.85,50
1719462227645,2.85,125
1719462228488,2.85,1000
1719462229590,2.9,25
1719462230654,2.8,75
1719462230786,2.85,100
1719462231667,2.85,125
1719462232006,2.85,125
1719462232668,2.8,250
1719462233199,2.8,125
1719462233655,2.75,25
1719462234371,2.85,25
1719462234620,2.85,150
1719462235371,2.85,25
1719462235636,2.8,25
1719462236641,2.8,125
1719462237564,2.8,125
1719462238587,2.8,75
1719462239643,2.8,50
1719462240000,2.75,50
1719462240661,2.8,25
1719462241413,2.8,25
1719462241637,2.85,175
1719462242394,2.8,25
1719462242605,2.8,375
1719462243503,2.85,25
1719462244686,2.85,25
1719462244773,2.85,25
1719462245632,2.95,25
1719462246182,2.95,25
1719462246692,2.95,25
1719462247435,2.9,600
1719462247585,2.95,50
1719462248580,2.95,25
1719462248580,2.95,25
1719462249648,2.95,100
1719462249772,2.9,25
1719462250600,2.95,25
1719462251200,2.95,250
1719462251635,2.95,125
1719462252436,2.95,75
1719462252436,2.95,75
1719462253435,2.9,25
1719462253570,2.85,25
1719462254658,2.95,400
1719462255684,2.95,25
1719462256595,2.95,100
1719462257564,2.9,100
1719462258023,2.95,125
1719462258600,2.95,25
1719462259334,2.9,500
1719462259580,2.95,300
1719462260696,2.95,25
1719462261605,2.95,150
1719462261730,2.9,125
1719462263023,2.95,100
1719462263646,2.95,25
1719462264350,2.95,25
1719462264700,2.95,25
1719462265700,2.95,25
1719462265837,2.95,25
1719462266558,2.95,25
1719462267027,3.0,150
1719462267658,3.0,50
1719462268434,3.0,600
1719462268684,3.0,25
1719462269655,3.0,25
1719462269900,3.0,25
1719462270555,2.95,25
1719462270555,2.95,25
1719462271193,2.95,25
1719462272209,3.0,25
1719462272701,3.0,25
1719462273477,3.0,175
1719462273477,3.0,175
1719462274692,3.0,25
1719462275539,3.0,25
1719462276030,3.0,25
1719462276600,3.0,25
1719462277185,3.0,50
1719462277687,3.05,25
1719462278632,3.0,25
1719462279641,3.05,25
1719462280284,3.05,25
1719462280600,3.1,25
1719462281690,3.05,100
1719462282012,3.1,25
1719462282694,3.1,925
1719462283665,3.05,25
1719462284663,3.0,25
1719462285061,3.0,25
1719462285883,3.05,50
1719462286700,3.05,25
1719462287653,3.0,300
1719462288251,3.0,25
1719462288589,3.05,75
1719462289672,3.05,50
1719462290608,3.1,25
1719462291343,3.15,25
1719462291913,3.2,175
1719462292614,3.2,250
1719462293045,3.2,150
1719462293753,3.15,1150
1719462294730,3.1,50
1719462295595,3.15,25
1719462296178,3.1,50
1719462296898,3.1,1175
1719462297650,3.05,25
1719462298613,3.15,150
1719462298800,3.1,25
1719462299719,3.15,50
1719462300071,3.05,300
1719462300504,3.1,250
1719462300708,3.15,50
1719462301646,3.1,600
1719462302233,3.05,1725
1719462302718,3.1,50
1719462303896,3.05,25
1719462304469,3.1,25
1719462305411,3.1,25
1719462305639,3.1,75
1719462306726,3.15,250
1719462307257,3.05,25
1719462307716,3.05,25
1719462308565,3.1,50
1719462308914,3.1,25
1719462309872,3.0,200
1719462310273,3.0,1325
1719462310706,3.05,250
1719462311737,3.05,25
1719462312935,3.2,75
1719462313114,3.25,100
1719462313704,3.2,100
1719462327882,3.15,175
1719462328073,3.15,625
1719462328728,3.15,1050
1719462329647,3.15,25
1719462330552,3.2,125
1719462331356,3.2,50
1719462331727,3.15,200
1719462332715,3.1,25
1719462332953,3.15,50
1719462333785,3.15,25
1719462334016,3.1,400
1719462334679,3.1,1350
1719462335513,3.1,25
1719462335619,3.15,900
1719462336706,3.1,375
1719462337706,3.15,50
1719462338033,3.1,25
1719462338726,3.1,500
1719462338726,3.1,500
1719462339542,3.1,25
1719462339542,3.1,25
1719462340926,3.15,25
1719462341533,3.05,650
1719462341634,3.1,50
1719462342708,3.1,25
1719462348773,3.1,25
1719462349731,3.1,100
1719462349731,3.1,100
1719462350568,3.05,100
1719462350998,3.1,50
1719462351933,3.1,100
1719462352276,3.05,25
1719462352703,3.1,75
1719462353418,3.1,50
1719462353717,3.15,450
1719462354769,3.05,150
1719462355704,3.05,600
1719462355767,3.1,25
1719462356742,3.1,300
1719462357140,3.05,50
1719462357671,3.1,200
1719462358700,3.05,25
1719462360063,3.05,200
1719462360733,3.05,25
1719462361018,3.05,200
1719462361273,3.1,50
1719462362057,3.05,25
1719462362674,3.1,300
1719462363544,3.1,250
1719462363763,3.1,25
1719462364820,3.05,150
1719462365946,3.05,25
1719462366704,3.0,175
1719462367222,2.95,25
1719462367718,2.95,25
1719462368354,3.0,25
1719462368727,2.95,250
1719462369725,2.95,50
1719462369939,3.0,25
1719462370551,3.0,100
1719462371142,3.05,775
1719462371588,3.0,25
1719462372427,3.1,150
1719462372776,3.05,450
1719462373799,3.05,400
1719462405775,3.3,25
1719462406462,3.3,25
1719462406986,3.3,25
1719462407711,3.35,250
1719462408764,3.55,25
1719462409264,3.55,75
1719462409985,3.45,150
1719462410749,3.45,175
1719462410837,3.4,50
1719462411792,3.45,25
1719462412486,3.35,200
1719462412948,3.4,825
1719462413791,3.35,25
1719462413877,3.4,25
1719462414970,3.45,425
1719462415488,3.55,450
1719462415788,3.65,25
1719462416784,3.6,225
1719462417100,3.75,100
1719462417782,3.6,300
1719462418717,3.5,25
1719462418760,3.55,50
1719462419790,3.6,25
1719462420081,3.65,50
1719462420511,3.9,50
1719462420989,3.8,25
1719462421788,4.25,25
1719462422114,4.1,75
1719462422788,4.05,100
1719462423728,3.8,25
1719462424004,3.8,1175
1719462424795,3.7,175
1719462425307,3.75,25
1719462425931,3.65,75
1719462426813,3.75,25
1719462426915,3.7,225
1719462428005,3.55,25
1719462428505,3.55,25
1719462428770,3.65,25
1719462429697,3.7,25
1719462429815,3.7,25
1719462430977,3.65,25
1719462431121,3.65,25
1719462431799,3.7,100
1719462432508,3.65,25
1719462432788,3.65,1000
1719462433810,3.6,300
1719462433907,3.65,25
1719462434794,3.7,125
1719462435334,3.7,1150
1719462436007,3.65,100
1719462436728,3.65,1650
1719462436802,3.65,50
1719462437809,3.6,150
1719462437930,3.6,125
1719462438806,3.6,150
1719462439122,3.65,275
1719462440001,3.6,75
1719462440778,3.55,50
1719462441796,3.6,1625
1719462441933,3.6,700
1719462442802,3.6,25
1719462443114,3.55,25
1719462443982,3.6,25
1719462444806,3.65,825
1719462445794,3.7,125
1719462446076,3.7,125
1719462446806,3.75,100
1719462447338,3.7,250
1719462448022,3.7,125
1719462448817,3.65,100
1719462448955,3.65,125
1719462449803,3.65,125
1719462450076,3.65,125
1719462450097,3.65,125
1719462450815,3.55,100
1719462451759,3.55,50
1719462452007,3.55,25
1719462452806,3.5,25
1719462453114,3.5,50
1719462453801,3.6,25
1719462454776,3.6,25
1719462456984,3.6,250
1719462457362,3.6,25
1719462457810,3.65,150
1719462458462,3.6,25
1719462458824,3.55,25
1719462459806,3.55,500
1719462460807,3.65,100
1719462460909,3.6,75
1719462462026,3.65,25
1719462462826,3.75,25
1719462463342,3.75,25
1719462463807,3.75,25
1719462464823,3.75,50
1719462464973,3.75,25
1719462465997,3.85,25
1719462466375,3.95,25
1719462466792,3.95,25
1719462467831,4.1,25
1719462467970,4.1,125
1719462469019,4.05,225
1719462469583,4.05,25
1719462469774,4.05,25
1719462470817,4.1,125
1719462471185,4.0,325
1719462472024,4.25,25
1719462472822,4.15,150
1719462473792,4.15,25
1719462474395,4.0,75
1719462474822,4.0,75
1719462476010,4.0,150
1719462476840,4.15,350
1719462477830,4.2,50
1719462478989,3.95,250
1719462479341,4.0,25
1719462479839,3.95,675
1719462480103,4.0,25
1719462480830,4.2,75
1719462480995,4.15,75
1719462482026,4.35,50
1719462482797,4.5,25
1719462482837,4.45,50
1719462484036,4.35,25
1719462484398,4.2,450
1719462484829,4.25,250
1719462485845,4.25,25
1719462487011,4.2,50
1719462487612,4.25,50
1719462487855,4.2,175
1719462488805,4.15,100
1719462489005,4.15,100
1719462490027,4.25,25
1719462490412,4.15,150
1719462490825,4.1,150
1719462491810,4.25,75
1719462493022,4.25,125
1719462493198,4.15,25
1719462493835,4.1,325
1719462494561,4.1,25
1719462494854,4.15,550
1719462495838,4.05,25
1719462496018,4.0,75
1719462497052,4.1,25
1719462497618,4.0,400
1719462497829,4.0,125
1719462498836,3.95,25
1719462499019,4.0,550
1719462500050,3.85,250
1719462500424,3.9,175
1719462500818,3.95,175
1719462501825,4.05,100
1719462501993,4.1,100
1719462503045,4.15,175
1719462503620,4.05,50
1719462509860,4.15,50
1719462510048,4.1,375
1719462510831,4.1,525
1719462510846,4.15,25
1719462511843,4.2,50
1719462512351,4.2,125
1719462513032,4.2,600
1719462513837,4.25,500
1719462513852,4.2,50
1719462514815,4.2,75
1719462515437,4.25,25
1719462515866,4.2,250
1719462517049,4.2,1250
1719462517859,4.15,25
1719462518856,4.05,25
1719462519843,4.1,25
1719462520446,4.1,250
1719462520872,4.1,100
1719462522105,4.0,75
1719462522851,3.95,350
1719462523650,3.95,100
1719462523854,4.0,25
1719462524850,4.0,100
1719462525048,4.0,225
1719462526006,4.0,25
1719462526652,4.05,125
1719462526876,3.95,25
1719462527854,4.05,100
1719462528057,4.0,75
1719462528834,3.85,50
1719462534851,4.0,50
1719462535247,4.0,900
1719462535866,4.05,50
1719462536586,4.0,25
1719462536869,4.0,200
1719462545871,4.05,125
1719462546006,4.0,975
1719462546865,3.9,50
1719462547491,3.95,50
1719462548072,3.95,550
1719462548866,4.0,425
1719462549852,4.0,100
1719462550096,4.0,725
1719462551047,4.05,50
1719462551488,4.1,50
1719462551876,4.1,50
1719462560679,4.1,75
1719462561063,4.15,200
1719462561870,4.2,425
1719462562106,4.2,25
1719462562881,4.2,200
1719462563513,4.05,50
1719462563879,4.1,50
1719462564911,4.15,25
1719462565040,4.15,25
1719462565872,4.1,25
1719462566098,4.05,375
1719462566882,4.1,150
1719462567528,4.15,50
1719462568088,4.2,100
1719462569310,4.15,25
1719462575125,4.15,150
1719462576067,4.0,300
1719462576298,4.05,50
1719462576899,3.95,25
1719462602900,4.35,25
1719462602982,4.3,75
1719462604118,4.2,50
1719462604575,4.15,100
1719462604916,4.15,50
1719462605909,4.1,100
1719462606185,4.15,250
1719462606903,4.05,125
1719462607580,4.1,25
1719462608109,4.05,175
1719462608890,4.15,100
1719462609184,4.1,100
1719462609915,4.1,100
1719462610360,4.0,25
1719462611111,4.1,50
1719462611902,4.0,25
1719462611960,4.1,125
1719462612899,4.1,900
1719462613406,4.1,25
1719462613866,4.05,400
1719462614896,4.1,100
1719462616089,4.1,25
1719462616168,4.05,500
1719462616911,4.1,50
1719462617616,4.05,25
1719462617888,4.0,300
1719462618915,4.0,75
1719462619197,3.95,25
1719462619926,4.0,800
1719462620428,3.85,600
1719462620892,3.9,250
1719462621742,3.85,1025
1719462622118,3.85,25
1719462622905,3.9,125
1719462623205,3.9,775
1719462623882,3.9,700
1719462624570,3.85,25
1719462624916,3.85,50
1719462625919,3.75,200
1719462627110,3.9,250
1719462627226,3.85,875
1719462627921,3.95,150
1719462628219,4.0,50
1719462628921,4.0,25
1719462629619,4.05,450
1719462629879,4.0,50
1719462630880,4.0,25
1719462631220,4.05,100
1719462632137,4.1,375
1719462632382,4.1,150
1719462632925,4.1,100
1719462633637,4.15,75
1719462633941,4.2,25
1719462635020,4.25,250
1719462635913,4.25,200
1719462636216,4.25,25
1719462636884,4.2,25
1719462637427,4.2,25
1719462638086,4.15,50
1719462638932,4.15,25
1719462639829,4.1,25
1719462640027,4.05,1000
1719462640783,4.15,50
1719462641243,4.15,50
1719462641927,4.1,75
1719462642447,4.05,25
1719462642947,4.05,25
1719462643841,3.9,100
1719462643893,3.95,25
1719462644893,4.0,25
1719462645241,4.05,25
1719462645785,4.05,500
1719462646643,4.1,125
1719462647126,4.1,25
1719462647943,4.1,650
1719462648045,4.05,175
1719462648915,4.15,1000
1719462649207,4.1,50
1719462649934,4.1,25
1719462650431,4.05,25
1719462650916,4.0,825
1719462651941,4.05,125
1719462653034,3.95,325
1719462654050,3.95,350
1719462654130,3.95,150
1719462654937,3.95,25
1719462655251,3.9,25
1719462655886,3.95,75
1719462656423,3.95,100
1719462656903,4.0,100
1719462657960,4.15,75
1719462658930,4.05,125
1719462659445,4.1,25
1719462660150,4.3,25
1719462660944,4.35,25
1719462661066,4.35,75
1719462661957,4.35,25
1719462662661,4.3,50
1719462662934,4.3,50
1719462664154,4.4,25
1719462664273,4.35,75
1719462664930,4.25,50
1719462665942,4.4,75
1719462667228,4.45,350
1719462667949,4.3,75
1719462668497,4.35,25
1719462668938,4.35,500
1719462669943,4.25,350
1719462670058,4.25,100
1719462671162,4.25,200
1719462671681,4.35,25
1719462671949,4.4,25
1719462672934,4.35,400
1719462673075,4.35,50
1719462674041,4.35,25
1719462674240,4.3,50
1719462674938,4.35,125
1719462675683,4.3,200
1719462675921,4.3,25
1719462676949,4.35,75
1719462677107,4.35,850
1719462678164,4.25,100
1719462678284,4.35,25
1719462678945,4.25,250
1719462679520,4.3,100
1719462679943,4.35,25
1719462681103,4.4,25
1719462682178,4.75,25
1719462682692,4.55,150
1719462682951,4.55,25
1719462684163,4.3,100
1719462684312,4.3,500
1719462684963,4.35,125
1719462685915,4.4,225
1719462686119,4.4,275
1719462686965,4.4,50
1719462687313,4.4,400
1719462687966,4.35,125
1719462688513,4.45,75
1719462689151,4.35,500
1719462689944,4.35,25
1719462690107,4.35,100
1719462690958,4.35,1650
1719462691493,4.4,50
1719462692133,4.4,50
1719462692962,4.3,50
1719462693977,4.25,25
1719462694306,4.25,50
1719462694963,4.25,50
1719462695335,4.25,50
1719462695959,4.25,50
1719462696736,4.3,125
1719462697162,4.35,1000
1719462703169,4.4,50
1719462703961,4.35,50
1719462704972,4.4,50
1719462705135,4.35,50
1719462735994,4.7,300
1719462736790,4.65,400
1719462737190,4.6,75
1719462737985,4.6,200
1719462738396,4.6,50
1719462739177,4.7,750
1719462739943,4.65,600
1719462740991,4.6,400
1719462741386,4.65,25
1719462742209,4.6,25
1719462742596,4.65,200
1719462742935,4.7,50
1719462745381,4.7,100
1719462745987,4.65,25
1719462746418,4.75,500
1719462746955,4.7,25
1719462747795,4.65,1800
1719462747991,4.7,150
1719462748960,4.65,250
1719462749213,4.8,150
1719462750082,4.65,25
1719462750134,4.7,25
1719462750406,4.65,75
1719462751002,4.7,250
1719462751620,4.7,175
1719462751993,4.7,75
1719462753208,4.85,75
1719462753976,4.95,25
1719462754427,4.85,150
1719462754997,4.8,250
1719462755823,4.9,475
1719462756222,4.8,350
1719462757004,5.05,50
1719462757426,5.05,150
1719462758002,4.95,50
1719462759017,4.9,775
1719462759159,4.9,50
1719462759985,4.85,150
1719462760401,4.85,75
1719462767830,4.7,25
1719462767992,4.7,25
1719462769000,4.75,25
1719462769416,4.8,275
1719462769999,4.7,50
1719462771016,4.85,400
1719462772208,5.15,25
1719462772653,5.15,75
1719462773021,5.2,525
1719462774001,5.2,500
1719462774258,5.15,200
1719462775213,5.15,50
1719462775846,5.05,350
1719462775996,5.1,25
1719462777217,4.95,50
1719462777460,5.0,50
1719462778009,5.0,25
1719462778580,5.0,50
1719462779029,4.95,25
1719462780105,5.0,100
1719462780175,5.05,50
1719462780256,5.05,25
1719462780993,5.1,525
1719462781664,5.25,550
1719462782005,5.1,75
1719462783211,5.2,1500
1719462783264,5.2,450
1719462784007,5.25,50
1719462784870,5.25,650
1719462785018,5.25,875
1719462786210,5.2,500
1719462786643,5.3,250
1719462787013,5.3,75
1719462788014,5.35,75
1719462788065,5.3,100
1719462789208,5.2,25
1719462789462,5.2,75
1719462790033,5.5,25
1719462790860,5.4,25
1719462791036,5.45,75
1719462792225,5.5,50
1719462792464,5.5,25
1719462793023,5.35,50
1719462793658,5.45,100
1719462794222,5.35,500
1719462795033,5.4,25
1719462795291,5.35,25
1719462795961,5.4,250
1719462796472,5.4,200
1719462797220,5.3,50
1719462797896,5.3,50
1719462798036,5.2,200
1719462799020,5.25,50
1719462799281,5.25,75
1719462800196,5.4,75
1719462800449,5.45,25
1719462801038,5.55,200
1719462801893,5.5,25
1719462802040,5.55,250
1719462802968,5.5,50
1719462803496,5.5,50
1719462804231,5.5,25
1719462804501,5.55,25
1719462805029,5.45,700
1719462806020,5.45,50
1719462806090,5.45,50
1719462807228,5.3,75
1719462807508,5.25,25
1719462808024,5.3,25
1719462809039,5.3,725
1719462809095,5.25,25
1719462810236,5.25,25
1719462810693,5.35,200
1719462811048,5.25,50
1719462812309,5.1,25
1719462813034,5.2,600
1719462814115,5.3,25
1719462815245,5.25,25
1719462815525,5.25,225
1719462816027,5.2,250
1719462817117,5.3,125
1719462817242,5.35,650
1719462818038,5.15,25
1719462818327,5.15,550
1719462819035,5.25,1650
1719462819715,5.1,50
1719462820228,5.0,25
1719462821046,5.05,25
1719462821334,5.0,100
1719462822035,4.95,25
1719462822531,4.95,450
1719462823221,5.1,25
1719462824028,5.1,25
1719462825041,5.0,25
1719462825733,5.15,1075
1719462826257,5.1,50
1719462827047,5.05,200
1719462827326,5.2,50
1719462828054,5.2,300
1719462828746,5.05,550
1719462829026,5.05,25
1719462830131,5.2,25
1719462830230,5.2,25
1719462831038,5.1,25
1719462831521,5.1,500
1719462832053,5.15,25
1719462832743,5.35,50
1719462833005,5.3,50
1719462834247,5.2,75
1719462835053,5.25,25
1719462835340,5.2,550
1719462836001,5.2,50
1719462836760,5.2,50
1719462837004,5.2,75
1719462838158,5.25,125
1719462838248,5.3,125
1719462839053,5.3,100
1719462839358,5.35,125
1719462840048,5.45,500
1719462840951,5.35,25
1719462841031,5.4,25
1719462842012,5.35,250
1719462842372,5.35,25
1719462843213,5.35,75
1719462843766,5.35,25
1719462844022,5.4,25
1719462844995,5.45,1800
1719462845165,5.4,625
1719462846041,5.3,150
1719462846736,5.25,1200
1719462847258,5.35,75
1719462848020,5.2,150
1719462848177,5.1,25
1719462849051,5.2,100
1719462849375,5.1,25
1719462850051,5.15,150
1719462850578,5.2,575
1719462851043,5.15,625
1719462852179,5.25,625
1719462852234,5.25,25
1719462853052,5.2,75
1719462853587,5.2,125
1719462854071,5.15,50
1719462854746,5.2,175
1719462855100,5.3,100
1719462856046,5.25,1625
1719462856141,5.3,50
1719462857038,5.2,75
1719462857384,5.25,750
1719462858236,5.25,25
1719462858596,5.25,575
1719462858995,5.2,25
1719462859787,5.25,25
1719462860025,5.25,25
1719462861047,5.25,375
1719462861355,5.25,25
1719462862054,5.3,700
1719462862527,5.3,25
1719462863265,5.35,250
1719462864071,5.3,25
1719462865062,5.3,800
1719462865172,5.25,925
1719462866262,5.3,100
1719462866610,5.35,225
1719462867049,5.25,25
1719462868082,5.25,25
1719462868218,5.25,50
1719462869250,5.2,450
1719462869503,5.2,1050
1719462870054,5.2,25
1719462870054,5.2,25
1719462871038,5.2,25
1719462871148,5.2,25
1719462872055,5.25,500
1719462872595,5.2,25
1719462873260,5.2,25
1719462873596,5.25,25
1719462874074,5.2,25
1719462875010,5.25,25
1719462875039,5.2,25
1719462876049,5.25,25
1719462877075,5.2,75
1719462877169,5.25,25
1719462878072,5.25,75
1719462878387,5.3,75
1719462879062,5.3,25
1719462879636,5.25,25
1719462880032,5.3,25
1719462880788,5.25,25
1719462881044,5.35,1300
1719462882068,5.3,25
1719462882231,5.35,50
1719462883016,5.4,200
1719462883392,5.45,450
1719462884039,5.35,500
1719462884622,5.4,75
1719462885067,5.3,125
1719462885736,5.3,175
1719462886080,5.3,25
1719462887081,5.4,200
1719462887407,5.35,450
1719462888058,5.35,75
1719462888631,5.3,275
1719462889070,5.35,50
1719462890025,5.35,450
1719462890083,5.4,150
1719462891056,5.4,25
1719462891413,5.4,25
1719462892007,5.4,25
1719462892395,5.4,50
1719462893054,5.45,50
1719462893650,5.4,375
1719462894272,5.4,100
1719462894843,5.4,200
1719462895005,5.5,75
1719462896078,5.45,500
1719462896242,5.45,25
1719462897051,5.5,25
1719462897441,5.55,125
1719462898091,5.65,425
1719462898850,5.95,50
1719462899089,5.9,25
1719462900109,5.85,575
1719462900261,5.9,225
1719462900655,5.95,825
1719462901083,5.85,100
1719462902105,5.65,100
1719462902248,5.65,25
1719462903084,5.5,325
1719462903867,5.45,25
1719462904292,5.4,200
1719462905074,5.35,75
1719462905649,5.3,75
1719462906085,5.4,250
1719462907302,5.6,1225
1719462908094,5.45,25
1719462908660,5.5,25
1719462909087,5.5,25
1719462909821,5.45,25
1719462910288,5.45,25
1719462911076,5.45,25
1719462912093,5.45,75
1719462912424,5.5,75
1719462913095,5.5,75
1719462913644,5.45,25
1719462914082,5.45,75
1719462914876,5.4,350
1719462915060,5.45,350
1719462916108,5.55,100
1719462917100,5.45,25
1719462917460,5.45,25
1719462918062,5.45,150
1719462918657,5.6,150
1719462919106,5.55,100
1719462919875,5.55,375
1719462920043,5.55,400
1719462921050,5.45,125
1719462921050,5.45,125
1719462922108,5.75,200
1719462922270,5.75,1200
1719462923105,5.75,50
1719462923656,5.7,25
1719462924077,5.65,725
1719462925121,5.6,50
1719462926082,5.6,125
1719462926286,5.6,25
1719462927092,5.55,25
1719462927504,5.6,75
1719462928100,5.5,25
1719462928693,5.55,50
1719462929114,5.55,875
1719462929869,5.55,25
1719462930102,5.55,75
1719462930309,5.55,25
1719462931084,5.5,1575
1719462931289,5.5,25
1719462932091,5.6,800
1719462932667,5.6,50
1719462933103,5.6,25
1719462933907,5.6,225
1719462934131,5.65,1200
1719462935325,5.6,75
1719462935508,5.65,350
1719462936117,5.65,75
1719462936713,5.7,50
1719462937113,5.75,100
1719462938311,6.0,50
1719462939120,6.15,800
1719462939698,6.0,50
1719462940112,6.15,525
1719462940925,6.0,300
1719462941106,6.1,25
1719462942121,6.2,50
1719462942521,6.25,325
1719462943326,6.45,25
1719462944115,6.5,25
1719462945136,6.6,25
1719462945532,6.5,675
1719462946127,6.5,25
1719462946935,6.35,1000
1719462947319,6.1,175
1719462948105,6.15,75
1719462948333,6.1,1450
1719462949105,6.1,25
1719462949732,6.15,200
1719462950122,6.15,75
1719462950713,5.95,100
1719462951136,5.9,175
1719462952336,5.95,50
1719462953102,6.05,75
1719462953734,6.1,75
1719462954105,6.05,50
1719462955132,6.25,25
1719462955279,6.15,25
1719462956131,6.15,25
1719462956534,6.15,25
1719462957121,6.1,25
1719462957747,5.95,1250
1719462958334,5.9,50
1719462958945,5.95,25
1719462959133,5.9,25
1719462960099,5.9,25
1719462960124,5.95,125
1719462960524,5.95,25
1719462961332,6.2,25
1719462961754,6.2,50
1719462962139,6.35,50
1719462963140,6.1,225
1719462964325,6.0,400
1719462964544,6.0,25
1719462965122,6.0,50
1719462965754,5.95,375
1719462966123,5.95,125
1719462967123,5.95,200
1719462967355,5.95,25
1719462968090,5.9,150
1719462968557,5.9,525
1719462969314,5.9,50
1719462969963,6.05,1125
1719462970134,6.05,450
1719462971124,6.1,25
1719462971553,6.05,200
1719462972332,6.1,75
1719462972951,6.15,1650
1719462973110,6.15,25
1719462974156,6.15,250
1719462975115,6.15,1750
1719462975574,6.15,100
1719462976114,6.1,75
1719462976763,6.1,500
1719462977349,6.1,275
1719462977948,6.05,1000
1719462978095,5.95,100
1719462979132,5.9,150
1719462979161,5.9,25
1719462980126,5.95,50
1719462980390,6.0,25
1719462981140,6.0,100
1719462981562,6.05,475
1719462982128,6.1,250
1719462982793,6.05,600
1719462983109,6.0,350
1719462983941,5.95,50
1719462984128,5.95,25
1719462985127,6.05,75
1719462985408,6.0,100
1719462986325,5.95,225
1719462986597,5.9,50
1719462987150,6.0,50
1719462987780,6.0,50
1719462988099,5.9,75
1719462989333,5.85,75
1719462989404,5.85,25
1719462990079,5.8,250
1719462990143,5.8,125
1719462990765,5.7,325
1719462991146,5.75,25
1719462992001,5.65,50
1719462992136,5.65,50
1719462993072,5.8,50
1719462993405,5.75,100
1719462994137,5.85,25
1719462994605,5.75,75
1719462995145,5.7,525
1719462995755,5.75,200
1719462996133,5.8,75
1719462997017,5.8,350
1719462997116,5.9,125
1719462998114,5.8,25
1719462998200,5.8,25
1719462999158,5.8,125
1719462999783,5.85,25
1719463000148,5.8,175
1719463001116,5.8,200
1719463001229,5.75,125
1719463002338,5.7,25
1719463002620,5.75,25
1719463003159,5.65,25
1719463003816,5.6,250
1719463004139,5.6,25
1719463005187,5.75,175
1719463006107,5.7,75
1719463006397,5.7,650
1719463007154,5.6,50
1719463007827,5.7,25
1719463008144,5.7,100
1719463009012,5.8,150
1719463015113,5.8,50
1719463016049,5.8,50
1719463016162,5.75,25
1719463017229,5.85,125
1719463018146,5.95,25
1719463018841,6.0,125
1719463019154,6.0,675
1719463020105,6.1,25
1719463020245,6.1,400
1719463021162,6.2,50
1719463021824,6.2,25
1719463022169,6.25,25
1719463023064,6.2,625
1719463023371,6.15,225
1719463024161,6.25,25
1719463024446,6.2,725
1719463025150,6.2,25
1719463025822,6.1,100
1719463026159,6.2,25
1719463027185,6.1,25
1719463028178,6.2,25
1719463028435,6.2,100
1719463029169,6.35,300
1719463029868,6.4,1000
1719463030349,6.35,25
1719463031164,6.55,250
1719463031451,6.65,1550
1719463032173,6.65,1800
1719463033068,6.75,25
1719463033152,6.75,25
1719463034461,6.35,1000
1719463035180,6.2,50
1719463035864,6.1,25
1719463036162,6.05,25
1719463037160,6.05,200
1719463037467,6.15,50
1719463038168,6.1,75
1719463038865,6.1,25
1719463039176,6.0,50
1719463040153,6.1,50
1719463041365,6.25,75
1719463041484,6.2,25
1719463042174,6.05,50
1719463042683,6.1,75
1719463043193,6.1,25
1719463043894,6.0,25
1719463044170,6.05,75
1719463045066,6.2,25
1719463045176,6.2,175
1719463046159,6.1,700
1719463046376,6.2,25
1719463047146,6.1,150
1719463047669,6.2,75
1719463048158,6.2,200
1719463048873,6.15,25
1719463049159,6.15,25
1719463049883,6.1,250
1719463050044,6.15,75
1719463050174,6.15,125
1719463050888,6.1,25
1719463051159,6.1,900
1719463052149,6.0,525
1719463052484,5.85,50
1719463053369,5.85,325
1719463053887,5.9,150
1719463054179,5.95,50
1719463055164,5.95,25
1719463056167,5.9,50
1719463056477,6.0,425
1719463057192,5.9,100
1719463057883,5.8,50
1719463058150,5.8,50
1719463058903,5.75,50
1719463059184,5.8,350
1719463060175,5.8,250
1719463060310,5.8,200
1719463061203,5.9,75
1719463061710,5.95,150
1719463062178,5.95,200
1719463062887,5.95,125
1719463063187,5.9,200
1719463064186,5.85,1025
1719463064304,5.85,850
1719463065182,5.8,25
1719463065706,5.8,75
1719463066191,5.75,125
1719463066871,5.8,250
1719463067190,5.75,50
1719463068205,5.9,825
1719463068317,6.0,25
1719463069200,5.9,25
1719463069641,5.9,150
1719463070177,5.95,75
1719463071097,6.0,100
1719463071185,5.95,250
1719463072185,5.95,1800
1719463072496,5.95,50
1719463073187,5.9,25
1719463073905,5.85,75
1719463074200,5.85,100
1719463075121,5.95,25
1719463075199,5.95,125
1719463076157,5.95,300
1719463076494,5.85,250
1719463077180,6.0,25
1719463077742,5.9,100
1719463078197,5.95,100
1719463078937,5.9,25
1719463079366,5.9,25
1719463080101,5.85,25
1719463080191,5.85,100
1719463080485,5.8,375
1719463081138,5.8,425
1719463081710,5.9,750
1719463082212,5.9,25
1719463082918,5.9,25
1719463083194,5.95,875
1719463084106,6.0,25
1719463084220,6.15,25
1719463085325,6.05,25
1719463085536,6.1,50
1719463086144,6.0,25
1719463086909,5.95,25
1719463087191,6.0,500
1719463088200,6.05,25
1719463089212,5.85,475
1719463089732,5.9,1000
1719463090212,5.9,350
1719463090927,6.0,125
1719463091299,5.95,500
1719463092214,6.05,50
1719463092536,6.05,25
1719463093212,5.95,25
1719463093933,6.0,1525
1719463094200,6.0,25
1719463094952,6.1,75
1719463095216,6.1,150
1719463096205,6.2,125
1719463096348,6.15,250
1719463097177,6.05,25
1719463097757,6.05,25
1719463098211,6.05,50
1719463099152,5.9,25
1719463099221,5.95,250
1719463100170,5.95,25
1719463100521,6.0,250
1719463101131,6.05,25
1719463101937,6.05,25
1719463102197,6.05,175
1719463102960,6.05,100
1719463103224,5.95,250
1719463104213,5.9,675
1719463105165,6.05,50
1719463105378,6.0,250
1719463106227,6.0,300
1719463106685,6.0,500
1719463107208,6.0,25
1719463107909,5.95,50
1719463108154,5.95,125
1719463108933,6.0,325
1719463109186,6.0,250
1719463110224,5.85,450
1719463111115,5.9,250
1719463111559,5.95,25
1719463112146,5.9,25
1719463112751,5.9,175
1719463113220,5.9,25
1719463113720,5.9,25
1719463114228,5.85,325
1719463114930,5.8,1200
1719463115217,5.8,825
1719463116219,5.8,475
1719463116378,5.8,75
1719463117215,5.85,25
1719463117763,5.85,75
1719463118195,5.95,50
1719463118889,5.95,25
1719463119194,6.0,500
1719463120202,5.95,150
1719463120313,6.0,25
1719463121227,6.05,175
1719463121705,6.4,50
1719463122452,6.4,25
1719463123196,6.4,125
1719463123405,6.35,125
1719463124233,6.6,50
1719463124979,6.3,1800
1719463125211,6.3,575
1719463126208,6.35,25
1719463127242,6.6,25
1719463127590,6.45,650
1719463128229,6.4,50
1719463128983,6.3,50
1719463129215,6.3,75
1719463130208,6.1,225
1719463130388,6.1,100
1719463131225,6.1,50
1719463131795,6.0,25
1719463132201,6.05,25
1719463133005,6.05,25
1719463133232,6.0,450
1719463134235,6.1,25
1719463135196,6.1,75
1719463135357,6.1,75
1719463136117,6.15,25
1719463136783,6.2,400
1719463137222,6.2,100
1719463138010,6.15,50
1719463138191,6.2,100
1719463139015,6.2,250
1719463139404,6.35,25
1719463140098,6.4,25
1719463140232,6.35,125
1719463140585,6.25,25
1719463141177,6.35,150
1719463142031,6.35,375
1719463142251,6.45,650
1719463143026,6.25,275
1719463143242,6.25,100
1719463144233,6.15,125
1719463144413,6.15,25
1719463145224,6.1,250
1719463145822,6.15,25
1719463146233,6.15,50
1719463147001,6.2,125
1719463147247,6.15,50
1719463148260,6.15,25
1719463148428,6.15,50
1719463149260,6.2,50
1719463149556,6.2,75
1719463150255,6.2,75
1719463151027,6.15,25
1719463151234,6.1,50
1719463152043,6.15,50
1719463152237,6.15,50
1719463153237,6.15,675
1719463154238,6.3,50
1719463154644,6.25,350
1719463155261,6.5,25
1719463156034,6.35,25
1719463156245,6.35,300
1719463157236,6.35,875
1719463157423,6.35,25
1719463158240,6.2,125
1719463158649,6.25,175
1719463159244,6.2,25
1719463159832,6.25,25
1719463160233,6.25,25
1719463160984,6.3,425
1719463161244,6.3,25
1719463161996,6.25,25
1719463162224,6.25,600
1719463163215,6.35,75
1719463163460,6.35,100
1719463164241,6.3,250
1719463164647,6.45,50
1719463165155,6.35,25
1719463166055,6.35,575
1719463166250,6.35,75
1719463167047,6.35,25
1719463167446,6.25,600
1719463168266,6.3,125
1719463168474,6.3,50
1719463169245,6.25,25
1719463169627,6.2,125
1719463170256,6.25,50
1719463170781,6.15,25
1719463171254,6.2,225
1719463172062,6.2,450
1719463172188,6.15,500
1719463173055,6.25,50
1719463173179,6.25,25
1719463174244,6.25,25
1719463174399,6.25,25
1719463175241,6.2,75
1719463175875,6.15,25
1719463176260,6.2,150
1719463177026,6.2,175
1719463177230,6.15,25
1719463178031,6.15,800
1719463178457,6.05,400
1719463179024,6.15,100
1719463179237,6.15,25
1719463180281,5.95,550
1719463180865,6.15,50
1719463181201,6.2,75
1719463182250,6.25,1425
1719463182467,6.35,25
1719463183467,6.4,75
1719463183888,6.35,250
1719463184234,6.25,925
1719463185082,6.35,125
1719463185274,6.3,50
1719463186265,6.25,500
1719463186455,6.15,675
1719463187256,6.05,125
1719463187692,6.1,50
1719463188276,6.15,25
1719463188893,6.05,900
1719463189253,6.05,50
1719463190077,6.05,25
1719463190234,6.0,50
1719463191269,5.95,125
1719463192253,5.95,200
1719463192699,6.05,300
1719463193236,6.0,500
1719463194021,5.95,325
1719463194230,6.0,25
1719463195261,6.0,25
1719463196240,6.0,400
1719463196500,6.0,225
1719463197262,5.95,1675
1719463198115,6.0,75
1719463198231,6.05,50
1719463199305,6.05,75
1719463199402,6.05,75
1719463200047,6.0,25
1719463200248,6.0,100
1719463200684,6.0,25
1719463201288,6.0,1500
1719463201877,6.0,25
1719463202285,6.1,25
1719463203068,6.0,175
1719463203261,6.0,150
1719463204087,5.9,200
1719463204269,5.95,50
1719463205301,6.0,75
1719463206250,5.9,450
1719463206701,5.95,25
1719463207255,5.95,25
1719463207898,6.05,150
1719463208271,6.05,25
1719463209060,6.0,25
1719463209286,5.95,75
1719463210290,6.1,50
1719463210290,6.1,50
1719463211424,6.15,75
1719463211705,6.2,75
1719463212228,6.25,25
1719463213104,6.25,25
1719463213279,6.3,25
1719463214329,6.3,50
1719463215266,6.05,25
1719463215940,6.1,25
1719463216287,6.15,50
1719463217132,6.2,25
1719463217295,6.15,625
1719463218299,6.05,50
1719463219294,6.1,25
1719463219704,6.05,25
1719463220274,6.1,750
1719463220937,6.15,50
1719463221281,6.1,150
1719463222140,6.2,125
1719463222304,6.25,50
1719463223146,6.2,50
1719463223283,6.2,125
1719463224275,6.25,75
1719463224504,6.35,50
1719463225262,6.3,50
1719463225913,6.25,150
1719463226285,6.45,25
1719463227154,6.4,50
1719463227284,6.35,50
1719463228303,6.45,150
1719463228539,6.5,25
1719463229271,6.35,100
1719463229926,6.2,100
1719463230107,6.15,250
1719463230296,6.15,100
1719463231139,6.1,25
1719463231264,6.05,25
1719463232174,6.2,25
1719463232265,6.2,300
1719463233266,6.15,25
1719463233555,6.1,25
1719463234298,6.1,75
1719463234952,6.05,50
1719463235288,6.05,200
1719463236163,5.9,200
1719463236509,6.0,25
1719463237309,6.0,50
1719463238279,6.0,25
1719463238561,6.05,375
1719463239293,6.05,75
1719463239971,6.0,400
1719463240297,6.0,25
1719463240973,6.0,25
1719463241288,5.95,50
1719463242150,6.0,25
1719463242311,6.0,525
1719463243165,6.0,25
1719463243295,5.95,50
1719463244283,5.95,325
1719463244380,5.9,50
1719463245305,5.95,25
1719463245760,6.0,50
1719463246304,6.05,50
1719463246976,6.1,100
1719463247303,6.05,25
1719463248135,6.1,75
1719463248319,6.0,50
1719463249303,6.1,25
1719463249548,5.95,75
1719463250284,6.05,25
1719463250917,6.0,50
1719463251285,6.05,25
1719463252305,6.05,50
1719463253217,6.2,100
1719463253574,6.1,25
1719463254284,6.1,300
1719463254915,6.15,25
1719463255223,6.05,200
1719463256174,6.15,200
1719463256275,6.05,125
1719463257375,6.0,125
1719463258307,6.0,125
1719463258591,5.9,150
1719463259260,6.0,125
1719463260087,6.0,75
1719463260327,6.0,25
1719463261150,6.05,25
1719463261289,6.1,525
1719463262197,6.3,25
1719463262323,6.3,25
1719463263301,6.15,25
1719463263572,6.15,1025
1719463264296,6.1,25
1719463264995,6.1,175
1719463265314,6.15,100
1719463266174,6.2,25
1719463266311,6.15,25
1719463267392,6.2,25
1719463268300,6.15,100
1719463268587,6.2,25
1719463269283,6.1,50
1719463269780,6.15,25
1719463270309,6.1,25
1719463271014,6.15,25
1719463271227,6.15,25
1719463272218,6.15,25
1719463272279,6.1,25
1719463273356,6.1,25
1719463274328,6.15,1150
1719463274412,6.2,900
1719463275291,6.35,25
1719463275621,6.25,25
1719463276322,6.55,225
1719463277013,6.85,100
1719463277318,6.9,25
1719463278318,6.7,475
1719463278605,6.7,100
1719463279302,6.8,75
1719463280308,6.6,25
1719463281331,6.55,900
1719463281425,6.5,25
1719463282327,6.5,750
1719463282825,6.45,25
1719463283336,6.4,100
1719463284222,6.35,150
1719463284318,6.35,50
1719463285205,6.25,150
1719463285270,6.25,125
1719463286295,6.3,50
1719463286635,6.35,150
1719463287326,6.3,125
1719463287989,6.25,275
1719463288301,6.3,600
1719463289316,6.45,25
1719463290089,6.4,500
1719463290216,6.5,250
1719463290334,6.45,25
1719463291417,6.5,25
1719463292300,6.45,25
1719463292810,6.4,100
1719463293300,6.4,25
1719463294014,6.5,25
1719463294340,6.5,50
1719463295308,6.5,25
1719463296300,6.4,25
1719463296447,6.45,25
1719463297300,6.4,25
1719463297860,6.5,100
1719463298300,6.6,25
1719463299037,6.6,25
1719463299321,6.55,300
1719463300225,6.6,400
1719463300519,6.6,375
1719463301328,6.5,50
1719463301657,6.55,25
1719463302334,6.5,50
1719463303043,6.5,175
1719463303300,6.4,25
1719463304331,6.45,100
1719463305300,6.35,25
1719463306307,6.35,50
1719463306469,6.45,25
1719463308329,6.45,100
1719463309026,6.35,900
1719463309330,6.35,50
1719463310322,6.3,125
1719463311300,6.4,25
1719463312333,6.55,100
1719463312469,6.5,25
1719463313341,6.6,675
1719463314327,6.5,25
1719463315321,6.5,50
1719463315476,6.45,150
1719463316322,6.5,200
1719463316827,6.5,25
1719463317326,6.5,25
1719463318058,6.45,100
1719463318295,6.45,25
1719463319343,6.4,25
1719463320354,6.5,25
1719463329347,6.45,50
1719463330330,6.5,125
1719463331353,6.4,25
1719463331512,6.35,100
1719463358578,6.85,25
1719463359336,6.85,650
1719463359943,6.85,25
1719463360366,6.85,25
1719463361381,6.8,750
1719463362347,6.65,25
1719463362555,6.6,25
1719463363351,6.45,50
1719463363958,6.45,50
1719463364312,6.5,400
1719463365301,6.55,725
1719463366331,6.55,50
1719463366572,6.55,50
1719463367360,6.55,350
1719463367973,6.5,300
1719463368371,6.6,50
1719463369163,6.65,150
1719463369308,6.65,100
1719463370166,6.65,300
1719463370368,6.7,25
1719463371343,6.65,600
1719463372382,6.75,50
1719463373355,6.65,375
1719463373733,6.7,650
1719463374367,6.75,150
1719463379178,6.55,125
1719463379372,6.5,225
1719463380107,6.4,150
1719463380390,6.4,1250
1719463381386,6.3,50
1719463381592,6.3,250
1719463382361,6.25,750
1719463382996,6.25,75
1719463383363,6.2,25
1719463384370,6.3,125
1719463385381,6.3,150
1719463385945,6.3,25
1719463386378,6.4,375
1719463387256,6.5,50
1719463388411,6.45,25
1719463388704,6.4,100
1719463389399,6.35,50
1719463390210,6.35,100
1719463390373,6.4,25
1719463391405,6.35,50
1719463392401,6.3,25
1719463392584,6.35,100
1719463393398,6.35,1250
1719463393831,6.4,500
1719463394385,6.35,150
1719463395210,6.3,50
1719463395371,6.25,300
1719463396425,6.3,50
1719463397382,6.3,25
1719463398333,6.25,50
1719463398588,6.25,25
1719463399345,6.3,25
1719463399982,6.35,25
1719463400405,6.3,75
1719463401404,6.25,25
1719463401404,6.25,25
1719463402385,6.25,50
1719463402552,6.3,250
1719463403405,6.3,75
1719463403801,6.25,125
1719463404586,6.2,75
1719463405393,6.2,25
1719463406358,6.15,25
1719463406592,6.15,200
1719463407394,5.9,625
1719463408193,5.9,75
1719463408380,5.9,25
1719463409373,6.0,50
1719463409828,5.85,400
1719463410104,5.95,400
1719463410369,5.9,25
1719463411445,5.95,25
1719463411603,5.95,675
1719463412433,6.0,25
1719463413360,6.0,25
1719463413846,6.0,50
1719463414551,6.0,50
1719463415034,6.0,800
1719463415400,6.0,125
1719463416405,5.95,75
1719463416409,6.0,900
1719463417405,6.0,725
1719463418405,5.9,50
1719463418851,5.9,25
1719463419383,5.9,25
1719463420434,5.85,25
1719463421439,5.85,100
1719463422381,5.75,175
1719463422851,5.9,500
1719463423409,5.8,25
1719463424058,5.7,50
1719463424403,5.75,400
1719463425456,5.7,125
1719463426412,5.7,25
1719463426853,5.6,150
1719463427606,5.6,100
1719463428462,5.05,100
1719463429419,4.95,150
1719463430049,5.05,50
1719463430405,5.15,100
1719463431671,5.05,50
1719463432419,4.95,125
1719463433270,4.75,150
1719463433412,4.85,500
1719463434430,5.05,75
1719463435066,4.95,25
1719463435628,4.95,25
1719463436419,4.9,25
1719463436683,4.95,100
1719463437403,4.95,725
1719463438288,4.9,125
1719463438598,4.95,800
1719463439408,5.0,25
1719463439877,4.95,450
1719463440112,4.95,200
1719463440425,5.0,50
1719463441409,5.0,25
1719463441480,5.05,25
1719463442614,5.1,25
1719463442881,5.1,25
1719463443404,5.2,75
1719463444286,5.15,25
1719463444423,5.1,350
1719463445414,5.2,25
1719463445682,5.2,25
1719463466410,5.05,25
1719463466915,5.05,25
1719463467443,5.05,125
1719463467922,5.05,50
1719463468431,5.2,25
1719463469438,5.2,200
1719463469438,5.2,200
1719463470103,5.2,25
1719463470432,5.35,25
1719463470729,5.4,100
1719463471574,5.25,1200
1719463472320,5.35,400
1719463472410,5.35,175
1719463473243,5.4,400
1719463473621,5.4,75
1719463474447,5.35,75
1719463475285,5.4,950
1719463475446,5.4,750
1719463476481,5.4,25
1719463477423,5.4,300
1719463477704,5.3,25
1719463478439,5.35,1125
1719463479139,5.3,25
1719463479431,5.25,175
1719463480428,5.2,1000
1719463480531,5.15,25
1719463481437,5.15,1075
1719463481757,5.1,850
1719463482435,5.15,900
1719463483089,5.15,1000
1719463483462,5.05,25
1719463484343,5.1,400
1719463484436,5.1,500
1719463485539,5.1,25
1719463486437,5.15,25
1719463486562,5.1,25
1719463487465,5.1,25
1719463487945,5.05,25
1719463488452,5.15,75
1719463489431,5.15,125
1719463490423,5.1,50
1719463491462,5.05,75
1719463491540,5.1,75
1719463492402,5.1,25
1719463492973,5.1,1250
1719463493508,5.15,100
1719463495556,5.15,25
1719463496451,5.2,25
1719463496846,5.15,75
1719463497417,5.15,25
1719463498407,5.2,75
1719463499471,5.15,300
1719463499978,5.2,25
1719463500456,5.15,250
1719463500516,5.2,100
1719463501540,5.1,50
1719463502462,5.1,125
1719463502974,5.1,100
1719463503460,5.1,25
1719463504410,5.0,1500
1719463505463,5.1,25
1719463505570,5.05,50
1719463506453,4.8,25
1719463506791,4.75,1800
1719463507433,4.8,25
1719463508191,4.9,175
1719463508438,4.85,75
1719463509462,4.95,25
1719463509574,4.9,175
1719463510443,4.85,75
1719463511158,4.75,25
1719463511657,4.75,25
1719463512454,4.65,150
1719463512559,4.65,25
1719463513445,4.75,25
1719463514193,4.7,100
1719463514446,4.7,175
1719463515452,4.65,25
1719463516612,4.65,25
1719463517478,4.6,700
1719463517914,4.6,100
1719463518454,4.65,25
1719463519191,4.65,225
1719463519451,4.65,250
1719463520465,4.75,250
1719463521460,4.8,1800
1719463521597,4.75,50
1719463522480,4.85,350
1719463522811,4.85,275
1719463523442,4.9,1800
1719463524209,4.95,75
1719463524471,4.95,175
1719463525605,5.05,125
1719463526479,5.1,150
1719463526725,5.15,200
1719463527435,5.15,25
1719463528002,5.2,25
1719463528464,5.1,200
1719463529469,5.15,25
1719463530105,5.15,100
1719463530676,5.25,125
1719463531472,5.25,800
1719463532218,5.35,100
1719463532467,5.4,25
1719463533444,5.25,500
1719463534400,5.3,100
1719463534605,5.25,25
1719463535671,5.3,25
1719463535994,5.35,25
1719463536485,5.35,25
1719463537463,5.45,25
1719463537643,5.45,250
1719463538483,5.45,25
1719463538942,5.35,375
1719463539476,5.3,500
1719463540227,5.3,25
1719463540446,5.35,25
1719463541476,5.35,1000
1719463541639,5.25,125
1719463542506,5.25,125
1719463542633,5.25,125
1719463543498,5.3,200
1719463544020,5.25,50
1719463544469,5.3,400
1719463545475,5.25,200
1719463546472,5.3,225
1719463546574,5.3,175
1719463547481,5.3,25
1719463550498,5.35,25
1719463550658,5.4,75
1719463551690,5.35,925
1719463552189,5.35,75
1719463552467,5.3,1350
1719463553489,5.3,25
1719463553815,5.25,275
1719463554495,5.2,75
1719463555049,5.1,475
1719463555491,5.2,250
1719463556440,5.25,275
1719463557488,5.2,150
1719463557650,5.2,75
1719463558446,5.25,525
1719463558819,5.2,75
1719463559487,5.3,25
1719463560096,5.25,50
1719463560268,5.2,175
1719463560405,5.2,525
1719463561482,5.2,125
1719463562450,5.25,25
1719463562648,5.2,25
1719463563465,5.2,50
1719463563664,5.25,300
1719463564462,5.15,575
1719463564874,5.1,100
1719463565501,5.1,100
1719463566277,5.15,75
1719463566427,5.15,100
1719463567490,5.05,250
1719463567679,5.05,350
1719463568392,5.1,100
1719463568663,5.15,50
1719463569504,5.1,75
1719463569829,5.1,300
1719463570453,5.1,50
1719463571456,5.05,75
1719463571456,5.05,75
1719463572501,5.1,1000
1719463572690,5.1,25
1719463573417,4.95,275
1719463574073,5.0,25
1719463574464,4.95,25
1719463575226,5.0,25
1719463575429,5.0,25
1719463576499,4.95,300
1719463576641,5.0,25
1719463577485,5.05,100
1719463577897,5.0,25
1719463578465,4.95,50
1719463579285,4.9,25
1719463579442,4.95,25
1719463580477,4.9,700
1719463580702,4.9,25
1719463581502,4.9,25
1719463581622,4.85,100
1719463582644,4.85,1400
1719463583104,4.8,225
1719463583484,4.8,25
1719463584502,4.75,25
1719463585508,4.7,100
1719463585699,4.65,250
1719463586499,4.75,50
1719463586700,4.75,100
1719463587508,4.8,25
1719463588046,4.8,100
1719463588509,4.85,50
1719463589525,4.9,200
1719463590098,4.9,250
1719463590506,4.9,375
1719463590670,4.9,50
1719463591504,4.9,1100
1719463591719,4.85,125
1719463592520,4.75,25
1719463592932,4.85,25
1719463593513,4.9,500
1719463594293,4.85,100
1719463594452,4.8,925
1719463595519,4.8,25
1719463596389,4.75,75
1719463596699,4.75,50
1719463597500,4.8,125
1719463597722,4.8,25
1719463598463,4.8,400
1719463599129,4.75,25
1719463599518,4.8,350
1719463600515,4.85,125
1719463601505,4.8,1775
1719463611513,5.15,25
1719463612717,5.15,25
1719463613464,5.15,250
1719463614145,5.15,350
1719463614525,5.15,500
1719463615470,5.15,25
1719463616282,5.15,1000
1719463616705,5.2,25
1719463617510,5.2,25
1719463617966,5.15,75
1719463618529,5.15,175
1719463619556,5.05,25
1719463620503,5.1,125
1719463620722,5.05,525
1719463621486,5.0,25
1719463622151,4.9,25
1719463622258,4.95,100
1719463623477,4.9,200
1719463623715,4.95,50
1719463624504,4.95,50
1719463624772,4.95,100
1719463625482,4.9,25
1719463626155,4.85,25
1719463626480,4.85,125
1719463627402,4.95,700
1719463628534,5.0,650
1719463628757,5.05,400
1719463629364,5.05,25
1719463629962,5.1,25
1719463630543,5.15,25
1719463631384,5.1,75
1719463631384,5.1,75
1719463632532,5.05,50
1719463632577,5.1,700
1719463633447,5.1,400
1719463633987,5.1,1225
1719463634497,5.1,25
1719463635105,5.1,25
1719463635523,5.05,25
1719463636484,5.05,925
1719463637537,5.2,25
1719463637787,5.15,300
1719463638518,5.1,625
1719463638788,5.1,175
1719463639529,5.15,100
1719463640172,5.2,25
1719463640536,5.15,25
1719463641373,5.25,50
1719463641509,5.25,50
1719463642559,5.2,25
1719463643470,5.2,525
1719463643656,5.2,25
1719463644486,5.25,350
1719463644981,5.2,150
1719463645553,5.2,100
1719463645993,5.25,700
1719463646451,5.2,625
1719463647283,5.1,1000
1719463647471,5.15,300
1719463669234,4.85,25
1719463669551,4.85,150
1719463670439,4.9,25
1719463670559,4.85,50
1719463671563,4.85,25
1719463672543,4.9,1725
1719463672639,4.95,575
1719463673573,5.05,125
1719463673833,5.0,75
1719463674544,5.1,100
1719463675227,4.95,25
1719463675540,5.0,100
1719463676582,4.95,75
1719463688562,4.85,75
1719463688657,4.9,25
1719463755574,5.2,300
1719463756567,5.2,425
1719463760620,5.5,25
1719463761604,5.45,75
1719463762124,5.45,25
1719463762595,5.45,1125
1719463763620,5.5,25
1719463763746,5.5,25
1719463764612,5.4,75
1719463765103,5.45,25
1719463765627,5.4,75
1719463766625,5.3,25
1719463767621,5.3,900
1719463767925,5.3,25
1719463768591,5.25,625
1719463769384,5.35,400
1719463769529,5.35,700
1719463770083,5.35,1800
1719463770609,5.4,50
1719463770722,5.4,625
1719463776616,5.55,50
1719463776971,5.55,25
1719463777779,5.5,100
1719463777779,5.5,100
1719463778596,5.45,1000
1719463779362,5.55,500
1719463779580,5.6,150
1719463780314,5.45,400
1719463780578,5.5,175
1719463781598,5.4,400
1719463781775,5.45,175
1719463782626,5.5,50
1719463783009,5.45,25
1719463783571,5.5,25
1719463784197,5.55,150
1719463784485,5.45,350
1719463785402,5.45,25
1719463785599,5.5,175
1719463786597,5.45,175
1719463786633,5.4,500
1719463787627,5.5,475
1719463787744,5.45,25
1719463788556,5.5,175
1719463789015,5.45,25
1719463789624,5.5,25
1719463789966,5.5,25
1719463790628,5.55,25
1719463791308,5.55,375
1719463791582,5.55,25
1719463792634,5.45,25
1719463793632,5.55,75
1719463793711,5.6,50
1719463794592,5.55,75
1719463794917,5.6,25
1719463795602,5.6,25
1719463796017,5.55,625
1719463796618,5.5,100
1719463796984,5.55,75
1719463797629,5.5,350
1719463798198,5.55,125
1719463798635,5.5,475
1719463799404,5.45,100
1719463799613,5.4,525
1719463800114,5.45,125
1719463800634,5.4,25
1719463800820,5.45,475
1719463801640,5.4,500
1719463801961,5.4,1525
1719463802587,5.35,1225
1719463803177,5.35,250
1719463803627,5.35,800
1719463804430,5.4,100
1719463804615,5.4,500
1719463805609,5.35,25
1719463805698,5.3,25
1719463806608,5.35,100
1719463807014,5.3,900
1719463807561,5.35,25
1719463807972,5.45,25
1719463808613,5.35,50
1719463809194,5.45,50
1719463809615,5.4,200
1719463810623,5.45,25
1719463810826,5.5,100
1719463811568,5.45,250
1719463812009,5.5,100
1719463812648,5.5,250
1719463815663,5.65,475
1719463815809,5.65,25
1719463816609,5.65,25
1719463817215,5.55,250
1719463817588,5.5,600
1719463818638,5.5,225
1719463819631,5.55,25
1719463819794,5.55,25
1719463820560,5.5,25
1719463821035,5.55,50
1719463821606,5.45,750
1719463822209,5.5,25
1719463822642,5.55,75
1719463823653,5.6,75
1719463824672,5.6,25
1719463824823,5.6,25
1719463825626,5.55,250
1719463826045,5.6,475
1719463826584,5.55,175
1719463827035,5.55,100
1719463827659,5.5,250
1719463828260,5.5,750
1719463828540,5.45,200
1719463829603,5.45,50
1719463829859,5.45,400
1719463830653,5.35,25
1719463830977,5.4,250
1719463831607,5.4,50
1719463832011,5.45,25
1719463832829,5.45,25
1719463833656,5.5,550
1719463834636,5.4,100
1719463834955,5.4,850
1719463835540,5.45,75
1719463836031,5.45,900
1719463836503,5.45,25
1719463836895,5.45,500
1719463837647,5.4,50
1719463838266,5.35,25
1719463838523,5.45,250
1719463839485,5.45,250
1719463839621,5.35,575
1719463840614,5.4,200
1719463841669,5.3,1125
1719463841825,5.35,75
1719463842612,5.3,75
1719463843089,5.25,125
1719463843662,5.2,25
1719463844638,5.25,75
1719463844695,5.25,25
1719463845588,5.25,1400
1719463846043,5.25,25
1719463846673,5.25,25
1719463847265,5.35,25
1719463847709,5.3,600
1719463848697,5.3,25
1719463849624,5.3,25
1719463849865,5.3,50
1719463850679,5.3,225
1719463851056,5.25,75
1719463851637,5.25,25
1719463852506,5.3,250
1719463852672,5.25,25
1719463853648,5.2,25
1719463854071,5.25,25
1719463854650,5.2,250
1719463855272,5.2,125
1719463855668,5.2,100
1719463856896,5.2,200
1719463857629,5.2,200
1719463858415,5.25,125
1719463858654,5.25,25
1719463859626,5.4,200
1719463860098,5.5,25
1719463860836,5.4,125
1719463861526,5.45,25
1719463861683,5.45,25
1719463862526,5.5,75
1719463863100,5.55,425
1719463863439,5.5,50
1719463864472,5.55,700
1719463864646,5.55,1075
1719463865653,5.45,25
1719463866666,5.4,75
1719463867113,5.4,75
1719463867676,5.4,200
1719463868110,5.4,25
1719463868632,5.45,25
1719463869484,5.45,25
1719463869591,5.4,100
1719463870682,5.4,750
1719463871693,5.45,275
1719463872131,5.45,75
1719463872565,5.45,1125
1719463873305,5.45,25
1719463873600,5.45,25
1719463874304,5.5,50
1719463874554,5.45,1650
1719463875685,5.35,25
1719463875817,5.35,25
1719463876629,5.35,25
1719463876932,5.4,100
1719463877643,5.45,700
1719463878036,5.5,25
1719463879247,5.5,25
1719463879690,5.5,75
1719463880694,5.5,250
1719463882097,5.55,300
1719463925607,5.55,25
1719463925659,5.55,200
1719463926694,5.6,225
1719463926834,5.55,25
1719463927717,5.6,25
1719463928207,5.6,250
1719463928636,5.6,25
1719463929407,5.55,150
1719463929638,5.6,100
1719463930697,5.7,700
1719463931013,5.7,100
1719463931711,5.7,25
1719463932134,5.7,50
1719463932637,5.7,150
1719463933189,5.7,200
1719463933694,5.8,75
1719463934400,5.7,150
1719463934718,5.75,25
1719463935817,5.95,50
1719463936715,5.8,25
1719463937013,5.7,75
1719463937657,5.7,500
1719463938219,5.7,200
1719463938678,5.8,925
1719463944605,5.75,100
1719463944749,5.7,250
1719463945706,5.75,500
1719463945706,5.75,500
1719463946698,5.7,100
1719463947032,5.7,25
1719463947614,5.7,250
1719463947987,5.65,700
1719463948657,5.7,500
1719463949034,5.7,175
1719463952472,5.7,200
1719463952744,5.65,200
1719463953661,5.65,100
1719463954019,5.7,725
1719463954728,5.7,25
1719463955206,5.6,25
1719463955687,5.55,375
1719463956442,5.55,100
1719463956732,5.5,25
1719463957738,5.45,1450
1719463957837,5.5,25
1719463958677,5.4,500
1719463959047,5.45,25
1719463959725,5.5,25
1719463959922,5.45,25
1719463960733,5.35,1000
1719463961251,5.35,1800
1719463961662,5.4,25
1719463962205,5.35,350
1719463962712,5.4,1425
1719463963729,5.4,100
1719463964689,5.4,50
1719463965479,5.45,200
1719463965705,5.45,25
1719463966739,5.5,25
1719463966996,5.55,25
1719463967664,5.65,25
1719463968249,5.55,25
1719463968686,5.6,75
1719463969224,5.55,1125
1719463969733,5.5,475
1719463970273,5.6,50
1719463970668,5.55,25
1719463971424,5.55,250
1719463971645,5.5,25
1719463972631,5.6,675
1719463973617,5.5,100
1719463973617,5.5,100
1719463974724,5.55,275
1719463974724,5.55,275
1719463975708,5.45,1400
1719463976535,5.55,25
1719463977170,5.55,725
1719463977470,5.55,25
1719463977947,5.6,375
1719463978632,5.55,600
1719463979140,5.7,500
1719463979724,5.7,250
1719463980070,5.7,25
1719463980420,5.7,25
1719463980729,5.7,350
1719463981732,5.65,500
1719463982025,5.6,50
1719463982728,5.65,200
1719463983208,5.7,100
1719463983691,5.6,150
1719463984603,5.6,500
1719463984708,5.5,1000
1719463985708,5.6,75
1719463985980,5.55,25
1719463986673,5.6,50
1719463987052,5.6,75
1719463987630,5.5,50
1719463988256,5.55,650
1719463988641,5.55,150
1719463989242,5.5,125
1719463989667,5.55,25
1719463990653,5.5,1500
1719463990700,5.5,25
1719463991527,5.6,300
1719463991848,5.5,1100
1719463992730,5.5,500
1719463993061,5.55,25
1719463993626,5.45,25
1719463994269,5.5,500
1719463994697,5.45,75
1719463995504,5.5,100
1719463995763,5.5,50
1719463996724,5.55,325
1719463996886,5.45,25
1719463997628,5.5,75
1719463998308,5.45,925
1719463998678,5.45,75
1719463999662,5.4,25
1719463999719,5.45,25
1719464000931,5.25,725
1719464001291,5.25,75
1719464001760,5.3,75
1719464002722,5.4,75
1719464002865,5.4,75
1719464004221,5.35,75
1719464004775,5.4,75
1719464005473,5.3,75
1719464005779,5.35,75
1719464006494,5.25,1275
1719464006722,5.3,350
1719464007759,5.3,125
1719464007811,5.35,25
1719464008762,5.35,75
1719464009091,5.35,75
1719464009757,5.4,175
1719464010141,5.4,25
1719464010523,5.35,1775
1719464011145,5.4,350
1719464011761,5.35,100
1719464012329,5.35,75
1719464012636,5.35,150
1719464013533,5.35,25
1719464013774,5.4,50
1719464015785,5.4,25
1719464016763,5.45,25
1719464016912,5.35,50
1719464017701,5.45,125
1719464018109,5.5,400
1719464018758,5.45,25
1719464019330,5.5,75
1719464019552,5.45,475
1719464020476,5.45,25
1719464020723,5.5,75
1719464021723,5.55,150
1719464022750,5.6,1000
1719464022999,5.6,25
1719464023627,5.55,825
1719464024042,5.55,100
1719464025256,5.5,25
1719464025770,5.45,500
1719464026568,5.45,25
1719464026719,5.45,475
1719464027770,5.4,25
1719464027971,5.45,75
1719464028770,5.4,25
1719464029150,5.45,25
1719464029781,5.4,250
1719464030163,5.45,25
1719464030793,5.45,25
1719464031341,5.45,25
1719464031782,5.45,25
1719464032579,5.4,500
1719464032693,5.35,25
1719464033568,5.35,150
1719464033725,5.4,25
1719464034773,5.35,25
1719464034967,5.4,25
1719464035755,5.3,25
1719464036174,5.3,250
1719464036753,5.35,25
1719464037169,5.3,25
1719464037599,5.3,50
1719464038329,5.25,325
1719464038647,5.3,875
1719464039550,5.2,25
1719464039607,5.25,25
1719464040113,5.3,100
1719464040724,5.25,50
1719464040970,5.3,225
1719464041692,5.3,50
1719464042334,5.2,425
1719464042775,5.2,25
1719464043799,5.2,825
1719464044790,5.05,150
1719464045106,5.05,50
1719464045755,5.15,400
1719464046360,5.1,50
1719464046756,5.1,150
1719464047747,5.1,125
1719464047947,5.1,25
1719464048778,5.15,25
1719464049179,5.1,25
1719464049799,5.1,100
1719464050124,5.15,50
1719464050780,5.05,100
1719464051286,5.05,225
1719464051816,5.05,25
1719464052380,5.05,225
1719464052794,5.1,25
1719464053380,5.05,25
1719464053688,5.05,125
1719464054601,5.2,100
1719464054777,5.2,50
1719464055601,5.25,1625
1719464055777,5.25,450
1719464056760,5.4,50
1719464056935,5.4,25
1719464057776,5.35,25
1719464058413,5.35,25
1719464058763,5.35,275
1719464059427,5.35,75
1719464059758,5.3,600
1719464060800,5.25,275
1719464060832,5.2,25
1719464061773,5.25,225
1719464062192,5.25,75
1719464062797,5.25,200
1719464063421,5.2,50
1719464063786,5.1,150
1719464064410,5.15,50
1719464074422,5.2,75
1719464074813,5.1,50
1719464075422,5.15,100
1719464075812,5.1,25
1719464076607,5.15,50
1719464076773,5.15,175
1719464077796,5.2,25
1719464078823,5.15,25
1719464079337,5.2,25
1719464079808,5.15,25
1719464080783,5.15,25
1719464081005,5.2,25
1719464081792,5.15,25
1719464082259,5.15,75
1719464082787,5.2,700
1719464082787,5.2,700
1719464083766,5.15,175
1719464084439,5.15,400
1719464085005,5.05,50
1719464088443,5.05,1800
1719464088834,5.05,50
1719464089625,5.0,700
1719464089785,5.05,250
1719464090820,5.05,250
1719464091235,5.1,300
1719464091783,5.1,50
1719464092402,5.2,100
1719464092820,5.25,275
1719464093405,5.3,350
1719464093823,5.3,50
1719464094808,5.4,125
1719464094859,5.4,25
1719464095872,5.3,1725
1719464096793,5.35,425
1719464097050,5.4,75
1719464097478,5.4,600
1719464098229,5.35,100
1719464098806,5.3,25
1719464099416,5.2,25
1719464099790,5.2,50
1719464100649,5.25,1125
1719464100770,5.25,25
1719464101819,5.35,950
1719464102008,5.3,175
1719464102809,5.25,400
1719464103064,5.35,25
1719464120825,5.3,25
1719464121481,5.3,25
1719464121797,5.35,100
1719464122533,5.25,25
1719464122795,5.3,25
1719464123788,5.25,925
1719464124800,5.3,25
1719464125204,5.25,100
1719464125797,5.3,50
1719464126291,5.25,25
1719464126826,5.25,150
1719464127487,5.2,1025
1719464127845,5.3,300
1719464128762,5.25,150
1719464129834,5.3,750
1719464130059,5.25,100
1719464130124,5.25,350
1719464130840,5.25,25
1719464131287,5.2,100
1719464167862,5.2,275
1719464168787,5.3,25
1719464168947,5.3,525
1719464169651,5.25,25
1719464170825,5.3,575
1719464171049,5.3,75
1719464171832,5.25,25
1719464172172,5.25,400
1719464172744,5.25,500
1719464173334,5.3,50
1719464173864,5.25,50
1719464174307,5.2,50
1719464174815,5.2,400
1719464174815,5.2,400
1719464175878,5.2,125
1719464176871,5.15,25
1719464176950,5.15,900
1719464177869,5.2,700
1719464178311,5.2,400
1719464178802,5.2,25
1719464179823,5.15,50
1719464180650,5.3,400
1719464180650,5.3,400
1719464181949,5.3,200
1719464182864,5.25,75
1719464183337,5.3,25
1719464183842,5.3,725
1719464205985,5.2,50
1719464206717,5.2,175
1719464207190,5.15,75
1719464207700,5.2,75
1719464208614,5.25,50
1719464208872,5.25,250
1719464209601,5.25,325
1719464209881,5.25,250
1719464210880,5.2,250
1719464211018,5.25,200
1719464211830,5.2,175
1719464212211,5.2,75
1719464212892,5.2,925
1719464213399,5.15,100
1719464213884,5.2,475
1719464214613,5.2,300
1719464214613,5.2,300
1719464215813,5.2,50
1719464216605,5.25,50
1719464217028,5.25,25
1719464217877,5.25,25
1719464218152,5.3,825
1719464218863,5.25,225
1719464219631,5.4,25
1719464219910,5.4,100
1719464220844,5.4,25
1719464220903,5.35,500
1719464221893,5.3,25
1719464222216,5.35,625
1719464222853,5.4,200
1719464223434,5.4,25
1719464224086,5.35,75
1719464224661,5.3,100
1719464224892,5.4,25
1719464225901,5.3,25
1719464226041,5.35,25
1719464226875,5.4,25
1719464227226,5.45,75
1719464228551,5.5,75
1719464228908,5.5,50
1719464229873,5.55,25
1719464230071,5.55,25
1719464230913,5.7,25
1719464232661,5.55,100
1719464232877,5.55,150
1719464233846,5.6,1000
1719464234922,5.6,25
1719464235046,5.6,150
1719464235887,5.5,25
1719464236204,5.55,300
1719464236859,5.55,75
1719464237622,5.5,300
1719464237849,5.5,50
1719464238611,5.65,75
1719464238839,5.6,50
1719464239628,5.55,125
1719464239818,5.5,500
1719464240844,5.55,250
1719464241100,5.55,175
1719464241919,5.55,825
1719464242024,5.55,25
1719464242829,5.55,25
1719464243367,5.5,125
1719464243899,5.55,125
1719464244676,5.5,125
1719464244919,5.5,25
1719464245690,5.6,25
1719464245928,5.55,175
1719464246656,5.6,25
1719464246872,5.8,75
1719464247915,5.7,25
1719464248010,5.85,50
1719464249081,6.15,200
1719464249928,6.05,375
1719464250113,6.0,25
1719464250911,6.0,25
1719464251492,6.05,50
1719464251913,6.0,25
1719464252694,6.05,250
1719464253109,6.0,50
1719464253661,6.1,100
1719464253928,6.15,425
1719464254898,6.05,200
1719464255473,5.9,50
1719464255940,5.95,100
1719464256663,6.0,50
1719464256905,5.95,25
1719464257906,6.0,1700
1719464257912,6.0,1150
1719464259889,6.0,25
1719464260697,5.95,25
1719464260929,5.85,100
1719464261899,5.95,50
1719464262087,5.95,300
1719464262934,5.95,325
1719464263199,6.05,25
1719464263885,6.05,25
1719464264499,6.0,25
1719464264947,6.05,100
1719464265705,6.0,650
1719464266120,6.0,25
1719464266861,5.95,125
1719464267922,5.95,1800
1719464268234,6.0,150
1719464268934,6.05,50
1719464269524,6.0,200
1719464269937,6.0,125
1719464270727,5.9,75
1719464270918,5.95,1175
1719464271717,5.85,25
1719464271900,5.9,375
1719464272921,5.9,75
1719464273906,5.9,100
1719464274332,5.9,550
1719464274935,5.8,500
1719464275331,5.85,25
1719464291922,6.15,50
1719464292940,6.15,525
1719464293552,6.15,25
1719464293905,6.1,100
1719464294742,6.2,225
1719464294898,6.2,25
1719464295951,6.1,925
1719464296961,5.95,350
1719464297929,5.95,200
1719464298150,6.0,50
1719464298949,6.1,25
1719464299497,6.1,125
1719464299888,6.1,25
1719464300567,6.0,50
1719464300956,5.95,100
1719464301548,6.0,175
1719464301938,5.95,125
1719464302756,6.0,1225
1719464302959,6.0,25
1719464303959,6.05,75
1719464303976,6.0,25
1719464304933,6.05,750
1719464305326,6.1,125
1719464305937,6.0,400
1719464306563,5.95,50
1719464306952,6.0,25
1719464307763,6.1,500
1719464307889,6.05,25
1719464308942,6.1,725
1719464309130,6.15,400
1719464309960,6.15,1125
1719464310075,6.15,375
1719464310390,6.35,325
1719464310944,6.15,125
1719464311579,6.2,100
1719464311909,6.15,50
1719464312770,6.2,125
1719464312961,6.2,250
1719464313950,6.2,75
1719464314912,6.45,50
1719464315305,6.35,75
1719464315956,6.25,75
1719464316771,6.35,450
1719464316957,6.35,75
1719464317709,6.35,25
1719464317943,6.4,925
1719464318932,6.3,100
1719464319168,6.35,50
1719464319964,6.5,325
1719464320379,6.5,475
1719464320934,6.4,75
1719464321535,6.6,50
1719464321921,6.5,50
1719464322981,6.4,25
1719464323931,6.7,150
1719464324203,6.65,150
1719464324962,6.5,25
1719464325593,6.45,25
1719464325956,6.45,50
1719464326594,6.55,25
1719464326977,6.5,125
1719464327800,6.25,100
1719464327954,6.15,700
1719464328797,6.05,25
1719464328950,6.1,400
1719464329967,5.95,100
1719464330968,6.2,100
1719464366996,6.25,175
1719464367264,6.2,75
1719464367982,6.15,50
1719464368637,6.2,250
1719464368930,6.15,25
1719464369748,6.2,25
1719464369929,6.1,25
1719464370099,6.15,50
1719464370948,6.2,225
1719464372005,6.2,50
1719464372269,6.2,75
1719464372993,6.25,25
1719464373262,6.3,25
1719464377988,6.2,125
1719464378081,6.15,425
1719464379088,6.15,50
1719464379927,6.1,50
1719464380245,6.1,100
1719464380948,6.15,200
1719464381506,6.05,50
1719464381956,6.0,100
1719464382691,6.15,50
1719464382959,6.05,25
1719464383880,5.9,125
1719464384016,5.9,100
1719464384898,5.85,175
1719464384954,5.8,475
1719464386006,5.8,100
1719464386101,5.75,25
1719464387006,5.8,25
1719464387436,5.8,275
1719464388005,5.75,50
1719464388981,5.9,25
1719464389975,5.9,100
1719464390173,5.9,125
1719464391005,5.95,425
1719464391405,6.05,100
1719464391962,6.0,25
1719464392703,5.9,475
1719464393002,5.9,1125
1719464393895,5.95,200
1719464394004,6.05,25
1719464394945,5.95,600
1719464395097,5.95,50
1719464395976,5.95,75
1719464396456,5.95,250
1719464397905,6.05,100
1719464397944,6.0,800
1719464399015,6.1,25
1719464400009,6.0,50
1719464400095,5.95,25
1719464400513,5.9,450
1719464401206,5.85,175
1719464401647,5.8,25
1719464402023,5.7,250
1719464402927,5.7,1475
1719464403025,5.7,200
1719464404025,5.85,75
1719464404311,5.85,25
1719464404980,5.95,75
1719464405744,5.95,250
1719464406226,6.1,500
1719464406904,6.0,25
1719464406904,6.0,25
1719464408037,5.95,700
1719464408983,5.95,450
1719464409116,5.9,250
1719464410021,6.0,25
1719464410500,5.9,100
1719464410883,5.85,50
1719464411733,5.85,100
1719464411989,5.85,75
1719464412937,5.8,675
1719464413000,5.75,475
1719464414003,5.85,50
1719464414107,5.85,1250
1719464415014,5.9,75
1719464415323,5.9,100
1719464416027,5.9,75
1719464416732,5.9,50
1719464417000,5.9,600
1719464417907,5.85,300
1719464418004,5.9,175
1719464418946,5.9,450
1719464419024,5.95,25
1719464420022,6.05,25
1719464420105,6.05,50
1719464421018,5.9,25
1719464421150,5.95,25
1719464421939,5.95,125
1719464422546,5.9,975
1719464422853,5.95,25
1719464423682,5.85,200
1719464423998,5.95,750
1719464424761,5.95,675
1719464425024,5.95,400
1719464426004,6.0,75
1719464427036,5.95,75
1719464427141,5.9,25
1719464428131,5.9,25
1719464429010,5.9,100
1719464429530,5.95,25
1719464429954,5.85,100
1719464430120,5.85,25
1719464430707,5.9,100
1719464431015,5.9,225
1719464431764,5.9,25
1719464432028,5.9,25
1719464432983,5.95,25
1719464434024,6.0,100
1719464434364,6.0,150
1719464435037,6.0,25
1719464435746,6.0,75
1719464436012,5.95,475
1719464436964,5.9,100
1719464437008,5.95,175
1719464438005,6.1,50
1719464438354,6.05,25
1719464439036,6.1,150
1719464439305,6.05,25
1719464439983,6.05,50
1719464440768,6.1,800
1719464441036,6.1,100
1719464442026,6.15,50
1719464442937,6.05,25
1719464442991,6.1,25
1719464444014,6.0,25
1719464445026,6.0,100
1719464445195,6.0,100
1719464446032,6.05,25
1719464446546,6.05,100
1719464447034,5.95,950
1719464447552,5.9,75
1719464448025,5.85,75
1719464448772,6.0,150
1719464449041,6.0,900
1719464450032,6.05,25
1719464451045,6.05,25
1719464452962,6.1,25
1719464453605,5.9,75
1719464467046,5.7,50
1719464467413,5.7,50
1719464468043,5.65,25
1719464468556,5.65,25
1719464469064,5.65,25
1719464469797,5.8,525
1719464470039,5.85,25
1719464471040,5.8,300
1719464472001,5.8,25
1719464473054,5.75,325
1719464473191,5.8,275
1719464474035,5.9,400
1719464474421,5.95,25
1719464474937,5.85,175
1719464475840,5.85,1800
1719464476051,5.9,125
1719464476807,5.8,75
1719464477044,5.8,25
1719464478047,5.7,50
1719464478932,5.65,25
1719464480056,5.65,750
1719464509066,5.7,25
1719464510085,5.75,50
1719464511071,5.65,25
1719464512072,5.7,25
1719464512163,5.7,575
1719464513008,5.65,150
1719464513494,5.65,250
1719464514045,5.6,975
1719464514780,5.7,75
1719464515027,5.7,325
1719464515887,5.65,25
1719464516078,5.7,50
1719464517074,5.6,25
1719464518099,5.65,25
1719464519038,5.6,100
1719464519255,5.6,25
1719464520029,5.65,25
1719464520709,5.6,725
1719464520985,5.6,25
1719464521918,5.45,450
1719464522081,5.45,25
1719464523096,5.25,50
1719464524289,5.2,50
1719464524501,5.15,25
1719464525108,5.25,25
1719464533124,5.35,475
1719464534075,5.35,875
1719464534320,5.35,450
1719464535041,5.25,175
1719464535522,5.3,100
1719464536055,5.3,125
1719464536922,5.3,125
1719464537070,5.3,250
1719464537898,5.3,25
1719464537898,5.3,25
1719464539100,5.3,25
1719464540104,5.3,25
1719464540313,5.25,25
1719464540951,5.25,500
1719464541537,5.2,75
1719464542094,5.2,250
1719464542947,5.2,25
1719464543109,5.1,150
1719464544095,5.05,100
1719464544543,5.05,250
1719464545063,5.05,25
1719464545946,4.95,25
1719464546111,4.9,25
1719464546944,4.9,425
1719464547094,4.95,1175
1719464548084,4.9,100
1719464548148,4.85,1250
1719464549076,4.9,300
1719464549725,4.95,50
1719464550100,4.85,25
1719464550118,4.9,125
1719464551139,4.8,25
1719464552105,4.75,25
1719464552344,4.75,175
1719464553078,4.75,25
1719464553536,4.85,375
1719464554097,4.8,25
1719464554688,4.85,50
1719464555096,4.8,850
1719464556106,4.95,650
1719464556106,4.95,650
1719464557096,4.85,200
1719464557489,4.9,25
1719464563777,4.9,175
1719464564096,4.8,125
1719464565126,4.7,25
1719464565322,4.65,200
1719464566079,4.8,800
1719464566551,4.75,150
1719464567127,4.7,400
1719464567951,4.65,25
1719464568094,4.65,50
1719464569103,4.75,25
1719464569142,4.7,50
1719464570067,4.75,100
1719464570569,4.7,100
1719464571120,4.7,500
1719464571578,4.7,1250
1719464572098,4.75,25
1719464572893,4.8,25
1719464573073,4.75,100
1719464574076,4.8,150
1719464575086,4.8,50
1719464575130,4.75,500
1719464576101,4.7,25
1719464576602,4.75,25
1719464577333,4.75,25
1719464577865,4.8,25
1719464578119,4.85,375
1719464586583,4.75,175
1719464587130,4.8,25
1719464587535,4.75,150
1719464588025,4.8,900
1719464588533,4.75,225
1719464589115,4.6,125
1719464590125,4.55,50
1719464590204,4.55,175
1719464591136,4.35,25
1719464592000,4.25,25
1719464592319,4.15,50
1719464593135,4.2,50
1719464593574,4.2,850
1719464594135,4.1,75
1719464595217,4.3,1500
1719464595310,4.3,100
1719464596138,4.25,1000
1719464596807,4.25,25
1719464597135,4.3,25
1719464598126,4.25,25
1719464598413,4.15,500
1719464599071,4.15,1075
1719464600021,4.0,50
1719464600135,4.0,25
1719464601121,3.85,125
1719464601644,3.75,75
1719464602336,3.6,600
1719464603131,3.6,500
1719464603432,3.65,75
1719464604142,3.7,25
1719464605075,3.65,25
1719464605322,3.6,100
1719464606146,3.65,100
1719464606631,3.5,50
1719464607359,3.45,25
1719464608155,3.45,25
1719464608250,3.45,575
1719464609328,3.4,75
1719464609836,3.3,75
1719464610152,3.2,75
1719464611431,3.1,125
1719464611884,2.95,150
1719464611942,2.9,25
1719464611942,2.9,25
1719464612142,3.05,25
1719464627129,3.4,425
1719464627273,3.4,250
1719464628333,3.35,100
1719464628484,3.4,75
1719464629122,3.5,25
1719464629878,3.55,400
1719464630146,3.6,25
1719464631143,3.5,25
1719464631274,3.5,25
1719464632317,3.55,25
1719464632465,3.45,200
1719464633126,3.45,175
1719464633901,3.3,300
1719464634327,3.35,75
1719464635270,3.2,500
1719464636145,3.15,1400
1719464636843,3.0,200
1719464637139,3.05,50
1719464638332,3.15,825
1719464638485,3.15,25
1719464639157,3.15,25
1719464640098,3.15,200
1719464640150,3.2,375
1719464641347,3.2,50
1719464641705,3.25,75
1719464642166,3.2,900
1719464643167,3.4,75
1719464643308,3.35,100
1719464644161,3.4,1500
1719464644911,3.4,100
1719464645162,3.35,450
1719464646355,3.35,25
1719464647139,3.55,100
1719464647724,3.5,25
1719464648343,3.65,75
1719464649162,3.55,875
1719464649252,3.6,275
1719464650156,3.55,25
1719464650709,3.55,1200
1719464651352,3.45,25
1719464652174,3.45,25
1719464653162,3.55,425
1719464653323,3.5,100
1719464654360,3.35,25
1719464654905,3.45,625
1719464655169,3.4,25
1719464656118,3.4,25
1719464656161,3.35,800
1719464657320,3.35,25
1719464657368,3.3,25
1719464658176,3.25,100
1719464658509,3.25,225
1719464659151,3.3,325
1719464660165,3.5,125
1719464661369,3.4,325
1719464661711,3.4,1200
1719464662151,3.45,600
1719464663172,3.4,25
1719464664174,3.4,50
1719464664329,3.4,25
1719464665366,3.2,75
1719464665705,3.3,75
1719464666163,3.3,275
1719464666901,3.35,775
1719464667174,3.25,1100
1719464668104,3.3,900
1719464668337,3.25,100
1719464669329,3.2,150
1719464669360,3.25,325
1719464670117,3.25,175
1719464670550,3.35,600
1719464671176,3.35,1275
1719464672142,3.4,25
1719464673184,3.4,25
1719464673551,3.4,25
1719464674364,3.4,25
1719464674672,3.4,25
1719464675135,3.4,25
1719464676125,3.45,500
1719464677167,3.4,25
1719464678144,3.4,75
1719464678226,3.4,50
1719464679108,3.3,75
1719464679319,3.35,25
1719464680150,3.3,25
1719464680542,3.35,250
1719464681377,3.35,250
1719464681568,3.35,50
1719464682188,3.35,25
1719464682757,3.35,75
1719464683179,3.3,25
1719464683750,3.35,175
1719464684141,3.35,25
1719464684958,3.45,50
1719464685177,3.4,500
1719464686184,3.35,50
1719464687187,3.35,175
1719464687339,3.35,25
1719464688373,3.3,25
1719464688572,3.3,275
1719464689143,3.35,50
1719464689766,3.35,175
1719464690181,3.3,250
1719464690728,3.25,350
1719464691199,3.25,25
1719464692157,3.2,25
1719464692372,3.2,25
1719464693180,3.25,25
1719464693373,3.25,25
1719464694157,3.2,100
1719464695184,3.2,25
1719464696382,3.1,125
1719464696600,3.15,25
1719464697152,3.15,25
1719464698184,3.1,700
1719464702985,2.95,600
1719464703387,2.9,600
1719464704404,2.9,25
1719464704768,2.95,25
1719464705198,2.95,25
1719464712196,3.1,300
1719464712396,3.15,100
1719464713379,3.2,50
1719464714003,3.15,25
1719464714195,3.2,125
1719464715185,3.25,25
1719464715607,3.25,25
1719464716205,3.25,50
1719464717204,3.25,75
1719464717408,3.3,100
1719464718200,3.3,75
1719464718805,3.25,75
1719464719201,3.3,75
1719464720010,3.25,25
1719464720215,3.25,25
1719464721226,3.25,200
1719464722376,3.15,25
1719464722618,3.15,25
1719464723177,3.15,200
1719464724222,3.15,25
1719464725162,3.2,125
1719464725409,3.2,25
1719464726219,3.15,25
1719464726383,3.15,1000
1719464727184,3.2,25
1719464727611,3.2,25
1719464728217,3.2,250
1719464728660,3.1,25
1719464729209,3.15,75
1719464730010,3.25,375
1719464730205,3.25,25
1719464731198,3.2,25
1719464731408,3.2,25
1719464732222,3.2,25
1719464732449,3.2,25
1719464733216,3.25,25
1719464733854,3.25,25
1719464734144,3.2,900
1719464735227,3.2,250
1719464735336,3.25,100
1719464736242,3.2,400
1719464737194,3.15,25
1719464737459,3.15,75
1719464738186,3.2,25
1719464738656,3.2,25
1719464739221,3.3,25
1719464739866,3.25,125
1719464741264,3.3,150
1719464742187,3.2,25
1719464742443,3.2,50
1719464743206,3.2,50
1719464743474,3.2,950
1719464744208,3.2,175
1719464744656,3.2,875
1719464745234,3.2,100
1719464745857,3.2,175
1719464746219,3.2,25
1719464747019,3.25,1800
1719464747222,3.3,25
1719464748221,3.2,725
1719464748278,3.2,150
1719464749271,3.3,25
1719464750200,3.3,300
1719464751233,3.25,25
1719464751664,3.3,300
1719464752218,3.25,25
1719464752871,3.25,300
1719464753235,3.25,300
1719464754235,3.35,200
1719464754393,3.3,25
1719464755203,3.3,275
1719464755458,3.3,25
1719464756228,3.4,75
1719464756468,3.3,500
1719464757234,3.35,75
1719464757668,3.35,300
1719464758211,3.35,500
1719464758880,3.35,100
1719464780221,3.3,50
1719464782154,3.3,1000
1719464782931,3.3,25
1719464783207,3.35,25
1719464784000,3.3,50
1719464784240,3.3,1000
1719464785050,3.4,50
1719464785323,3.35,25
1719464786230,3.35,175
1719464786514,3.45,25
1719464787175,3.5,25
1719464787735,3.5,200
1719464788217,3.4,125
1719464789105,3.45,100
1719464789371,3.4,500
1719464790267,3.4,50
1719464790491,3.45,1000
1719464791214,3.4,50
1719464791729,3.4,50
1719464792133,3.35,500
1719464809255,3.45,50
1719464809354,3.45,25
1719464810239,3.45,25
1719464810565,3.45,125
1719464811244,3.4,50
1719464811961,3.35,150
1719464812277,3.4,125
1719464813229,3.35,50
1719464813370,3.35,25
1719464814258,3.4,250
1719464814752,3.45,500
1719464815262,3.45,50
1719464816070,3.45,100
1719464816334,3.4,25
1719464817250,3.4,75
1719464817544,3.4,50
1719464818209,3.45,25
1719464818764,3.4,25
1719464819105,3.45,25
1719464820129,3.4,25
1719464820261,3.45,275
1719464821278,3.4,25
1719464821481,3.35,200
1719464822269,3.55,25
1719464822936,3.5,25
1719464823412,3.5,25
1719464824264,3.35,425
1719464824570,3.35,1000
1719464825218,3.45,25
1719464825508,3.4,25
1719464826275,3.4,525
1719464827251,3.4,25
1719464828264,3.45,25
1719464828376,3.45,25
1719464829377,3.5,25
1719464830248,3.55,25
1719464830585,3.65,25
1719464831489,3.6,1750
1719464831978,3.6,25
1719464832272,3.6,25
1719464833271,3.65,100
1719464833583,3.7,75
1719464834227,3.65,25
1719464834791,3.6,50
1719464835208,3.6,100
1719464836220,3.5,100
1719464837269,3.55,25
1719464837594,3.55,50
1719464838202,3.45,1000
1719464838581,3.5,75
1719464839265,3.5,25
1719464839817,3.6,150
1719464840263,3.55,150
1719464841000,3.55,75
1719464841089,3.6,1725
1719464842363,3.55,125
1719464842477,3.55,150
1719464843226,3.55,25
1719464843563,3.6,325
1719464844262,3.55,425
1719464844262,3.55,425
1719464845265,3.65,50
1719464846023,3.6,1400
1719464846271,3.6,200
1719464851263,3.55,750
1719464851623,3.6,300
1719464852296,3.6,25
1719464852625,3.6,50
1719464853286,3.65,100
1719464853637,3.6,50
1719464854269,3.65,100
1719464855301,3.6,75
1719464856293,3.6,25
1719464856431,3.6,75
1719464857287,3.75,325
1719464857619,3.75,25
1719464858302,3.75,25
1719464859004,3.65,25
1719464859280,3.75,500
1719464860449,3.7,1450
1719464860457,3.7,200
1719464861266,3.65,100
1719464861398,3.7,75
1719464862277,3.7,25
1719464862590,3.65,150
1719464863266,3.65,500
1719464863563,3.65,750
1719464864228,3.6,25
1719464864852,3.6,925
1719464865282,3.55,75
1719464866000,3.55,50
1719464866263,3.65,100
1719464867038,3.7,1300
1719464867300,3.7,25
1719464868242,3.75,1075
1719464868436,3.8,25
1719464869290,3.75,25
1719464869599,3.8,100
1719464870272,3.8,25
1719464870668,3.8,75
1719464871269,3.8,100
1719464871649,3.75,25
1719464872270,3.75,1425
1719464873054,3.65,150
1719464873303,3.7,25
1719464875307,3.8,100
1719464875425,3.8,75
1719464876296,3.8,150
1719464876857,3.85,350
1719464877490,3.85,950
1719464878240,3.8,50
1719464878317,3.8,25
1719464879308,3.75,500
1719464879610,3.75,375
1719464880106,3.75,200
1719464880283,3.75,125
1719464880643,3.7,25
1719464881222,3.7,75
1719464882080,3.7,175
1719464882233,3.7,150
1719464883271,3.75,500
1719464883271,3.75,500
1719464884481,3.7,25
1719464884669,3.7,25
1719464885303,3.65,400
1719464885882,3.7,150
1719464886277,3.7,25
1719464887282,3.75,25
1719464887320,3.75,25
1719464888311,3.7,500
1719464888550,3.75,25
1719464889296,3.7,100
1719464889586,3.75,25
1719464890273,3.75,450
1719464890775,3.7,125
1719464891315,3.65,1250
1719464892083,3.65,825
1719464892512,3.6,75
1719464893321,3.65,50
1719464893510,3.6,75
1719464894322,3.5,25
1719464894663,3.6,250
1719464895299,3.6,300
1719464896043,3.6,25
1719464896320,3.6,25
1719464897316,3.6,25
1719464897470,3.55,100
1719464898437,3.55,1450
1719464898676,3.6,25
1719464899224,3.6,250
1719464900009,3.55,100
1719464900295,3.55,100
1719464901310,3.55,350
1719464901678,3.5,25
1719464902277,3.5,25
1719464902690,3.55,125
1719464903314,3.55,550
1719464904080,3.55,500
1719464904298,3.65,750
1719464905328,3.8,50
1719464905714,3.8,325
1719464906316,3.9,25
1719464907056,3.85,25
1719464907056,3.85,25
1719464908313,3.85,25
1719464908505,3.9,100
1719464909268,3.85,25
1719464909909,3.9,25
1719464910128,4.0,500
1719464910319,4.1,25
1719464911482,4.05,25
1719464912230,4.0,575
1719464913071,4.0,150
1719464913318,4.0,300
1719464914313,4.0,925
1719464914727,3.95,25
1719464915319,3.85,25
1719464915708,3.85,25
1719464916323,3.85,375
1719464917115,3.75,100
1719464917311,3.75,25
1719464918306,3.75,75
1719464918468,3.75,125
1719464919333,3.8,25
1719464919433,3.8,1375
1719464920333,3.9,100
1719464920721,3.9,25
1719464921337,3.8,150
1719464922144,3.75,1275
1719464922334,3.75,500
1719464923305,3.85,25
1719464923452,3.8,525
1719464924305,3.8,25
1719464924515,3.75,25
1719464925316,3.75,150
1719464925503,3.7,200
1719464926321,3.8,25
1719464926706,3.75,25
1719464927320,3.75,50
1719464927864,3.7,400
1719464928264,3.75,25
1719464929231,3.8,25
1719464930281,3.8,375
1719464930412,3.75,25
1719464931281,3.75,125
1719464931753,3.8,25
1719464932299,3.8,1750
1719464932641,3.8,75
1719464933247,3.8,50
1719464933900,3.75,100
1719464934310,3.75,225
1719464935341,3.75,600
1719464936295,3.7,150
1719464936496,3.7,25
1719464937335,3.65,400
1719464937751,3.7,75
1719464938344,3.75,25
1719464938721,3.75,525
1719464939515,3.9,50
1719464940024,3.8,50
1719464940324,3.8,25
1719464941364,3.85,25
1719464941538,3.85,25
1719464942300,3.9,25
1719464942762,3.85,25
1719464943301,3.8,200
1719464943740,3.8,25
1719464944342,3.9,25
1719464944718,3.9,25
1719464945180,3.9,25
1719464945790,3.9,175
1719464946325,3.85,25
1719464947148,3.8,25
1719464947148,3.8,25
1719464948179,3.8,25
1719464948534,3.8,100
1719464949120,3.85,75
1719464949322,3.75,125
1719464950293,3.75,25
1719464951348,3.75,25
1719464951578,3.75,25
1719464952361,3.65,75
1719464952762,3.65,75
1719464953235,3.7,25
1719464953976,3.7,50
