time,price,volume
1719461502193,46.0,25
1719461504087,45.9,25
1719461504087,45.9,25
1719461504087,45.9,25
1719461507061,46.0,25
1719461507061,46.0,25
1719461508111,45.45,150
1719461508111,45.45,150
1719461510420,45.7,25
1719461510420,45.7,25
1719461510420,45.7,25
1719461510420,45.7,25
1719461516190,45.0,250
1719461517903,45.3,25
1719461517959,45.25,25
1719461518049,45.2,25
1719461519727,45.5,25
1719461519772,45.4,25
1719461520315,45.4,25
1719461520315,45.4,25
1719461520315,45.4,25
1719461521855,45.5,25
1719461522045,45.75,25
1719461522045,45.75,25
1719461523602,45.25,50
1719461524419,45.5,100
1719461525381,45.4,25
1719461526182,45.65,25
1719461526182,45.65,25
1719461526182,45.65,25
1719461526182,45.65,25
1719461529840,45.6,50
1719461530129,45.6,200
1719461530129,45.6,200
1719461532503,45.75,25
1719461532503,45.75,25
1719461533213,45.6,25
1719461533213,45.6,25
1719461536172,45.65,175
1719461536172,45.65,175
1719461536172,45.65,175
1719461539103,45.8,25
1719461539103,45.8,25
1719461539947,45.8,25
1719461540577,46.0,25
1719461540577,46.0,25
1719461540577,46.0,25
1719461540577,46.0,25
1719461540577,46.0,25
1719461547332,46.15,150
1719461547601,46.0,25
1719461547601,46.0,25
1719461548653,45.65,75
1719461548653,45.65,75
1719461550342,46.0,50
1719461550342,46.0,50
1719461550342,46.0,50
1719461550342,46.0,50
1719461550342,46.0,50
1719461550342,46.0,50
1719461557475,45.65,25
1719461557475,45.65,25
1719461557475,45.65,25
1719461560501,46.0,100
1719461560501,46.0,100
1719461561445,46.05,125
1719461561445,46.05,125
1719461564145,46.65,250
1719461564145,46.65,250
1719461564145,46.65,250
1719461566471,46.35,25
1719461566471,46.35,25
1719461566471,46.35,25
1719461570164,46.7,25
1719461570164,46.7,25
1719461570164,46.7,25
1719461570164,46.7,25
1719461575334,46.65,25
1719461575334,46.65,25
1719461575334,46.65,25
1719461579536,46.65,50
1719461579536,46.65,50
1719461580461,46.5,150
1719461580461,46.5,150
1719461580461,46.5,150
1719461584596,46.4,25
1719461584596,46.4,25
1719461585614,46.65,25
1719461585614,46.65,25
1719461585614,46.65,25
1719461588121,47.0,25
1719461588121,47.0,25
1719461588121,47.0,25
1719461592602,47.15,25
1719461592602,47.15,25
1719461593830,46.95,25
1719461593830,46.95,25
1719461596437,46.6,25
1719461597508,46.7,50
1719461597508,46.7,50
1719461597508,46.7,50
1719461597508,46.7,50
1719461597508,46.7,50
1719461603188,46.8,50
1719461603188,46.8,50
1719461606306,46.4,25
1719461607726,47.1,50
1719461607726,47.1,50
1719461607726,47.1,50
1719461610321,47.05,50
1719461610321,47.05,50
1719461610965,46.6,25
1719461610965,46.6,25
1719461611693,46.9,175
1719461611693,46.9,175
1719461611693,46.9,175
1719461611693,46.9,175
1719461611693,46.9,175
1719461611693,46.9,175
1719461611693,46.9,175
1719461611693,46.9,175
1719461623979,46.5,400
1719461624229,46.5,375
1719461624229,46.5,375
1719461624229,46.5,375
1719461628073,46.0,400
1719461628073,46.0,400
1719461630120,46.15,100
1719461631409,46.4,25
1719461632601,46.3,150
1719461632601,46.3,150
1719461634129,46.2,50
1719461634671,46.2,75
1719461634671,46.2,75
1719461634671,46.2,75
1719461634671,46.2,75
1719461634671,46.2,75
1719461634671,46.2,75
1719461641147,46.4,25
1719461641147,46.4,25
1719461642081,46.7,25
1719461642336,46.7,25
1719461642336,46.7,25
1719461644009,46.75,25
1719461644852,46.55,25
1719461644852,46.55,25
1719461646448,46.65,175
1719461646448,46.65,175
1719461646448,46.65,175
1719461646448,46.65,175
1719461652730,46.6,25
1719461652730,46.6,25
1719461652730,46.6,25
1719461656388,46.15,50
1719461656388,46.15,50
1719461658400,46.65,25
1719461658861,46.9,200
1719461658861,46.9,200
1719461658861,46.9,200
1719461661865,47.0,25
1719461662619,47.15,50
1719461663051,47.3,25
1719461663738,47.4,150
1719461664297,47.1,50
1719461664297,47.1,50
1719461666610,46.8,900
1719461666610,46.8,900
1719461669163,46.85,225
1719461669163,46.85,225
1719461670290,46.45,25
1719461670290,46.45,25
1719461670290,46.45,25
1719461673956,46.7,25
1719461673956,46.7,25
1719461673956,46.7,25
1719461673956,46.7,25
1719461673956,46.7,25
1719461673956,46.7,25
1719461673956,46.7,25
1719461673956,46.7,25
1719461673956,46.7,25
1719461673956,46.7,25
1719461689060,46.4,25
1719461689060,46.4,25
1719461689060,46.4,25
1719461689060,46.4,25
1719461689060,46.4,25
1719461689060,46.4,25
1719461689060,46.4,25
1719461689060,46.4,25
1719461689060,46.4,25
1719461689060,46.4,25
1719461702382,45.75,150
1719461702382,45.75,150
1719461702382,45.75,150
1719461702382,45.75,150
1719461702382,45.75,150
1719461702382,45.75,150
1719461702382,45.75,150
1719461702382,45.75,150
1719461702382,45.75,150
1719461717667,46.4,100
1719461717667,46.4,100
1719461717667,46.4,100
1719461720375,45.65,200
1719461720375,45.65,200
1719461747784,44.8,125
1719461748887,44.65,25
1719461748887,44.65,25
1719461748887,44.65,25
1719461748887,44.65,25
1719461753824,44.3,50
1719461754700,44.5,50
1719461755687,44.3,25
1719461755687,44.3,25
1719461757341,44.65,125
1719461757341,44.65,125
1719461757341,44.65,125
1719461757341,44.65,125
1719461761310,44.45,25
1719461761310,44.45,25
1719461761310,44.45,25
1719461763484,44.4,25
1719461764279,44.2,200
1719461764279,44.2,200
1719461764279,44.2,200
1719461764279,44.2,200
1719461769776,44.55,25
1719461770946,44.3,50
1719461771520,44.55,25
1719461771520,44.55,25
1719461772334,44.9,25
1719461772334,44.9,25
1719461774708,44.8,50
1719461774708,44.8,50
1719461774708,44.8,50
1719461774708,44.8,50
1719461774708,44.8,50
1719461781284,44.55,25
1719461781284,44.55,25
1719461782403,44.4,25
1719461782750,44.4,25
1719461782856,44.45,25
1719461782856,44.45,25
1719461782856,44.45,25
1719461785450,44.35,125
1719461786379,44.0,25
1719461786379,44.0,25
1719461788905,43.75,25
1719461788905,43.75,25
1719461788905,43.75,25
1719461788905,43.75,25
1719461788905,43.75,25
1719461788905,43.75,25
1719461788905,43.75,25
1719461797361,44.15,25
1719461797361,44.15,25
1719461797361,44.15,25
1719461797361,44.15,25
1719461797361,44.15,25
1719461804976,44.0,25
1719461805038,44.2,50
1719461805038,44.2,50
1719461806832,44.1,25
1719461807419,44.15,25
1719461807419,44.15,25
1719461808768,44.15,25
1719461808901,44.3,25
1719461808901,44.3,25
1719461808901,44.3,25
1719461808901,44.3,25
1719461808901,44.3,25
1719461817072,44.5,25
1719461817072,44.5,25
1719461817072,44.5,25
1719461817072,44.5,25
1719461817072,44.5,25
1719461822476,44.6,25
1719461822476,44.6,25
1719461823640,44.55,25
1719461823640,44.55,25
1719461823640,44.55,25
1719461826748,44.85,150
1719461827332,45.0,25
1719461827332,45.0,25
1719461827332,45.0,25
1719461831183,45.1,25
1719461831183,45.1,25
1719461831964,45.0,25
1719461833028,44.9,50
1719461833028,44.9,50
1719461833028,44.9,50
1719461836391,44.5,25
1719461836504,44.6,25
1719461836882,44.75,25
1719461837822,44.95,125
1719461838136,45.1,25
1719461838136,45.1,25
1719461838136,45.1,25
1719461838136,45.1,25
1719461838136,45.1,25
1719461843844,45.35,25
1719461844826,45.4,25
1719461844826,45.4,25
1719461844826,45.4,25
1719461848526,45.35,100
1719461848526,45.35,100
1719461848526,45.35,100
1719461848526,45.35,100
1719461848526,45.35,100
1719461848526,45.35,100
1719461848526,45.35,100
1719461857609,45.65,25
1719461857609,45.65,25
1719461857609,45.65,25
1719461860420,45.95,50
1719461860420,45.95,50
1719461860420,45.95,50
1719461862866,45.65,50
1719461862866,45.65,50
1719461864280,45.9,25
1719461864280,45.9,25
1719461864280,45.9,25
1719461867811,45.8,25
1719461867928,45.8,25
1719461867928,45.8,25
1719461869923,46.15,50
1719461869923,46.15,50
1719461869923,46.15,50
1719461871902,46.2,50
1719461871902,46.2,50
1719461873779,46.2,50
1719461873779,46.2,50
1719461873779,46.2,50
1719461877496,46.2,25
1719461877496,46.2,25
1719461878578,46.15,300
1719461878578,46.15,300
1719461878578,46.15,300
1719461881007,46.3,75
1719461881007,46.3,75
1719461881007,46.3,75
1719461884074,46.2,75
1719461884074,46.2,75
1719461885335,46.2,25
1719461885335,46.2,25
1719461886900,46.1,25
1719461886900,46.1,25
1719461886900,46.1,25
1719461890652,46.55,25
1719461890652,46.55,25
1719461890652,46.55,25
1719461890652,46.55,25
1719461890652,46.55,25
1719461890652,46.55,25
1719461890652,46.55,25
1719461890652,46.55,25
1719461890652,46.55,25
1719461890652,46.55,25
1719461890652,46.55,25
1719461890652,46.55,25
1719461890652,46.55,25
1719461890652,46.55,25
1719461911075,46.8,25
1719461911368,47.2,25
1719461911368,47.2,25
1719461911368,47.2,25
1719461913983,46.9,25
1719461913983,46.9,25
1719461915959,46.6,50
1719461915959,46.6,50
1719461917021,46.95,25
1719461917021,46.95,25
1719461917021,46.95,25
1719461920568,46.8,50
1719461920568,46.8,50
1719461920568,46.8,50
1719461920568,46.8,50
1719461925780,46.1,75
1719461925780,46.1,75
1719461925780,46.1,75
1719461925780,46.1,75
1719461925780,46.1,75
1719461925780,46.1,75
1719461925780,46.1,75
1719461925780,46.1,75
1719461937913,46.55,25
1719461937913,46.55,25
1719461937913,46.55,25
1719461937913,46.55,25
1719461937913,46.55,25
1719461937913,46.55,25
1719461937913,46.55,25
1719461937913,46.55,25
1719461937913,46.55,25
1719461937913,46.55,25
1719461937913,46.55,25
1719461937913,46.55,25
1719461955048,46.25,50
1719461955048,46.25,50
1719461955048,46.25,50
1719461955048,46.25,50
1719461960204,44.95,125
1719461960204,44.95,125
1719461961593,44.9,25
1719461961593,44.9,25
1719461962420,45.05,75
1719461962420,45.05,75
1719461962420,45.05,75
1719461965721,45.05,75
1719461966802,45.2,75
1719461966802,45.2,75
1719461967949,45.35,25
1719461967949,45.35,25
1719461967949,45.35,25
1719461967949,45.35,25
1719461967949,45.35,25
1719461967949,45.35,25
1719461974033,45.3,25
1719461975206,45.4,50
1719461975206,45.4,50
1719461975206,45.4,50
1719461975206,45.4,50
1719461979051,45.45,25
1719461979051,45.45,25
1719461979051,45.45,25
1719461979051,45.45,25
1719461979051,45.45,25
1719461985505,44.7,25
1719461985505,44.7,25
1719461985505,44.7,25
1719461985505,44.7,25
1719461985505,44.7,25
1719461992819,44.9,25
1719461992819,44.9,25
1719461992819,44.9,25
1719461996757,45.3,75
1719461996757,45.3,75
1719461996757,45.3,75
1719461999098,45.0,25
1719461999098,45.0,25
1719461999098,45.0,25
1719462000697,44.9,75
1719462001219,44.8,25
1719462001219,44.8,25
1719462003083,44.6,25
1719462003496,44.6,25
1719462003496,44.6,25
1719462004721,44.65,25
1719462004721,44.65,25
1719462004721,44.65,25
1719462004721,44.65,25
1719462004721,44.65,25
1719462010817,44.2,175
1719462010817,44.2,175
1719462012255,44.75,25
1719462012851,44.5,25
1719462012851,44.5,25
1719462014255,44.65,25
1719462014255,44.65,25
1719462015504,44.55,25
1719462016040,44.35,25
1719462016663,44.1,50
1719462016663,44.1,50
1719462017534,44.2,25
1719462017534,44.2,25
1719462017534,44.2,25
1719462020828,44.1,100
1719462021900,44.5,75
1719462021900,44.5,75
1719462022151,44.65,25
1719462022151,44.65,25
1719462022151,44.65,25
1719462025823,44.9,25
1719462025823,44.9,25
1719462028042,45.0,250
1719462028042,45.0,250
1719462030266,44.7,150
1719462030266,44.7,150
1719462030266,44.7,150
1719462035201,44.8,25
1719462036360,44.75,750
1719462036360,44.75,750
1719462036360,44.75,750
1719462039109,44.9,50
1719462039191,45.05,25
1719462039191,45.05,25
1719462041500,45.1,25
1719462041500,45.1,25
1719462041500,45.1,25
1719462044224,45.3,25
1719462044224,45.3,25
1719462044224,45.3,25
1719462044224,45.3,25
1719462048574,44.75,25
1719462048574,44.75,25
1719462051443,44.9,25
1719462051443,44.9,25
1719462053475,44.65,25
1719462054426,44.9,25
1719462054426,44.9,25
1719462055561,44.9,75
1719462056127,44.9,25
1719462056289,44.9,50
1719462057756,45.05,25
1719462057756,45.05,25
1719462058780,45.45,75
1719462059864,45.2,25
1719462059864,45.2,25
1719462061631,45.05,25
1719462061631,45.05,25
1719462063535,45.15,75
1719462063535,45.15,75
1719462063535,45.15,75
1719462066255,45.5,25
1719462066754,45.5,25
1719462066754,45.5,25
1719462066754,45.5,25
1719462066754,45.5,25
1719462066754,45.5,25
1719462066754,45.5,25
1719462075218,45.45,25
1719462075218,45.45,25
1719462077677,45.35,225
1719462077677,45.35,225
1719462077677,45.35,225
1719462081554,45.3,25
1719462081554,45.3,25
1719462082724,45.6,25
1719462082784,45.8,25
1719462082784,45.8,25
1719462082784,45.8,25
1719462085547,45.85,25
1719462085547,45.85,25
1719462085547,45.85,25
1719462085547,45.85,25
1719462085547,45.85,25
1719462085547,45.85,25
1719462092177,45.65,25
1719462092177,45.65,25
1719462092177,45.65,25
1719462096953,45.55,25
1719462096953,45.55,25
1719462096953,45.55,25
1719462096953,45.55,25
1719462096953,45.55,25
1719462096953,45.55,25
1719462096953,45.55,25
1719462096953,45.55,25
1719462096953,45.55,25
1719462096953,45.55,25
1719462096953,45.55,25
1719462113180,44.55,175
1719462113180,44.55,175
1719462113180,44.55,175
1719462113180,44.55,175
1719462113180,44.55,175
1719462113180,44.55,175
1719462113180,44.55,175
1719462121698,45.55,25
1719462121698,45.55,25
1719462122455,45.7,75
1719462122455,45.7,75
1719462123791,45.6,75
1719462123791,45.6,75
1719462123791,45.6,75
1719462123791,45.6,75
1719462123791,45.6,75
1719462123791,45.6,75
1719462123791,45.6,75
1719462123791,45.6,75
1719462123791,45.6,75
1719462138362,45.75,325
1719462138362,45.75,325
1719462138362,45.75,325
1719462138362,45.75,325
1719462138362,45.75,325
1719462138362,45.75,325
1719462138362,45.75,325
1719462148379,45.45,25
1719462148379,45.45,25
1719462148379,45.45,25
1719462148379,45.45,25
1719462148379,45.45,25
1719462148379,45.45,25
1719462153941,45.65,25
1719462153941,45.65,25
1719462155781,45.7,125
1719462155781,45.7,125
1719462157312,45.85,50
1719462157312,45.85,50
1719462157312,45.85,50
1719462157312,45.85,50
1719462157312,45.85,50
1719462157312,45.85,50
1719462166395,46.0,25
1719462166395,46.0,25
1719462166395,46.0,25
1719462166395,46.0,25
1719462170839,46.15,25
1719462170839,46.15,25
1719462170839,46.15,25
1719462175244,45.6,50
1719462176284,45.7,25
1719462176284,45.7,25
1719462177272,46.1,125
1719462177757,46.35,75
1719462177757,46.35,75
1719462177757,46.35,75
1719462177757,46.35,75
1719462177757,46.35,75
1719462177757,46.35,75
1719462177757,46.35,75
1719462177757,46.35,75
1719462177757,46.35,75
1719462177757,46.35,75
1719462177757,46.35,75
1719462177757,46.35,75
1719462177757,46.35,75
1719462177757,46.35,75
1719462199204,46.6,25
1719462199204,46.6,25
1719462199204,46.6,25
1719462199204,46.6,25
1719462199204,46.6,25
1719462206133,45.7,25
1719462207207,45.85,150
1719462207449,45.75,25
1719462208410,45.75,225
1719462208410,45.75,225
1719462208410,45.75,225
1719462208410,45.75,225
1719462208410,45.75,225
1719462208410,45.75,225
1719462208410,45.75,225
1719462208410,45.75,225
1719462208410,45.75,225
1719462208410,45.75,225
1719462208410,45.75,225
1719462208410,45.75,225
1719462208410,45.75,225
1719462208410,45.75,225
1719462208410,45.75,225
1719462208410,45.75,225
1719462208410,45.75,225
1719462208410,45.75,225
1719462208410,45.75,225
1719462208410,45.75,225
1719462208410,45.75,225
1719462208410,45.75,225
1719462243594,46.1,25
1719462243594,46.1,25
1719462243594,46.1,25
1719462246715,45.7,150
1719462247069,45.6,325
1719462248217,45.55,150
1719462248217,45.55,150
1719462248217,45.55,150
1719462250984,46.1,25
1719462252029,46.5,25
1719462252872,46.65,75
1719462252872,46.65,75
1719462254469,46.5,25
1719462254469,46.5,25
1719462254469,46.5,25
1719462257852,46.6,50
1719462257852,46.6,50
1719462257852,46.6,50
1719462257852,46.6,50
1719462257852,46.6,50
1719462265000,46.55,25
1719462265000,46.55,25
1719462265000,46.55,25
1719462265000,46.55,25
1719462265000,46.55,25
1719462265000,46.55,25
1719462265000,46.55,25
1719462265000,46.55,25
1719462265000,46.55,25
1719462265000,46.55,25
1719462265000,46.55,25
1719462280381,45.75,25
1719462280381,45.75,25
1719462280381,45.75,25
1719462285009,45.9,75
1719462285009,45.9,75
1719462285009,45.9,75
1719462285009,45.9,75
1719462285009,45.9,75
1719462285009,45.9,75
1719462285009,45.9,75
1719462285009,45.9,75
1719462285009,45.9,75
1719462285009,45.9,75
1719462285009,45.9,75
1719462285009,45.9,75
1719462301176,45.3,25
1719462301176,45.3,25
1719462303383,45.4,25
1719462303383,45.4,25
1719462303383,45.4,25
1719462303383,45.4,25
1719462303383,45.4,25
1719462310255,45.6,25
1719462310255,45.6,25
1719462311005,45.5,25
1719462311993,45.3,75
1719462311993,45.3,75
1719462314396,44.7,25
1719462314642,44.7,25
1719462314642,44.7,25
1719462314642,44.7,25
1719462314642,44.7,25
1719462320098,44.85,50
1719462320098,44.85,50
1719462320098,44.85,50
1719462322970,44.95,25
1719462323714,44.95,25
1719462323714,44.95,25
1719462325719,45.05,25
1719462326566,45.05,25
1719462327011,44.9,25
1719462327011,44.9,25
1719462328367,44.35,25
1719462328367,44.35,25
1719462328367,44.35,25
1719462328367,44.35,25
1719462332186,44.5,50
1719462332186,44.5,50
1719462333027,44.85,25
1719462333953,44.7,25
1719462333953,44.7,25
1719462333953,44.7,25
1719462335795,44.8,25
1719462335795,44.8,25
1719462338135,45.15,50
1719462338135,45.15,50
1719462338135,45.15,50
1719462338135,45.15,50
1719462338135,45.15,50
1719462344991,44.9,50
1719462344991,44.9,50
1719462344991,44.9,50
1719462344991,44.9,50
1719462344991,44.9,50
1719462344991,44.9,50
1719462344991,44.9,50
1719462354047,45.05,25
1719462354047,45.05,25
1719462354047,45.05,25
1719462354047,45.05,25
1719462354047,45.05,25
1719462354047,45.05,25
1719462354047,45.05,25
1719462362462,45.0,25
1719462362462,45.0,25
1719462362462,45.0,25
1719462362462,45.0,25
1719462367754,45.65,25
1719462368262,45.6,25
1719462368262,45.6,25
1719462368262,45.6,25
1719462368262,45.6,25
1719462368262,45.6,25
1719462368262,45.6,25
1719462368262,45.6,25
1719462368262,45.6,25
1719462368262,45.6,25
1719462368262,45.6,25
1719462368262,45.6,25
1719462368262,45.6,25
1719462368262,45.6,25
1719462368262,45.6,25
1719462368262,45.6,25
1719462368262,45.6,25
1719462368262,45.6,25
1719462393997,45.25,25
1719462393997,45.25,25
1719462393997,45.25,25
1719462393997,45.25,25
1719462400484,44.1,25
1719462400558,44.0,25
1719462400816,43.75,200
1719462400816,43.75,200
1719462400816,43.75,200
1719462400816,43.75,200
1719462406238,43.65,50
1719462406238,43.65,50
1719462406238,43.65,50
1719462406238,43.65,50
1719462406238,43.65,50
1719462406238,43.65,50
1719462415030,43.0,25
1719462415030,43.0,25
1719462415030,43.0,25
1719462419010,42.5,25
1719462419386,42.35,125
1719462419386,42.35,125
1719462420548,42.3,125
1719462421226,41.75,25
1719462421226,41.75,25
1719462422914,41.7,325
1719462423161,41.8,100
1719462423471,41.85,75
1719462423471,41.85,75
1719462425095,42.3,25
1719462425709,42.1,25
1719462426087,42.25,25
1719462427005,42.4,25
1719462427005,42.4,25
1719462428515,42.5,25
1719462429169,42.3,25
1719462429818,42.3,25
1719462429818,42.3,25
1719462431436,42.7,175
1719462431436,42.7,175
1719462433712,42.7,25
1719462434032,42.45,50
1719462434519,42.1,200
1719462435691,42.15,150
1719462436093,42.3,100
1719462436093,42.3,100
1719462436093,42.3,100
1719462440372,42.1,150
1719462440372,42.1,150
1719462440372,42.1,150
1719462440372,42.1,150
1719462444440,41.7,25
1719462444440,41.7,25
1719462444440,41.7,25
1719462444440,41.7,25
1719462444440,41.7,25
1719462444440,41.7,25
1719462452484,42.15,100
1719462452484,42.15,100
1719462452484,42.15,100
1719462452484,42.15,100
1719462452484,42.15,100
1719462452484,42.15,100
1719462462110,41.7,25
1719462462110,41.7,25
1719462463846,41.2,25
1719462463846,41.2,25
1719462464580,41.35,25
1719462464580,41.35,25
1719462466080,41.0,100
1719462467114,40.6,50
1719462467114,40.6,50
1719462467114,40.6,50
1719462467114,40.6,50
1719462471991,40.35,150
1719462472479,40.15,25
1719462473291,40.15,25
1719462474156,40.3,50
1719462474476,40.2,125
1719462475163,40.2,100
1719462475163,40.2,100
1719462476325,39.8,200
1719462477266,39.8,75
1719462477876,39.8,150
1719462478408,40.0,25
1719462478408,40.0,25
1719462479593,40.05,50
1719462479593,40.05,50
1719462479593,40.05,50
1719462481365,39.6,100
1719462482019,39.35,200
1719462482019,39.35,200
1719462482895,39.2,25
1719462484171,39.55,50
1719462484171,39.55,50
1719462485481,39.65,50
1719462485605,39.75,150
1719462486349,39.55,175
1719462487250,39.8,25
1719462487250,39.8,25
1719462488157,40.05,25
1719462488284,40.15,100
1719462490504,40.2,25
1719462490504,40.2,25
1719462491515,39.75,25
1719462491703,39.75,25
1719462492280,39.8,125
1719462492918,40.05,50
1719462492918,40.05,50
1719462492918,40.05,50
1719462496719,39.4,100
1719462496719,39.4,100
1719462496719,39.4,100
1719462499592,40.05,150
1719462499592,40.05,150
1719462499592,40.05,150
1719462499592,40.05,150
1719462505612,39.15,350
1719462506493,39.0,50
1719462507176,39.15,100
1719462507176,39.15,100
1719462507176,39.15,100
1719462507176,39.15,100
1719462507176,39.15,100
1719462511218,39.35,50
1719462511218,39.35,50
1719462511218,39.35,50
1719462511218,39.35,50
1719462511218,39.35,50
1719462518253,39.0,25
1719462518253,39.0,25
1719462519694,39.25,25
1719462519694,39.25,25
1719462521749,39.4,25
1719462521749,39.4,25
1719462523025,39.25,25
1719462523881,39.3,25
1719462524994,39.15,50
1719462524994,39.15,50
1719462524994,39.15,50
1719462527818,39.2,125
1719462529193,39.15,375
1719462529193,39.15,375
1719462531978,39.05,25
1719462531978,39.05,25
1719462532920,39.0,25
1719462533290,39.15,25
1719462534054,39.05,200
1719462534054,39.05,200
1719462534054,39.05,200
1719462537358,39.0,500
1719462537358,39.0,500
1719462539625,39.25,25
1719462540084,38.9,25
1719462540233,39.0,25
1719462540497,39.2,25
1719462541161,39.0,125
1719462541161,39.0,125
1719462541161,39.0,125
1719462541161,39.0,125
1719462546834,39.35,25
1719462547393,39.3,250
1719462547393,39.3,250
1719462548169,39.3,25
1719462548169,39.3,25
1719462548169,39.3,25
1719462548169,39.3,25
1719462553843,39.05,25
1719462553843,39.05,25
1719462554546,39.05,50
1719462554546,39.05,50
1719462556319,38.55,50
1719462556512,38.5,50
1719462556512,38.5,50
1719462558418,38.6,125
1719462558537,38.8,75
1719462558537,38.8,75
1719462558537,38.8,75
1719462561894,38.55,100
1719462561894,38.55,100
1719462563229,38.8,25
1719462563229,38.8,25
1719462564686,38.55,150
1719462564686,38.55,150
1719462564686,38.55,150
1719462569050,38.45,50
1719462569050,38.45,50
1719462570277,38.35,250
1719462570277,38.35,250
1719462570277,38.35,250
1719462570277,38.35,250
1719462570277,38.35,250
1719462576341,38.8,25
1719462577112,39.05,25
1719462577112,39.05,25
1719462578268,39.3,200
1719462578268,39.3,200
1719462578268,39.3,200
1719462580999,39.1,25
1719462581501,38.8,150
1719462581501,38.8,150
1719462583065,38.95,75
1719462583065,38.95,75
1719462583065,38.95,75
1719462583065,38.95,75
1719462589207,38.9,50
1719462589551,38.9,50
1719462590937,38.7,75
1719462590937,38.7,75
1719462592539,38.75,150
1719462592539,38.75,150
1719462594206,38.6,100
1719462594206,38.6,100
1719462594206,38.6,100
1719462594206,38.6,100
1719462594206,38.6,100
1719462594206,38.6,100
1719462601112,37.7,50
1719462601112,37.7,50
1719462601112,37.7,50
1719462604570,38.6,250
1719462604676,38.4,75
1719462605801,38.55,125
1719462606017,38.7,50
1719462607013,38.55,100
1719462608250,38.8,25
1719462608499,38.65,200
1719462608499,38.65,200
1719462609755,38.8,250
1719462610919,38.8,50
1719462611191,38.6,25
1719462612360,38.7,175
1719462612360,38.7,175
1719462612360,38.7,175
1719462612360,38.7,175
1719462618673,38.7,200
1719462618673,38.7,200
1719462620384,38.95,25
1719462620384,38.95,25
1719462621283,38.85,100
1719462622337,38.8,375
1719462622337,38.8,375
1719462622337,38.8,375
1719462625625,38.85,25
1719462625698,38.85,50
1719462626356,38.65,100
1719462626503,38.85,25
1719462626503,38.85,25
1719462628293,38.45,75
1719462628293,38.45,75
1719462628293,38.45,75
1719462628293,38.45,75
1719462628293,38.45,75
1719462628293,38.45,75
1719462628293,38.45,75
1719462637131,38.6,25
1719462637131,38.6,25
1719462637131,38.6,25
1719462637131,38.6,25
1719462637131,38.6,25
1719462643363,38.8,50
1719462643808,38.8,325
1719462643808,38.8,325
1719462643808,38.8,325
1719462647184,38.3,25
1719462647184,38.3,25
1719462647184,38.3,25
1719462647184,38.3,25
1719462647184,38.3,25
1719462654441,38.65,25
1719462654441,38.65,25
1719462654441,38.65,25
1719462654441,38.65,25
1719462659716,38.0,125
1719462659716,38.0,125
1719462660570,37.8,625
1719462660570,37.8,625
1719462662012,37.7,25
1719462662012,37.7,25
1719462662693,38.0,225
1719462663251,38.05,125
1719462697014,38.05,75
1719462697014,38.05,75
1719462697014,38.05,75
1719462707934,37.75,25
1719462707934,37.75,25
1719462710381,37.8,25
1719462710381,37.8,25
1719462711295,37.7,25
1719462711599,37.55,200
1719462711599,37.55,200
1719462714259,37.0,200
1719462714259,37.0,200
1719462716138,36.75,25
1719462716138,36.75,25
1719462717492,36.75,50
1719462717492,36.75,50
1719462718602,37.2,50
1719462719202,36.85,100
1719462719202,36.85,100
1719462719202,36.85,100
1719462721046,36.65,250
1719462721046,36.65,250
1719462721561,36.5,25
1719462722610,36.2,125
1719462723354,36.2,100
1719462723354,36.2,100
1719462725237,36.55,25
1719462725758,36.3,25
1719462725758,36.3,25
1719462725758,36.3,25
1719462728716,36.55,25
1719462728716,36.55,25
1719462730254,36.9,25
1719462731250,36.75,25
1719462732789,37.2,25
1719462733253,37.3,25
1719462734017,37.35,25
1719462734017,37.35,25
1719462734923,37.2,25
1719462736036,37.4,25
1719462736522,37.3,25
1719462737224,37.4,25
1719462738477,37.4,25
1719462739173,37.25,25
1719462741170,37.25,25
1719462741170,37.25,25
1719462741170,37.25,25
1719462742957,37.25,1125
1719462744129,37.25,25
1719462744129,37.25,25
1719462744129,37.25,25
1719462744129,37.25,25
1719462748733,37.0,125
1719462748733,37.0,125
1719462748733,37.0,125
1719462748733,37.0,125
1719462748733,37.0,125
1719462753588,36.8,25
1719462753791,36.85,300
1719462753791,36.85,300
1719462756745,36.8,1225
1719462757010,36.45,150
1719462757010,36.45,150
1719462757010,36.45,150
1719462760475,36.6,25
1719462760475,36.6,25
1719462762296,36.6,125
1719462762296,36.6,125
1719462762296,36.6,125
1719462766119,36.45,25
1719462766119,36.45,25
1719462768264,36.6,225
1719462768264,36.6,225
1719462770267,36.4,150
1719462770267,36.4,150
1719462771488,36.0,25
1719462771488,36.0,25
1719462771488,36.0,25
1719462775642,35.75,150
1719462775952,35.45,125
1719462775952,35.45,125
1719462776784,35.45,25
1719462776784,35.45,25
1719462778385,35.6,125
1719462779177,35.6,125
1719462779177,35.6,125
1719462780263,35.75,225
1719462781188,35.6,50
1719462781188,35.6,50
1719462781945,35.7,25
1719462782845,35.4,50
1719462782845,35.4,50
1719462782845,35.4,50
1719462782845,35.4,50
1719462786503,35.4,25
1719462787004,35.3,25
1719462787004,35.3,25
1719462788753,35.4,25
1719462788753,35.4,25
1719462789931,35.1,25
1719462790065,35.0,25
1719462790911,35.15,50
1719462790911,35.15,50
1719462790911,35.15,50
1719462793154,35.15,50
1719462794138,35.25,125
1719462794138,35.25,125
1719462794765,35.25,125
1719462795442,35.1,75
1719462795442,35.1,75
1719462797190,35.25,100
1719462797190,35.25,100
1719462798267,35.3,75
1719462799340,35.1,100
1719462799848,35.0,75
1719462799848,35.0,75
1719462801604,34.8,50
1719462801604,34.8,50
1719462801604,34.8,50
1719462801604,34.8,50
1719462801604,34.8,50
1719462809475,35.55,25
1719462809475,35.55,25
1719462809475,35.55,25
1719462810649,35.55,25
1719462811282,35.6,175
1719462812502,35.6,50
1719462812876,35.4,75
1719462813554,35.1,50
1719462814524,35.15,25
1719462814524,35.15,25
1719462816644,35.05,50
1719462817335,35.0,150
1719462817845,35.05,25
1719462817845,35.05,25
1719462819213,35.35,100
1719462819213,35.35,100
1719462819737,35.55,150
1719462819737,35.55,150
1719462819737,35.55,150
1719462823703,35.7,25
1719462823703,35.7,25
1719462825615,35.45,100
1719462826258,35.8,525
1719462826509,35.8,75
1719462826509,35.8,75
1719462829520,35.9,225
1719462830504,35.7,125
1719462830939,35.55,25
1719462830939,35.55,25
1719462832722,35.35,150
1719462832722,35.35,150
1719462832722,35.35,150
1719462832722,35.35,150
1719462832722,35.35,150
1719462832722,35.35,150
1719462832722,35.35,150
1719462840852,35.65,25
1719462840852,35.65,25
1719462842683,35.75,25
1719462842683,35.75,25
1719462842683,35.75,25
1719462845205,35.75,25
1719462846254,36.15,25
1719462846503,36.25,25
1719462847075,36.15,200
1719462847639,36.35,25
1719462847639,36.35,25
1719462849275,36.6,150
1719462849786,36.6,25
1719462849976,36.55,25
1719462849976,36.55,25
1719462851827,36.2,25
1719462851827,36.2,25
1719462853060,36.4,25
1719462854517,36.45,25
1719462854517,36.45,25
1719462854517,36.45,25
1719462854517,36.45,25
1719462854517,36.45,25
1719462861353,36.35,25
1719462861353,36.35,25
1719462862819,36.25,150
1719462863805,36.3,25
1719462863805,36.3,25
1719462863805,36.3,25
1719462863805,36.3,25
1719462863805,36.3,25
1719462869267,36.5,25
1719462869636,36.45,50
1719463136185,35.8,25
1719463136185,35.8,25
1719463137468,35.65,25
1719463137468,35.65,25
1719463138829,35.5,100
1719463139134,35.25,125
1719463139134,35.25,125
1719463321650,35.0,25
1719463321650,35.0,25
1719463322813,34.8,25
1719463322813,34.8,25
1719463323812,35.0,150
1719463324659,35.25,100
1719463324659,35.25,100
1719463325753,35.1,25
1719463326503,35.15,25
1719463326848,35.2,25
1719463326848,35.2,25
1719463328070,35.3,25
1719463328070,35.3,25
1719463329503,35.25,25
1719463329503,35.25,25
1719463330520,35.3,125
1719463330520,35.3,125
1719463332067,35.3,25
1719463332067,35.3,25
1719463332067,35.3,25
1719463332067,35.3,25
1719463338202,35.1,25
1719463338202,35.1,25
1719463338202,35.1,25
1719463338202,35.1,25
1719463338202,35.1,25
1719463338202,35.1,25
1719463346826,35.65,25
1719463348393,35.5,25
1719463348393,35.5,25
1719463348851,35.6,25
1719463348970,35.55,25
1719463348970,35.55,25
1719463348970,35.55,25
1719463348970,35.55,25
1719463348970,35.55,25
1719463353988,35.25,25
1719463355131,35.0,25
1719463355131,35.0,25
1719463357021,34.8,125
1719463357021,34.8,125
1719463357021,34.8,125
1719463360612,35.0,25
1719463361346,34.95,250
1719463361346,34.95,250
1719463363469,35.4,125
1719463363469,35.4,125
1719463364093,35.4,125
1719463364093,35.4,125
1719463364093,35.4,125
1719463364093,35.4,125
1719463364093,35.4,125
1719463364093,35.4,125
1719463373151,35.1,25
1719463373151,35.1,25
1719463373908,35.15,200
1719463373908,35.15,200
1719463376647,35.3,150
1719463376647,35.3,150
1719463376647,35.3,150
1719463376647,35.3,150
1719463376647,35.3,150
1719463380595,35.75,100
1719463380982,35.75,400
1719463383763,35.85,125
1719463384015,35.85,50
1719463384718,35.15,50
1719463385139,35.1,100
1719463385139,35.1,100
1719463386852,34.85,25
1719463386852,34.85,25
1719463386852,34.85,25
1719463389558,34.95,125
1719463389558,34.95,125
1719463389558,34.95,125
1719463392798,35.5,100
1719463392798,35.5,100
1719463392798,35.5,100
1719463392798,35.5,100
1719463392798,35.5,100
1719463399584,35.45,25
1719463399864,35.5,200
1719463399864,35.5,200
1719463401732,35.8,25
1719463403625,35.65,75
1719463403625,35.65,75
1719463405898,35.75,100
1719463405898,35.75,100
1719463407151,36.1,100
1719463407840,35.8,100
1719463407840,35.8,100
1719463409526,36.1,75
1719463409526,36.1,75
1719463409526,36.1,75
1719463410793,36.1,25
1719463411966,35.95,25
1719463412033,35.85,125
1719463412535,35.7,25
1719463412535,35.7,25
1719463413838,35.75,125
1719463413838,35.75,125
1719463413838,35.75,125
1719463417082,36.0,200
1719463417082,36.0,200
1719463417082,36.0,200
1719463417082,36.0,200
1719463417082,36.0,200
1719463417082,36.0,200
1719463426960,36.1,250
1719463426960,36.1,250
1719463428228,36.3,100
1719463428618,36.3,100
1719463428618,36.3,100
1719463429315,36.45,50
1719463429315,36.45,50
1719463429315,36.45,50
1719463433566,36.25,25
1719463433566,36.25,25
1719463434010,36.1,25
1719463435135,36.15,150
1719463435135,36.15,150
1719463435135,36.15,150
1719463438798,36.15,75
1719463438798,36.15,75
1719463440333,35.85,25
1719463440333,35.85,25
1719463440333,35.85,25
1719463442462,35.85,325
1719463442462,35.85,325
1719463442462,35.85,325
1719463442462,35.85,325
1719463442462,35.85,325
1719463449004,36.1,25
1719463449004,36.1,25
1719463449004,36.1,25
1719463449004,36.1,25
1719463449004,36.1,25
1719463456550,36.0,25
1719463456550,36.0,25
1719463456550,36.0,25
1719463457758,36.05,150
1719463457758,36.05,150
1719463459515,35.95,75
1719463459515,35.95,75
1719463459515,35.95,75
1719463459515,35.95,75
1719463459515,35.95,75
1719463459515,35.95,75
1719463467986,36.0,100
1719463467986,36.0,100
1719463468721,36.0,25
1719463469125,35.95,25
1719463470093,36.05,150
1719463470093,36.05,150
1719463470093,36.05,150
1719463470093,36.05,150
1719463473156,35.75,25
1719463473156,35.75,25
1719463473156,35.75,25
1719463473156,35.75,25
1719463473156,35.75,25
1719463479255,36.1,75
1719463479255,36.1,75
1719463483294,36.5,150
1719463483294,36.5,150
1719463483294,36.5,150
1719463483294,36.5,150
1719463483294,36.5,150
1719463489083,36.3,100
1719463490235,36.3,125
1719463490235,36.3,125
1719463490235,36.3,125
1719463492710,36.5,175
1719463492710,36.5,175
1719463492710,36.5,175
1719463492710,36.5,175
1719463492710,36.5,175
1719463492710,36.5,175
1719463492710,36.5,175
1719463500609,36.3,25
1719463501910,36.1,25
1719463501910,36.1,25
1719463501910,36.1,25
1719463501910,36.1,25
1719463501910,36.1,25
1719463507703,36.5,75
1719463507852,36.4,25
1719463509530,36.0,50
1719463509530,36.0,50
1719463509530,36.0,50
1719463509530,36.0,50
1719463515451,36.45,25
1719463515451,36.45,25
1719463515451,36.45,25
1719463515451,36.45,25
1719463519363,36.2,50
1719463519363,36.2,50
1719463521674,36.35,25
1719463521674,36.35,25
1719463521674,36.35,25
1719463524671,36.0,25
1719463524671,36.0,25
1719463526065,36.35,75
1719463526065,36.35,75
1719463526065,36.35,75
1719463530187,36.15,25
1719463530187,36.15,25
1719463530187,36.15,25
1719463531383,35.95,25
1719463531383,35.95,25
1719463531383,35.95,25
1719463531383,35.95,25
1719463535723,36.05,75
1719463537005,35.9,150
1719463537005,35.9,150
1719463537005,35.9,150
1719463541785,36.2,125
1719463541785,36.2,125
1719463542270,36.15,125
1719463542270,36.15,125
1719463542270,36.15,125
1719463542270,36.15,125
1719463542270,36.15,125
1719463549704,35.9,75
1719463549704,35.9,75
1719463549704,35.9,75
1719463549704,35.9,75
1719463549704,35.9,75
1719463549704,35.9,75
1719463549704,35.9,75
1719463559690,36.25,25
1719463559690,36.25,25
1719463560633,36.4,25
1719463560633,36.4,25
1719463560633,36.4,25
1719463560633,36.4,25
1719463564444,36.45,100
1719463564444,36.45,100
1719463564444,36.45,100
1719463567373,36.5,275
1719463567373,36.5,275
1719463567373,36.5,275
1719463567373,36.5,275
1719463567373,36.5,275
1719463574198,36.6,75
1719463574500,36.55,75
1719463574500,36.55,75
1719463574500,36.55,75
1719463574500,36.55,75
1719463574500,36.55,75
1719463574500,36.55,75
1719463582548,36.45,25
1719463582691,36.45,25
1719463582691,36.45,25
1719463582691,36.45,25
1719463582691,36.45,25
1719463587744,36.4,25
1719463588693,36.45,225
1719463589085,36.55,25
1719463589085,36.55,25
1719463589085,36.55,25
1719463590896,36.55,25
1719463591310,36.5,225
1719463591310,36.5,225
1719463591310,36.5,225
1719463595694,36.55,25
1719463595694,36.55,25
1719463596109,36.85,125
1719463596109,36.85,125
1719463596109,36.85,125
1719463599255,36.8,25
1719463599255,36.8,25
1719463601638,36.8,150
1719463601638,36.8,150
1719463603804,36.15,25
1719463604897,36.05,25
1719463605112,36.0,400
1719463605112,36.0,400
1719463606463,36.2,25
1719463606463,36.2,25
1719463607664,36.1,25
1719463607664,36.1,25
1719463609277,36.35,75
1719463609570,36.45,125
1719463610603,36.5,25
1719463610778,36.5,25
1719463611515,36.5,25
1719463611515,36.5,25
1719463611515,36.5,25
1719463611515,36.5,25
1719463617009,36.45,25
1719463617009,36.45,25
1719463617009,36.45,25
1719463617009,36.45,25
1719463617009,36.45,25
1719463621728,37.0,25
1719463622117,37.0,25
1719463622117,37.0,25
1719463623784,36.95,25
1719463623784,36.95,25
1719463623784,36.95,25
1719463623784,36.95,25
1719463627560,37.05,50
1719463627560,37.05,50
1719463627560,37.05,50
1719463631077,36.6,25
1719463631077,36.6,25
1719463632382,36.85,25
1719463632751,36.95,25
1719463632751,36.95,25
1719463634460,36.8,25
1719463634752,36.75,50
1719463634752,36.75,50
1719463635872,36.85,25
1719463636845,36.85,50
1719463636944,36.75,25
1719463637804,36.75,25
1719463637804,36.75,25
1719463639330,36.8,25
1719463640052,36.75,50
1719463640052,36.75,50
1719463640835,36.75,50
1719463641856,36.75,50
1719463641856,36.75,50
1719463642882,36.7,75
1719463642882,36.7,75
1719463645398,36.45,25
1719463645398,36.45,25
1719463646116,36.65,25
1719463647186,36.9,25
1719463648140,36.95,25
1719463648140,36.95,25
1719463649495,37.2,25
1719463650172,37.1,25
1719463650172,37.1,25
1719463650172,37.1,25
1719463650172,37.1,25
1719463650172,37.1,25
1719463650172,37.1,25
1719463650172,37.1,25
1719463650172,37.1,25
1719463650172,37.1,25
1719463650172,37.1,25
1719463662867,37.3,50
1719463662867,37.3,50
1719463662867,37.3,50
1719463667089,37.05,25
1719463667089,37.05,25
1719463667650,37.05,50
1719463667650,37.05,50
1719463667650,37.05,50
1719463667650,37.05,50
1719463673510,37.0,25
1719463673510,37.0,25
1719463673510,37.0,25
1719463673510,37.0,25
1719463673510,37.0,25
1719463673510,37.0,25
1719463673510,37.0,25
1719463681139,37.3,50
1719463681847,37.2,125
1719463681847,37.2,125
1719463681847,37.2,125
1719463681847,37.2,125
1719463681847,37.2,125
1719463681847,37.2,125
1719463689548,37.0,100
1719463689548,37.0,100
1719463689548,37.0,100
1719463693508,37.05,25
1719463693508,37.05,25
1719463693508,37.05,25
1719463693508,37.05,25
1719463693508,37.05,25
1719463693508,37.05,25
1719463693508,37.05,25
1719463703580,36.75,50
1719463703580,36.75,50
1719463704430,36.8,75
1719463704430,36.8,75
1719463704430,36.8,75
1719463704430,36.8,75
1719463709520,36.6,50
1719463709520,36.6,50
1719463709520,36.6,50
1719463709520,36.6,50
1719463709520,36.6,50
1719463709520,36.6,50
1719463709520,36.6,50
1719463717824,36.55,75
1719463717824,36.55,75
1719463719758,36.35,25
1719463719758,36.35,25
1719463719758,36.35,25
1719463719758,36.35,25
1719463719758,36.35,25
1719463719758,36.35,25
1719463728391,36.3,25
1719463728391,36.3,25
1719463728391,36.3,25
1719463728391,36.3,25
1719463728391,36.3,25
1719463728391,36.3,25
1719463736162,36.6,25
1719463736162,36.6,25
1719463736162,36.6,25
1719463736162,36.6,25
1719463736162,36.6,25
1719463742167,36.45,100
1719463742167,36.45,100
1719463742167,36.45,100
1719463742167,36.45,100
1719463742167,36.45,100
1719463742167,36.45,100
1719463742167,36.45,100
1719463742167,36.45,100
1719463742167,36.45,100
1719463742167,36.45,100
1719463742167,36.45,100
1719463759041,36.15,50
1719463759502,36.0,25
1719463759502,36.0,25
1719463759502,36.0,25
1719463759502,36.0,25
1719463759502,36.0,25
1719463767407,35.85,25
1719463768254,35.9,275
1719463768254,35.9,275
1719463768254,35.9,275
1719463768254,35.9,275
1719463768254,35.9,275
1719463773710,35.9,200
1719463773710,35.9,200
1719463773710,35.9,200
1719463776728,35.65,25
1719463776728,35.65,25
1719463776728,35.65,25
1719463776728,35.65,25
1719463776728,35.65,25
1719463776728,35.65,25
1719463776728,35.65,25
1719463776728,35.65,25
1719463776728,35.65,25
1719463776728,35.65,25
1719463776728,35.65,25
1719463776728,35.65,25
1719463794657,35.55,100
1719463794657,35.55,100
1719463797573,35.55,25
1719463797573,35.55,25
1719463797573,35.55,25
1719463797573,35.55,25
1719463797573,35.55,25
1719463801439,35.6,75
1719463801439,35.6,75
1719463801439,35.6,75
1719463801439,35.6,75
1719463801439,35.6,75
1719463801439,35.6,75
1719463810733,35.75,25
1719463810733,35.75,25
1719463810733,35.75,25
1719463813196,35.45,975
1719463813196,35.45,975
1719463813196,35.45,975
1719463816604,35.45,175
1719463816604,35.45,175
1719463819080,35.9,25
1719463819080,35.9,25
1719463819080,35.9,25
1719463819080,35.9,25
1719463825796,35.7,125
1719463825796,35.7,125
1719463825796,35.7,125
1719463825796,35.7,125
1719463830860,36.0,25
1719463830860,36.0,25
1719463832377,35.75,75
1719463832849,35.8,50
1719463832849,35.8,50
1719463832849,35.8,50
1719463832849,35.8,50
1719463832849,35.8,50
1719463832849,35.8,50
1719463832849,35.8,50
1719463832849,35.8,50
1719463832849,35.8,50
1719463832849,35.8,50
1719463832849,35.8,50
1719463832849,35.8,50
1719463832849,35.8,50
1719463832849,35.8,50
1719463855469,36.75,50
1719463855469,36.75,50
1719463855469,36.75,50
1719463855469,36.75,50
1719463855469,36.75,50
1719463855469,36.75,50
1719463855469,36.75,50
1719463855469,36.75,50
1719463865410,36.25,250
1719463865410,36.25,250
1719463865410,36.25,250
1719463865410,36.25,250
1719463865410,36.25,250
1719463871275,36.6,125
1719463871275,36.6,125
1719463871275,36.6,125
1719463875590,36.7,25
1719463875590,36.7,25
1719463875590,36.7,25
1719463875590,36.7,25
1719463880915,36.25,150
1719463880915,36.25,150
1719463880915,36.25,150
1719463880915,36.25,150
1719463880915,36.25,150
1719463888145,35.85,225
1719463888476,35.8,25
1719463888476,35.8,25
1719463888476,35.8,25
1719463888476,35.8,25
1719463891602,35.95,150
1719463891602,35.95,150
1719463891602,35.95,150
1719463894429,35.95,25
1719463894429,35.95,25
1719463894429,35.95,25
1719463894429,35.95,25
1719463900129,36.2,100
1719463900129,36.2,100
1719463902324,36.0,25
1719463902324,36.0,25
1719463902324,36.0,25
1719463902324,36.0,25
1719463902324,36.0,25
1719463902324,36.0,25
1719463902324,36.0,25
1719463902324,36.0,25
1719463914119,35.9,25
1719463914119,35.9,25
1719463914447,35.8,500
1719463915965,35.9,1225
1719463915965,35.9,1225
1719463915965,35.9,1225
1719463915965,35.9,1225
1719463915965,35.9,1225
1719463921090,36.15,25
1719463921090,36.15,25
1719463923507,36.25,25
1719463923507,36.25,25
1719463923507,36.25,25
1719463923507,36.25,25
1719463923507,36.25,25
1719463930007,36.1,25
1719463930007,36.1,25
1719463930007,36.1,25
1719463930007,36.1,25
1719463935462,35.5,175
1719463935462,35.5,175
1719463935462,35.5,175
1719463935462,35.5,175
1719463935462,35.5,175
1719463941318,36.0,25
1719463941318,36.0,25
1719463941318,36.0,25
1719463941318,36.0,25
1719463941318,36.0,25
1719463941318,36.0,25
1719463941318,36.0,25
1719463952008,36.3,25
1719463952008,36.3,25
1719463952008,36.3,25
1719463955170,36.5,25
1719463955372,36.5,25
1719463956081,36.75,325
1719463957194,36.7,200
1719463957194,36.7,200
1719463957194,36.7,200
1719463960411,36.75,25
1719463960411,36.75,25
1719463960411,36.75,25
1719463960411,36.75,25
1719463965540,36.65,25
1719463965540,36.65,25
1719463965540,36.65,25
1719463965540,36.65,25
1719463965540,36.65,25
1719463965540,36.65,25
1719463965540,36.65,25
1719463965540,36.65,25
1719463965540,36.65,25
1719463965540,36.65,25
1719463965540,36.65,25
1719463965540,36.65,25
1719463981402,36.5,25
1719463982055,36.45,25
1719463982631,36.45,25
1719463982631,36.45,25
1719463983845,36.5,25
1719463983845,36.5,25
1719463983845,36.5,25
1719463983845,36.5,25
1719463983845,36.5,25
1719463983845,36.5,25
1719463991692,36.95,100
1719463991692,36.95,100
1719463991692,36.95,100
1719463991692,36.95,100
1719463991692,36.95,100
1719463991692,36.95,100
1719463991692,36.95,100
1719463991692,36.95,100
1719463991692,36.95,100
1719463991692,36.95,100
1719463991692,36.95,100
1719463991692,36.95,100
1719463991692,36.95,100
1719463991692,36.95,100
1719463991692,36.95,100
1719463991692,36.95,100
1719463991692,36.95,100
1719463991692,36.95,100
1719463991692,36.95,100
1719463991692,36.95,100
1719464021605,36.4,100
1719464021605,36.4,100
1719464021605,36.4,100
1719464021605,36.4,100
1719464021605,36.4,100
1719464021605,36.4,100
1719464021605,36.4,100
1719464033763,36.75,25
1719464033763,36.75,25
1719464033763,36.75,25
1719464033763,36.75,25
1719464033763,36.75,25
1719464033763,36.75,25
1719464033763,36.75,25
1719464033763,36.75,25
1719464033763,36.75,25
1719464033763,36.75,25
1719464033763,36.75,25
1719464033763,36.75,25
1719464033763,36.75,25
1719464033763,36.75,25
1719464033763,36.75,25
1719464057502,36.5,150
1719464057502,36.5,150
1719464058270,36.7,50
1719464058270,36.7,50
1719464058270,36.7,50
1719464058270,36.7,50
1719464058270,36.7,50
1719464058270,36.7,50
1719464058270,36.7,50
1719464058270,36.7,50
1719464058270,36.7,50
1719464058270,36.7,50
1719464058270,36.7,50
1719464073154,37.05,75
1719464073154,37.05,75
1719464073154,37.05,75
1719464073154,37.05,75
1719464073154,37.05,75
1719464073154,37.05,75
1719464073154,37.05,75
1719464084383,37.1,25
1719464084993,37.05,25
1719464084993,37.05,25
1719464084993,37.05,25
1719464084993,37.05,25
1719464084993,37.05,25
1719464084993,37.05,25
1719464084993,37.05,25
1719464094998,36.4,75
1719464094998,36.4,75
1719464094998,36.4,75
1719464094998,36.4,75
1719464099681,36.65,125
1719464099681,36.65,125
1719464099681,36.65,125
1719464099681,36.65,125
1719464099681,36.65,125
1719464099681,36.65,125
1719464099681,36.65,125
1719464099681,36.65,125
1719464099681,36.65,125
1719464099681,36.65,125
1719464099681,36.65,125
1719464099681,36.65,125
1719464099681,36.65,125
1719464099681,36.65,125
1719464120271,36.4,50
1719464120271,36.4,50
1719464120271,36.4,50
1719464120271,36.4,50
1719464120271,36.4,50
1719464120271,36.4,50
1719464120271,36.4,50
1719464120271,36.4,50
1719464120271,36.4,50
1719464120271,36.4,50
1719464133555,37.05,25
1719464133555,37.05,25
1719464133555,37.05,25
1719464133555,37.05,25
1719464133555,37.05,25
1719464140479,37.3,50
1719464140479,37.3,50
1719464140479,37.3,50
1719464140479,37.3,50
1719464145220,36.75,25
1719464145220,36.75,25
1719464145220,36.75,25
1719464145220,36.75,25
1719464145220,36.75,25
1719464145220,36.75,25
1719464145220,36.75,25
1719464145220,36.75,25
1719464145220,36.75,25
1719464145220,36.75,25
1719464145220,36.75,25
1719464145220,36.75,25
1719464145220,36.75,25
1719464164165,36.9,75
1719464164165,36.9,75
1719464164165,36.9,75
1719464164165,36.9,75
1719464164165,36.9,75
1719464164165,36.9,75
1719464164165,36.9,75
1719464164165,36.9,75
1719464175838,37.2,50
1719464175838,37.2,50
1719464175838,37.2,50
1719464175838,37.2,50
1719464180976,36.9,25
1719464180976,36.9,25
1719464180976,36.9,25
1719464180976,36.9,25
1719464180976,36.9,25
1719464180976,36.9,25
1719464180976,36.9,25
1719464180976,36.9,25
1719464180976,36.9,25
1719464180976,36.9,25
1719464180976,36.9,25
1719464180976,36.9,25
1719464180976,36.9,25
1719464180976,36.9,25
1719464201223,37.35,25
1719464201223,37.35,25
1719464201223,37.35,25
1719464204479,37.0,25
1719464204479,37.0,25
1719464205291,36.9,25
1719464205500,37.05,25
1719464205500,37.05,25
1719464205500,37.05,25
1719464205500,37.05,25
1719464210277,37.0,25
1719464210277,37.0,25
1719464210277,37.0,25
1719464210277,37.0,25
1719464210277,37.0,25
1719464210277,37.0,25
1719464218977,36.45,50
1719464218977,36.45,50
1719464219853,36.45,25
1719464219853,36.45,25
1719464220980,36.5,25
1719464220980,36.5,25
1719464221940,36.5,25
1719464222784,36.55,25
1719464222784,36.55,25
1719464224537,36.45,25
1719464224770,36.4,25
1719464224770,36.4,25
1719464224770,36.4,25
1719464224770,36.4,25
1719464228344,36.2,25
1719464229723,36.0,50
1719464230212,36.0,25
1719464230212,36.0,25
1719464232616,35.95,150
1719464232616,35.95,150
1719464233139,36.2,125
1719464233139,36.2,125
1719464235192,36.1,25
1719464235192,36.1,25
1719464237201,36.05,25
1719464237201,36.05,25
1719464237201,36.05,25
1719464237201,36.05,25
1719464237201,36.05,25
1719464237201,36.05,25
1719464237201,36.05,25
1719464246828,35.5,100
1719464246828,35.5,100
1719464248538,34.85,25
1719464248538,34.85,25
1719464248538,34.85,25
1719464248538,34.85,25
1719464251954,35.25,150
1719464252382,35.15,100
1719464252382,35.15,100
1719464254673,34.9,125
1719464256400,35.15,25
1719464256400,35.15,25
1719464256400,35.15,25
1719464260996,35.1,50
1719464260996,35.1,50
1719464262921,35.15,150
1719464262921,35.15,150
1719464262921,35.15,150
1719464262921,35.15,150
1719464262921,35.15,150
1719464270036,34.85,50
1719464271458,35.0,25
1719464271458,35.0,25
1719464272310,35.05,50
1719464272310,35.05,50
1719464272310,35.05,50
1719464272310,35.05,50
1719464277381,35.1,25
1719464277381,35.1,25
1719464277381,35.1,25
1719464279928,35.55,25
1719464279928,35.55,25
1719464281118,35.25,25
1719464281118,35.25,25
1719464281572,35.4,50
1719464281572,35.4,50
1719464281572,35.4,50
1719464281572,35.4,50
1719464281572,35.4,50
1719464288537,35.3,25
1719464288751,35.1,25
1719464289625,35.2,25
1719464290061,35.3,25
1719464290628,35.2,25
1719464290628,35.2,25
1719464292121,34.6,25
1719464292121,34.6,25
1719464293534,34.75,25
1719464294415,34.75,25
1719464294543,34.7,25
1719464295010,34.8,25
1719464295010,34.8,25
1719464295010,34.8,25
1719464298832,34.95,50
1719464298877,34.95,150
1719464298877,34.95,150
1719464298877,34.95,150
1719464298877,34.95,150
1719464303398,34.95,25
1719464303398,34.95,25
1719464306131,35.2,175
1719464306131,35.2,175
1719464308002,35.1,25
1719464309727,34.8,25
1719464309831,34.8,25
1719464310325,34.6,25
1719464310325,34.6,25
1719464311581,34.7,25
1719464312240,34.75,25
1719464313212,35.05,25
1719464313361,34.95,25
1719464314329,34.5,25
1719464314329,34.5,25
1719464314329,34.5,25
1719464317009,34.4,25
1719464317672,34.65,25
1719464317672,34.65,25
1719464317672,34.65,25
1719464319974,34.95,25
1719464320084,34.8,25
1719464320428,34.65,25
1719464320428,34.65,25
1719464322296,34.75,25
1719464322906,34.8,25
1719464322906,34.8,25
1719464324437,34.75,25
1719464324437,34.75,25
1719464326562,34.8,25
1719464326562,34.8,25
1719464327896,35.15,150
1719464327896,35.15,150
1719464327896,35.15,150
1719464327896,35.15,150
1719464327896,35.15,150
1719464333210,35.1,125
1719464333210,35.1,125
1719464333210,35.1,125
1719464333210,35.1,125
1719464333210,35.1,125
1719464340049,35.0,50
1719464340049,35.0,50
1719464340049,35.0,50
1719464340049,35.0,50
1719464340049,35.0,50
1719464345112,35.2,25
1719464345112,35.2,25
1719464345112,35.2,25
1719464348324,35.2,25
1719464349747,35.3,25
1719464349747,35.3,25
1719464349747,35.3,25
1719464352404,35.15,25
1719464352734,35.2,25
1719464353389,35.35,25
1719464353389,35.35,25
1719464353389,35.35,25
1719464353389,35.35,25
1719464353389,35.35,25
1719464360736,35.4,300
1719464360736,35.4,300
1719464360736,35.4,300
1719464360736,35.4,300
1719464366489,35.0,75
1719464366489,35.0,75
1719464366489,35.0,75
1719464368426,35.2,50
1719464368820,35.2,50
1719464369521,35.45,75
1719464369521,35.45,75
1719464370680,35.5,100
1719464370680,35.5,100
1719464370680,35.5,100
1719464370680,35.5,100
1719464370680,35.5,100
1719464379092,35.3,50
1719464379092,35.3,50
1719464379092,35.3,50
1719464382725,35.2,75
1719464382725,35.2,75
1719464382725,35.2,75
1719464382725,35.2,75
1719464382725,35.2,75
1719464382725,35.2,75
1719464382725,35.2,75
1719464382725,35.2,75
1719464382725,35.2,75
1719464382725,35.2,75
1719464382725,35.2,75
1719464382725,35.2,75
1719464382725,35.2,75
1719464401410,35.3,25
1719464401410,35.3,25
1719464402279,35.45,25
1719464402910,35.5,25
1719464403814,35.4,25
1719464403814,35.4,25
1719464403814,35.4,25
1719464403814,35.4,25
1719464403814,35.4,25
1719464410323,35.15,50
1719464410323,35.15,50
1719464410323,35.15,50
1719464410323,35.15,50
1719464410323,35.15,50
1719464410323,35.15,50
1719464410323,35.15,50
1719464410323,35.15,50
1719464410323,35.15,50
1719464410323,35.15,50
1719464410323,35.15,50
1719464427042,35.15,25
1719464427892,35.1,25
1719464428178,35.15,25
1719464428178,35.15,25
1719464429163,35.15,100
1719464429905,35.2,25
1719464430316,35.1,25
1719464430316,35.1,25
1719464430912,35.05,25
1719464430912,35.05,25
1719464430912,35.05,25
1719464430912,35.05,25
1719464436250,35.1,150
1719464436410,35.15,50
1719464436410,35.15,50
1719464438111,34.7,25
1719464438111,34.7,25
1719464438111,34.7,25
1719464440615,34.85,25
1719464440615,34.85,25
1719464440615,34.85,25
1719464440615,34.85,25
1719464440615,34.85,25
1719464440615,34.85,25
1719464440615,34.85,25
1719464440615,34.85,25
1719464440615,34.85,25
1719464453597,35.1,25
1719464454142,35.15,50
1719464454142,35.15,50
1719464454142,35.15,50
1719464454142,35.15,50
1719464454142,35.15,50
1719464454142,35.15,50
1719464460870,35.0,25
1719464461400,35.05,100
1719464461400,35.05,100
1719464461970,35.0,100
1719464463301,35.2,25
1719464463301,35.2,25
1719464463897,35.1,175
1719464464717,35.15,25
1719464464717,35.15,25
1719464466407,35.0,175
1719464466407,35.0,175
1719464466407,35.0,175
1719464469984,34.8,50
1719464469984,34.8,50
1719464469984,34.8,50
1719464469984,34.8,50
1719464469984,34.8,50
1719464469984,34.8,50
1719464477928,34.8,25
1719464477928,34.8,25
1719464477928,34.8,25
1719464480986,35.0,25
1719464481180,35.15,150
1719464481180,35.15,150
1719464481180,35.15,150
1719464481180,35.15,150
1719464485589,34.95,25
1719464485589,34.95,25
1719464485589,34.95,25
1719464485589,34.95,25
1719464485589,34.95,25
1719464492550,35.0,100
1719464492550,35.0,100
1719464492550,35.0,100
1719464492550,35.0,100
1719464492550,35.0,100
1719464492550,35.0,100
1719464500701,34.5,25
1719464500816,34.6,25
1719464500816,34.6,25
1719464502302,34.7,25
1719464502302,34.7,25
1719464502302,34.7,25
1719464502302,34.7,25
1719464507651,34.85,25
1719464507651,34.85,25
1719464507651,34.85,25
1719464507651,34.85,25
1719464507651,34.85,25
1719464507651,34.85,25
1719464507651,34.85,25
1719464507651,34.85,25
1719464507651,34.85,25
1719464507651,34.85,25
1719464521486,35.15,25
1719464521486,35.15,25
1719464521942,35.1,25
1719464522565,35.15,50
1719464522565,35.15,50
1719464524349,35.05,25
1719464524486,35.05,25
1719464524486,35.05,25
1719464526684,34.85,700
1719464526684,34.85,700
1719464526684,34.85,700
1719464526684,34.85,700
1719464530457,34.7,25
1719464530457,34.7,25
1719464530457,34.7,25
1719464530457,34.7,25
1719464530457,34.7,25
1719464530457,34.7,25
1719464530457,34.7,25
1719464530457,34.7,25
1719464542010,35.0,25
1719464542010,35.0,25
1719464542010,35.0,25
1719464545907,35.1,25
1719464545907,35.1,25
1719464547708,35.0,25
1719464547708,35.0,25
1719464547708,35.0,25
1719464547708,35.0,25
1719464550705,35.3,25
1719464550705,35.3,25
1719464550705,35.3,25
1719464550705,35.3,25
1719464550705,35.3,25
1719464550705,35.3,25
1719464558987,35.1,25
1719464559012,35.15,25
1719464559012,35.15,25
1719464561891,35.15,25
1719464561891,35.15,25
1719464561891,35.15,25
1719464561891,35.15,25
1719464561891,35.15,25
1719464561891,35.15,25
1719464561891,35.15,25
1719464561891,35.15,25
1719464561891,35.15,25
1719464573696,35.3,50
1719464573696,35.3,50
1719464576088,35.2,50
1719464576960,35.25,25
1719464576960,35.25,25
1719464580015,35.2,25
1719464580015,35.2,25
1719464580015,35.2,25
1719464580808,35.2,250
1719464580808,35.2,250
1719464582035,35.2,50
1719464582035,35.2,50
1719464582035,35.2,50
1719464582035,35.2,50
1719464582035,35.2,50
1719464588890,35.3,75
1719464589346,35.15,50
1719464589684,35.4,75
1719464590882,35.4,25
1719464590882,35.4,25
1719464592010,35.6,25
1719464592988,35.6,675
1719464592988,35.6,675
1719464593730,35.7,100
1719464593730,35.7,100
1719464595737,35.4,25
1719464596713,35.25,200
1719464596713,35.25,200
1719464597462,35.4,25
1719464597462,35.4,25
1719464599265,35.45,25
1719464599265,35.45,25
1719464600854,36.0,150
1719464601323,36.15,25
1719464601882,36.3,25
1719464602559,36.4,25
1719464602638,36.4,25
1719464603749,36.45,25
1719464605401,36.35,75
1719464606794,36.7,25
1719464607430,37.05,625
1719464608201,36.9,225
1719464608201,36.9,225
1719464609476,37.05,25
1719464609803,37.1,25
1719464609803,37.1,25
1719464610701,37.1,25
1719464611800,38.1,25
1719464612420,38.75,25
1719464612885,40.05,50
1719464613823,42.0,250
1719464614304,40.6,25
1719464614304,40.6,25
1719464614498,41.2,150
1719464616578,39.65,50
1719464618508,39.3,25
1719464618508,39.3,25
1719464619393,38.6,25
1719464619566,38.65,25
1719464620282,38.35,25
1719464620282,38.35,25
1719464622125,38.35,50
1719464622125,38.35,50
1719464625032,37.7,125
1719464625032,37.7,125
1719464626712,38.5,25
1719464626712,38.5,25
1719464626712,38.5,25
1719464629043,37.55,100
1719464629346,37.9,150
1719464629876,37.75,50
1719464629876,37.75,50
1719464629876,37.75,50
1719464633621,38.45,25
1719464633621,38.45,25
1719464635009,39.35,150
1719464635288,39.15,150
1719464635607,39.25,150
1719464636692,39.9,25
1719464637022,39.8,150
1719464637479,39.95,25
1719464637479,39.95,25
1719464638870,39.45,150
1719464639211,39.45,125
1719464639211,39.45,125
1719464640826,39.3,200
1719464641456,39.35,1000
1719464641456,39.35,1000
1719464643408,39.0,200
1719464644517,38.65,25
1719464645268,38.75,450
1719464645268,38.75,450
1719464645268,38.75,450
1719464645268,38.75,450
1719464648554,38.25,150
1719464648554,38.25,150
1719464648554,38.25,150
1719464652603,38.95,25
1719464653310,38.8,25
1719464653310,38.8,25
1719464653310,38.8,25
1719464655637,39.2,25
1719464655637,39.2,25
1719464655637,39.2,25
1719464659432,38.65,25
1719464659432,38.65,25
1719464659432,38.65,25
1719464659432,38.65,25
1719464659432,38.65,25
1719464665076,39.25,25
1719464665440,39.3,25
1719464665440,39.3,25
1719464667367,39.0,100
1719464667367,39.0,100
1719464667367,39.0,100
1719464667367,39.0,100
1719464667367,39.0,100
1719464673094,38.6,25
1719464673094,38.6,25
1719464673094,38.6,25
1719464676200,38.35,100
1719464676200,38.35,100
1719464676999,38.65,25
1719464678477,38.6,25
1719464678477,38.6,25
1719464678477,38.6,25
1719464681007,39.0,25
1719464681007,39.0,25
1719464681007,39.0,25
1719464684991,38.55,125
1719464684991,38.55,125
1719464684991,38.55,125
1719464687749,38.8,25
1719464687749,38.8,25
1719464688880,38.75,25
1719464688880,38.75,25
1719464691130,39.05,25
1719464691453,39.2,25
1719464691453,39.2,25
1719464691453,39.2,25
1719464693555,39.1,25
1719464694373,39.6,25
1719464694373,39.6,25
1719464695396,40.0,125
1719464696006,39.95,25
1719464696758,40.25,25
1719464696758,40.25,25
1719464698396,39.95,25
1719464698794,40.15,25
1719464699715,40.55,25
1719464699715,40.55,25
1719464700178,40.75,25
1719464700178,40.75,25
1719464701814,41.05,25
1719464701814,41.05,25
1719464702452,41.35,25
1719464702924,41.4,25
1719464702924,41.4,25
1719464704624,41.75,675
1719464705060,41.45,100
1719464705060,41.45,100
1719464706244,41.05,25
1719464706244,41.05,25
1719464707132,41.1,25
1719464708488,40.9,25
1719464708488,40.9,25
1719464708488,40.9,25
1719464711590,40.6,100
1719464711590,40.6,100
1719464712785,40.15,25
1719464712785,40.15,25
1719464714902,40.0,225
1719464714902,40.0,225
1719464715232,39.8,25
1719464715232,39.8,25
1719464717619,39.75,25
1719464717619,39.75,25
1719464719206,39.95,25
1719464720132,40.1,25
1719464720132,40.1,25
1719464721020,40.3,150
1719464721904,40.5,50
1719464721904,40.5,50
1719464723226,40.95,25
1719464723226,40.95,25
1719464723677,40.75,150
1719464723677,40.75,150
1719464725677,40.5,100
1719464726520,40.8,25
1719464726520,40.8,25
1719464728526,40.65,25
1719464728526,40.65,25
1719464728526,40.65,25
1719464728526,40.65,25
1719464728526,40.65,25
1719464731992,40.7,50
1719464732712,40.85,25
1719464732712,40.85,25
1719464734393,40.2,25
1719464734393,40.2,25
1719464734393,40.2,25
1719464738183,40.2,25
1719464738183,40.2,25
1719464738183,40.2,25
1719464738183,40.2,25
1719464738183,40.2,25
1719464744063,40.0,200
1719464744922,40.15,25
1719464744922,40.15,25
1719464744922,40.15,25
1719464748432,39.85,300
1719464748432,39.85,300
1719464748432,39.85,300
1719464748432,39.85,300
1719464748432,39.85,300
1719464748432,39.85,300
1719464748432,39.85,300
1719464748432,39.85,300
1719464748432,39.85,300
1719464748432,39.85,300
1719464761762,38.75,75
1719464761762,38.75,75
1719464762407,39.15,125
1719464762848,39.4,25
1719464762848,39.4,25
1719464764344,39.65,25
1719464764344,39.65,25
1719464764344,39.65,25
1719464767439,39.5,125
1719464768233,39.8,25
1719464768233,39.8,25
1719464769910,39.0,100
1719464769910,39.0,100
1719464769910,39.0,100
1719464769910,39.0,100
1719464774597,39.35,100
1719464774597,39.35,100
1719464774597,39.35,100
1719464774597,39.35,100
1719464774597,39.35,100
1719464781341,39.55,100
1719464781341,39.55,100
1719464781341,39.55,100
1719464781341,39.55,100
1719464781341,39.55,100
1719464787326,38.7,25
1719464787326,38.7,25
1719464787326,38.7,25
1719464787326,38.7,25
1719464791069,39.0,150
1719464791069,39.0,150
1719464791069,39.0,150
1719464791069,39.0,150
1719464796408,40.0,25
1719464796408,40.0,25
1719464796408,40.0,25
1719464799172,39.15,25
1719464799328,39.15,25
1719464799328,39.15,25
1719464799328,39.15,25
1719464799328,39.15,25
1719464803789,39.45,125
1719464803789,39.45,125
1719464805403,39.6,25
1719464805403,39.6,25
1719464805403,39.6,25
1719464805403,39.6,25
1719464805403,39.6,25
1719464812217,39.6,475
1719464812217,39.6,475
1719464812217,39.6,475
1719464812217,39.6,475
1719464812217,39.6,475
1719464818781,39.5,25
1719464818781,39.5,25
1719464818781,39.5,25
1719464818781,39.5,25
1719464822300,39.0,25
1719464822364,39.0,125
1719464822364,39.0,125
1719464822364,39.0,125
1719464826132,39.8,25
1719464826132,39.8,25
1719464826132,39.8,25
1719464826132,39.8,25
1719464830569,38.6,25
1719464830569,38.6,25
1719464830569,38.6,25
1719464830569,38.6,25
1719464835536,38.85,25
1719464836819,38.85,350
1719464836819,38.85,350
1719464839557,38.6,25
1719464839557,38.6,25
1719464839557,38.6,25
1719464839557,38.6,25
1719464839557,38.6,25
1719464839557,38.6,25
1719464848086,38.55,25
1719464848086,38.55,25
1719464848086,38.55,25
1719464848086,38.55,25
1719464848086,38.55,25
1719464852158,38.3,25
1719464852158,38.3,25
1719464852158,38.3,25
1719464852158,38.3,25
1719464852158,38.3,25
1719464852158,38.3,25
1719464852158,38.3,25
1719464852158,38.3,25
1719464864389,38.6,125
1719464864389,38.6,125
1719464864389,38.6,125
1719464864389,38.6,125
1719464864389,38.6,125
1719464864389,38.6,125
1719464864389,38.6,125
1719464864389,38.6,125
1719464876463,37.8,225
1719464876463,37.8,225
1719464878373,38.05,25
1719464878373,38.05,25
1719464878373,38.05,25
1719464878373,38.05,25
1719464883476,38.4,50
1719464883476,38.4,50
1719464883476,38.4,50
1719464883476,38.4,50
1719464883476,38.4,50
1719464883476,38.4,50
1719464891811,39.0,125
1719464891811,39.0,125
1719464891811,39.0,125
1719464891811,39.0,125
1719464897963,39.05,125
1719464897963,39.05,125
1719464897963,39.05,125
1719464897963,39.05,125
1719464897963,39.05,125
1719464897963,39.05,125
1719464897963,39.05,125
1719464897963,39.05,125
1719464910054,37.75,25
1719464910054,37.75,25
1719464910054,37.75,25
1719464912735,37.5,75
1719464912735,37.5,75
1719464915003,37.65,50
1719464915318,37.85,100
1719464915318,37.85,100
1719464916502,37.9,25
1719464916502,37.9,25
1719464916502,37.9,25
1719464916502,37.9,25
1719464921797,38.0,25
1719464921797,38.0,25
1719464921797,38.0,25
1719464921797,38.0,25
1719464921797,38.0,25
1719464921797,38.0,25
1719464930753,38.75,25
1719464932017,38.25,175
1719464932017,38.25,175
1719464932017,38.25,175
1719464934094,38.55,25
1719464934094,38.55,25
1719464934094,38.55,25
1719464934094,38.55,25
1719464939202,38.25,75
1719464939202,38.25,75
1719464939202,38.25,75
1719464939202,38.25,75
1719464944345,38.3,25
1719464945019,38.3,25
1719464945402,38.45,25
1719464945993,38.35,25
1719464946657,38.4,25
1719464946657,38.4,25
1719464946657,38.4,25
1719464949755,39.0,550
1719464949755,39.0,550
1719464951683,39.05,100
1719464951683,39.05,100
1719464952600,39.35,150
1719464952600,39.35,150
1719464952600,39.35,150
1719464952600,39.35,150
1719464952600,39.35,150
1719464952600,39.35,150
1719464952600,39.35,150
1719464952600,39.35,150
1719464952600,39.35,150
1719464952600,39.35,150
1719464952600,39.35,150
1719464952600,39.35,150
1719464952600,39.35,150
1719464952600,39.35,150
1719464952600,39.35,150
1719464952600,39.35,150
1719464952600,39.35,150
1719464978651,39.15,50
1719464978651,39.15,50
1719464978651,39.15,50
1719464978651,39.15,50
1719464982371,39.5,25
1719464982371,39.5,25
1719464985188,39.4,25
1719464985188,39.4,25
1719464985188,39.4,25
1719464985188,39.4,25
1719464985188,39.4,25
1719464985188,39.4,25
1719464985188,39.4,25
1719464985188,39.4,25
1719464985188,39.4,25
1719464985188,39.4,25
1719464985188,39.4,25
1719464985188,39.4,25
1719464985188,39.4,25
1719464985188,39.4,25
1719464985188,39.4,25
1719464985188,39.4,25
1719464985188,39.4,25
1719464985188,39.4,25
1719465011941,39.5,25
1719465011941,39.5,25
1719465011941,39.5,25
1719465015421,39.85,75
1719465015421,39.85,75
1719465015421,39.85,75
1719465015421,39.85,75
1719465023122,40.0,25
1719465023122,40.0,25
1719465024292,40.0,50
1719465025564,40.5,25
1719465025564,40.5,25
1719465025564,40.5,25
1719465025564,40.5,25
1719465025564,40.5,25
1719465025564,40.5,25
1719465025564,40.5,25
1719465025564,40.5,25
1719465025564,40.5,25
1719465025564,40.5,25
1719465025564,40.5,25
1719465025564,40.5,25
1719465025564,40.5,25
1719465045518,39.3,25
1719465045518,39.3,25
1719465045518,39.3,25
1719465045518,39.3,25
1719465052166,39.05,100
1719465052166,39.05,100
1719465052166,39.05,100
1719465056606,39.45,25
1719465056606,39.45,25
1719465056606,39.45,25
1719465056606,39.45,25
1719465056606,39.45,25
1719465056606,39.45,25
1719465056606,39.45,25
1719465056606,39.45,25
1719465066692,40.3,100
1719465066692,40.3,100
1719465066692,40.3,100
1719465069129,40.5,25
1719465070479,40.4,25
1719465070479,40.4,25
1719465070479,40.4,25
1719465070479,40.4,25
1719465077279,40.1,25
1719465077279,40.1,25
1719465077279,40.1,25
1719465079665,39.95,25
1719465080572,40.1,25
1719465080572,40.1,25
1719465081817,40.2,25
1719465081817,40.2,25
1719465082554,40.25,25
1719465083662,40.35,25
1719465084177,40.35,25
1719465085462,40.4,25
1719465086612,40.4,25
1719465087248,40.45,25
1719465087248,40.45,25
1719465087248,40.45,25
1719465087248,40.45,25
1719465090666,40.6,400
1719465090666,40.6,400
1719465093456,41.0,25
1719465093456,41.0,25
1719465094122,40.9,25
1719465094122,40.9,25
1719465094122,40.9,25
1719465094122,40.9,25
1719465094122,40.9,25
1719465101676,41.1,150
1719465101676,41.1,150
1719465101676,41.1,150
1719465104588,40.55,25
1719465104588,40.55,25
1719465104588,40.55,25
1719465107780,40.9,25
1719465108699,41.15,75
1719465108914,41.0,25
1719465108914,41.0,25
1719465110124,41.0,25
1719465110124,41.0,25
1719465110124,41.0,25
1719465110124,41.0,25
1719465110124,41.0,25
1719465110124,41.0,25
1719465118132,41.5,25
1719465118132,41.5,25
1719465118132,41.5,25
1719465118132,41.5,25
1719465118132,41.5,25
1719465118132,41.5,25
1719465118132,41.5,25
1719465118132,41.5,25
1719465118132,41.5,25
1719465118132,41.5,25
1719465131967,41.2,50
1719465132369,41.0,200
1719465132369,41.0,200
1719465132369,41.0,200
1719465132369,41.0,200
1719465132369,41.0,200
1719465132369,41.0,200
1719465132369,41.0,200
1719465132369,41.0,200
1719465132369,41.0,200
1719465132369,41.0,200
1719465132369,41.0,200
1719465148852,40.5,25
1719465148852,40.5,25
1719465148852,40.5,25
1719465148852,40.5,25
1719465148852,40.5,25
1719465148852,40.5,25
1719465157581,40.25,25
1719465157581,40.25,25
1719465157581,40.25,25
1719465157581,40.25,25
1719465157581,40.25,25
1719465164330,40.3,25
1719465164330,40.3,25
1719465165777,40.35,25
1719465165777,40.35,25
1719465165777,40.35,25
1719465165777,40.35,25
1719465165777,40.35,25
1719465165777,40.35,25
1719465174219,41.0,100
1719465174219,41.0,100
1719465174219,41.0,100
1719465178197,40.6,25
1719465178197,40.6,25
1719465178197,40.6,25
1719465178197,40.6,25
1719465181758,40.75,250
1719465181758,40.75,250
1719465183285,40.35,25
1719465183285,40.35,25
1719465183285,40.35,25
1719465183285,40.35,25
1719465188584,40.5,25
1719465188584,40.5,25
1719465188584,40.5,25
1719465191180,40.8,25
1719465191180,40.8,25
1719465191180,40.8,25
1719465191180,40.8,25
1719465191180,40.8,25
1719465191180,40.8,25
1719465200036,41.0,25
1719465200036,41.0,25
1719465200036,41.0,25
1719465203310,42.1,250
1719465203528,41.95,25
1719465203528,41.95,25
1719465203528,41.95,25
1719465203528,41.95,25
1719465208204,42.05,25
1719465208490,42.15,25
1719465209114,42.4,100
1719465209114,42.4,100
1719465209114,42.4,100
1719465209114,42.4,100
1719465209114,42.4,100
1719465213026,42.45,25
1719465213316,42.9,25
1719465214139,42.75,200
1719465214496,42.8,25
1719465215650,43.5,25
1719465215650,43.5,25
1719465216186,44.95,25
1719465217050,44.95,25
1719465217664,45.4,25
1719465218797,45.15,100
1719465218797,45.15,100
1719465219346,45.15,25
1719465220721,46.05,150
1719465220721,46.05,150
1719465221976,45.6,175
1719465221976,45.6,175
1719465221976,45.6,175
1719465224355,45.85,25
1719465224643,46.2,150
1719465225652,45.9,25
1719465226142,45.95,50
1719465227186,46.6,25
1719465227186,46.6,25
1719465227740,47.35,100
1719465228983,49.4,25
1719465228983,49.4,25
1719465229715,47.95,150
1719465230302,46.9,25
1719465231403,46.65,200
1719465232207,46.9,250
1719465232207,46.9,250
1719465233421,47.3,1000
1719465233421,47.3,1000
1719465234758,46.9,50
1719465235672,47.15,125
1719465236053,47.65,25
1719465236679,48.5,25
1719465236773,48.55,75
1719465239075,48.4,125
1719465239432,48.0,25
1719465239432,48.0,25
1719465240468,48.9,25
1719465240696,48.95,25
1719465241941,48.95,50
1719465241941,48.95,50
1719465242703,48.95,150
1719465243970,48.55,125
1719465243970,48.55,125
1719465245169,47.65,100
1719465245169,47.65,100
1719465246032,48.15,25
1719465246032,48.15,25
1719465246032,48.15,25
1719465250121,48.8,25
1719465250434,48.8,150
1719465250434,48.8,150
1719465251456,48.55,250
1719465252386,48.85,25
1719465252818,49.05,25
1719465253490,50.05,150
1719465253490,50.05,150
1719465255520,49.0,25
1719465255520,49.0,25
1719465255520,49.0,25
1719465257973,48.55,25
1719465258541,48.5,1000
1719465258870,48.3,25
1719465258870,48.3,25
1719465258870,48.3,25
1719465258870,48.3,25
1719465262637,48.3,125
1719465263868,49.05,25
1719465263868,49.05,25
1719465264995,48.7,50
1719465265798,48.65,200
1719465266058,48.55,25
1719465267396,47.85,25
1719465268862,47.95,25
1719465268862,47.95,25
1719465268862,47.95,25
1719465271508,49.5,150
1719465271508,49.5,150
1719465272562,49.25,50
1719465273559,49.05,150
1719465273559,49.05,150
1719465273559,49.05,150
1719465275888,48.5,50
1719465275888,48.5,50
1719465279022,48.8,250
1719465279022,48.8,250
1719465279022,48.8,250
1719465281218,48.75,25
1719465282354,48.3,25
1719465282354,48.3,25
1719465284860,48.4,200
1719465285707,48.75,525
1719465286473,49.25,25
1719465286473,49.25,25
1719465288110,48.4,25
1719465288110,48.4,25
1719465289306,48.8,25
1719465290227,49.1,25
1719465290621,49.4,25
1719465291715,49.05,25
1719465292012,48.7,50
1719465292012,48.7,50
1719465293258,48.45,25
1719465293258,48.45,25
1719465295553,48.2,25
1719465295553,48.2,25
1719465296318,48.1,25
1719465297449,48.6,25
1719465297647,48.5,25
1719465297647,48.5,25
1719465297647,48.5,25
1719465297647,48.5,25
1719465301285,49.5,25
1719465301557,49.5,25
1719465302271,49.45,25
1719465302271,49.45,25
1719465303454,48.85,25
1719465303931,48.85,25
1719465304229,48.9,75
1719465305693,50.15,250
1719465306033,50.25,100
1719465306961,50.45,25
1719465306961,50.45,25
1719465308294,50.05,25
1719465308294,50.05,25
1719465309626,50.15,25
1719465310555,50.3,150
1719465310555,50.3,150
1719465312069,50.8,150
1719465312069,50.8,150
1719465312859,50.6,25
1719465313129,50.4,400
1719465313129,50.4,400
1719465314453,50.35,25
1719465315655,50.2,25
1719465315655,50.2,25
1719465316237,50.4,25
1719465317300,49.4,150
1719465318094,49.5,25
1719465318480,49.85,250
1719465319099,49.95,25
1719465319824,49.4,200
1719465319824,49.4,200
1719465321291,49.35,25
1719465321291,49.35,25
1719465323186,49.25,75
1719465323186,49.25,75
1719465323186,49.25,75
1719465323186,49.25,75
1719465323186,49.25,75
1719465323186,49.25,75
1719465323186,49.25,75
1719465332246,49.4,250
1719465333028,48.5,425
1719465334040,47.95,325
1719465334359,47.9,275
1719465335716,48.55,150
1719465336069,48.3,150
1719465336069,48.3,150
1719465338060,49.6,150
1719465338659,49.9,175
1719465339583,50.25,25
1719465340210,50.55,25
1719465341565,49.4,150
1719465342010,49.4,25
1719465342684,49.2,25
1719465343940,48.45,100
1719465343940,48.45,100
1719465344833,48.1,25
1719465345511,48.1,25
1719465345511,48.1,25
1719465347003,47.85,25
1719465347003,47.85,25
1719465347003,47.85,25
1719465349758,48.0,25
1719465350723,47.55,1000
1719465351101,47.55,25
1719465352041,47.55,25
1719465352041,47.55,25
1719465352718,47.85,150
1719465353371,48.4,75
1719465354714,48.05,50
1719465354714,48.05,50
1719465357228,48.35,125
1719465358652,48.6,25
1719465358652,48.6,25
1719465358652,48.6,25
1719465358652,48.6,25
1719465358652,48.6,25
1719465362800,48.85,150
1719465362800,48.85,150
1719465365304,48.25,125
1719465365304,48.25,125
1719465365304,48.25,125
1719465369107,48.2,25
1719465369107,48.2,25
1719465369107,48.2,25
1719465369107,48.2,25
1719465375606,47.4,200
1719465375606,47.4,200
1719465377837,47.65,150
1719465378736,47.5,150
1719465378736,47.5,150
1719465379420,47.2,1000
1719465379420,47.2,1000
1719465379420,47.2,1000
1719465379420,47.2,1000
1719465379420,47.2,1000
1719465387560,46.9,50
1719465387560,46.9,50
1719465387560,46.9,50
1719465387560,46.9,50
1719465387560,46.9,50
1719465391617,47.95,25
1719465391617,47.95,25
1719465392692,48.2,25
1719465394173,48.3,125
1719465394173,48.3,125
1719465394625,48.3,25
1719465394625,48.3,25
1719465395925,47.95,750
1719465396207,48.2,150
1719465397076,48.45,125
1719465398824,47.95,75
1719465398824,47.95,75
1719465399695,47.85,50
1719465400190,47.95,25
1719465400190,47.95,25
1719465402309,48.0,150
1719465402309,48.0,150
1719465404003,48.0,25
1719465404003,48.0,25
1719465404497,48.0,50
1719465404497,48.0,50
1719465407304,48.35,25
1719465407304,48.35,25
1719465408305,48.1,25
1719465408808,48.15,25
1719465408808,48.15,25
1719465408808,48.15,25
1719465411234,47.7,25
1719465411234,47.7,25
1719465413270,47.8,275
1719465413550,48.0,150
1719465413550,48.0,150
1719465414645,47.9,100
1719465414645,47.9,100
1719465416520,48.35,25
1719465417190,48.6,300
1719465417546,48.45,25
1719465417546,48.45,25
1719465417546,48.45,25
1719465419430,48.6,25
1719465419430,48.6,25
1719465419430,48.6,25
1719465422541,48.7,25
1719465422541,48.7,25
1719465424453,49.1,25
1719465424453,49.1,25
1719465426930,49.0,25
1719465427531,49.1,25
1719465427531,49.1,25
1719465428799,49.15,25
1719465428799,49.15,25
1719465429655,49.45,25
1719465430671,49.1,250
1719465432354,48.65,25
1719465432354,48.65,25
1719465432354,48.65,25
1719465434333,48.15,175
1719465434333,48.15,175
1719465436219,48.85,25
1719465436890,49.1,150
1719465437386,49.2,25
1719465437892,49.2,125
1719465437892,49.2,125
1719465437892,49.2,125
1719465437892,49.2,125
1719465444147,49.45,25
1719465444147,49.45,25
1719465445340,49.2,25
1719465445340,49.2,25
1719465445340,49.2,25
1719465445340,49.2,25
1719465449345,49.2,25
1719465449345,49.2,25
1719465449345,49.2,25
1719465449345,49.2,25
1719465452775,49.3,25
1719465452775,49.3,25
1719465452775,49.3,25
1719465452775,49.3,25
1719465452775,49.3,25
1719465460201,50.0,500
1719465460567,49.9,100
1719465461537,49.95,25
1719465461537,49.95,25
1719465461537,49.95,25
1719465461537,49.95,25
1719465461537,49.95,25
1719465467604,50.5,25
1719465468246,50.3,25
1719465469282,50.15,25
1719465469282,50.15,25
1719465469282,50.15,25
1719465472519,50.25,25
1719465472699,50.25,25
1719465473313,50.5,50
1719465473313,50.5,50
1719465474961,50.2,25
1719465475389,50.45,100
1719465475389,50.45,100
1719465477095,50.6,25
1719465477095,50.6,25
1719465478362,49.95,125
1719465478670,50.1,25
1719465478670,50.1,25
1719465479343,50.4,100
1719465479343,50.4,100
1719465479343,50.4,100
1719465481418,49.3,175
1719465481639,49.2,25
1719465481639,49.2,25
1719465483308,49.25,25
1719465483308,49.25,25
1719465485807,50.05,125
1719465485807,50.05,125
1719465486467,50.2,175
1719465486467,50.2,175
1719465488129,50.5,75
1719465488129,50.5,75
1719465490629,50.4,25
1719465490629,50.4,25
1719465491910,50.0,100
1719465491910,50.0,100
1719465491910,50.0,100
1719465494363,49.6,25
1719465494958,49.4,25
1719465494958,49.4,25
1719465497450,49.9,25
1719465499062,49.9,125
1719465499062,49.9,125
1719465499062,49.9,125
1719465499062,49.9,125
1719465503898,49.25,25
1719465503898,49.25,25
1719465505254,49.2,25
1719465505254,49.2,25
1719465505254,49.2,25
1719465508048,49.6,25
1719465508048,49.6,25
1719465508048,49.6,25
1719465508048,49.6,25
1719465508048,49.6,25
1719465508048,49.6,25
1719465508048,49.6,25
1719465508048,49.6,25
1719465508048,49.6,25
1719465519455,49.75,100
1719465519455,49.75,100
1719465519455,49.75,100
1719465523339,50.0,25
1719465523339,50.0,25
1719465525178,50.05,25
1719465525229,50.05,25
1719465525229,50.05,25
1719465527521,49.75,25
1719465529268,49.4,100
1719465529268,49.4,100
1719465529268,49.4,100
1719465529268,49.4,100
1719465529268,49.4,100
1719465529268,49.4,100
1719465529268,49.4,100
1719465539743,50.4,100
1719465539743,50.4,100
1719465539743,50.4,100
1719465541196,50.95,250
1719465541196,50.95,250
1719465542611,50.8,25
1719465542611,50.8,25
1719465542611,50.8,25
1719465542611,50.8,25
1719465542611,50.8,25
1719465551943,49.75,50
1719465551943,49.75,50
1719465551943,49.75,50
1719465551943,49.75,50
1719465551943,49.75,50
1719465551943,49.75,50
1719465560151,49.65,75
1719465560151,49.65,75
1719465560151,49.65,75
1719465563443,49.65,300
1719465563749,49.55,25
1719465563749,49.55,25
1719465563749,49.55,25
1719465563749,49.55,25
1719465563749,49.55,25
1719465563749,49.55,25
1719465563749,49.55,25
1719465563749,49.55,25
1719465573618,49.2,200
1719465573618,49.2,200
1719465573618,49.2,200
1719465573618,49.2,200
1719465577945,49.0,50
1719465577945,49.0,50
1719465580419,49.6,25
1719465580419,49.6,25
1719465580419,49.6,25
1719465582747,50.0,250
1719465582747,50.0,250
1719465582747,50.0,250
1719465582747,50.0,250
1719465588317,49.15,300
1719465588549,49.0,125
1719465588549,49.0,125
1719465589603,48.4,450
1719465590533,48.0,50
1719465590533,48.0,50
1719465591299,47.75,25
1719465591299,47.75,25
1719465593011,47.65,125
1719465593011,47.65,125
1719465594949,47.85,150
1719465595204,48.0,25
1719465595204,48.0,25
1719465595204,48.0,25
1719465597742,47.75,100
1719465598018,47.4,25
1719465598018,47.4,25
1719465598018,47.4,25
1719465600904,46.65,100
1719465600904,46.65,100
1719465602486,47.0,125
1719465602486,47.0,125
1719465603450,47.3,150
1719465603698,47.35,50
1719465603698,47.35,50
1719465605705,47.4,25
1719465605705,47.4,25
1719465608352,46.7,25
1719465608953,46.85,25
1719465609306,46.45,50
1719465609306,46.45,50
1719465610377,46.6,50
1719465610377,46.6,50
1719465611709,46.85,25
1719465611709,46.85,25
1719465612902,46.5,25
1719465614040,46.35,25
1719465614040,46.35,25
1719465614040,46.35,25
1719465614040,46.35,25
1719465617959,46.9,25
1719465617959,46.9,25
1719465619556,46.65,275
1719465619556,46.65,275
1719465619556,46.65,275
1719465619556,46.65,275
1719465619556,46.65,275
1719465626808,44.85,350
1719465627715,44.8,125
1719465627715,44.8,125
1719465628983,45.1,25
1719465629301,45.1,900
1719465629490,45.45,25
1719465629490,45.45,25
1719465630811,45.2,50
1719465632518,45.1,50
1719465633190,45.5,25
1719465634340,45.5,25
1719465634340,45.5,25
1719465634813,45.3,25
1719465634813,45.3,25
1719465636590,45.35,25
1719465636751,45.0,150
1719465636751,45.0,150
1719465638358,44.8,250
1719465638563,44.7,25
1719465638893,44.4,50
1719465639529,43.95,75
1719465639529,43.95,75
1719465641288,44.95,125
1719465642326,44.85,25
1719465642326,44.85,25
1719465642326,44.85,25
1719465645087,45.2,25
1719465645087,45.2,25
1719465645087,45.2,25
1719465647876,45.25,50
1719465647876,45.25,50
1719465650017,44.95,50
1719465650766,44.85,100
1719465650766,44.85,100
1719465652294,45.0,25
1719465652294,45.0,25
1719465653953,45.05,25
1719465653953,45.05,25
1719465655578,45.35,150
1719465655783,45.45,350
1719465655881,45.2,125
1719465656382,45.05,150
1719465656382,45.05,150
1719465656382,45.05,150
1719465656382,45.05,150
1719465656382,45.05,150
1719465662693,44.45,100
1719465662693,44.45,100
1719465662693,44.45,100
1719465662693,44.45,100
1719465662693,44.45,100
1719465662693,44.45,100
1719465662693,44.45,100
1719465662693,44.45,100
1719465662693,44.45,100
1719465662693,44.45,100
1719465677051,44.5,25
1719465677051,44.5,25
1719465677051,44.5,25
1719465677051,44.5,25
1719465677051,44.5,25
1719465677051,44.5,25
1719465677051,44.5,25
1719465686510,43.7,150
1719465686510,43.7,150
1719465686510,43.7,150
1719465686510,43.7,150
1719465686510,43.7,150
1719465686510,43.7,150
1719465686510,43.7,150
1719465686510,43.7,150
1719465697270,43.95,25
1719465697270,43.95,25
1719465698414,44.0,50
1719465699238,44.05,50
1719465699238,44.05,50
1719465700634,44.1,75
1719465700634,44.1,75
1719465702406,44.25,75
1719465702406,44.25,75
1719465702406,44.25,75
1719465705004,43.6,1000
1719465705004,43.6,1000
1719465706480,44.05,100
1719465706480,44.05,100
1719465706480,44.05,100
1719465709578,43.95,25
1719465709578,43.95,25
1719465709578,43.95,25
1719465712916,44.45,875
1719465712916,44.45,875
1719465712916,44.45,875
1719465712916,44.45,875
1719465712916,44.45,875
1719465712916,44.45,875
1719465712916,44.45,875
1719465712916,44.45,875
1719465712916,44.45,875
1719465724741,44.2,350
1719465725301,44.75,50
1719465725301,44.75,50
1719465726440,44.7,25
1719465726440,44.7,25
1719465729276,44.35,25
1719465729276,44.35,25
1719465729276,44.35,25
1719465729276,44.35,25
1719465729276,44.35,25
1719465729276,44.35,25
1719465729276,44.35,25
1719465737927,44.35,25
1719465737927,44.35,25
1719465737927,44.35,25
1719465737927,44.35,25
1719465744222,44.95,25
1719465744222,44.95,25
1719465746259,45.15,25
1719465746259,45.15,25
1719465749285,45.5,50
1719465749285,45.5,50
1719465749920,45.4,25
1719465749920,45.4,25
1719465749920,45.4,25
1719465749920,45.4,25
1719465754448,45.35,100
1719465754448,45.35,100
1719465754448,45.35,100
1719465754448,45.35,100
1719465754448,45.35,100
1719465754448,45.35,100
1719465754448,45.35,100
1719465765570,46.05,150
1719465765570,46.05,150
1719465765570,46.05,150
1719465768229,45.9,25
1719465768229,45.9,25
1719465768229,45.9,25
1719465771470,45.0,50
1719465771618,44.9,25
1719465771618,44.9,25
1719465771618,44.9,25
1719465771618,44.9,25
1719465777484,45.45,175
1719465777484,45.45,175
1719465777484,45.45,175
1719465777484,45.45,175
1719465781355,45.7,50
1719465781355,45.7,50
1719465781355,45.7,50
1719465781355,45.7,50
1719465785506,45.7,25
1719465785506,45.7,25
1719465785506,45.7,25
1719465785506,45.7,25
1719465785506,45.7,25
1719465785506,45.7,25
1719465785506,45.7,25
1719465795663,45.05,25
1719465795663,45.05,25
1719465796644,45.4,25
1719465796644,45.4,25
1719465796644,45.4,25
1719465800723,46.0,25
1719465800723,46.0,25
1719465802282,46.65,25
1719465802282,46.65,25
1719465802282,46.65,25
1719465802282,46.65,25
1719465806563,45.95,100
1719465806563,45.95,100
1719465806563,45.95,100
1719465806563,45.95,100
1719465806563,45.95,100
1719465806563,45.95,100
1719465806563,45.95,100
1719465806563,45.95,100
1719465806563,45.95,100
1719465806563,45.95,100
1719465806563,45.95,100
1719465806563,45.95,100
1719465806563,45.95,100
1719465806563,45.95,100
1719465806563,45.95,100
1719465806563,45.95,100
1719465830477,45.9,50
1719465830477,45.9,50
1719465830477,45.9,50
1719465830477,45.9,50
1719465835307,46.0,25
1719465835307,46.0,25
1719465837063,46.5,25
1719465837063,46.5,25
1719465838374,46.2,225
1719465839170,46.15,25
1719465839170,46.15,25
1719465840363,46.0,50
1719465840363,46.0,50
1719465840363,46.0,50
1719465840363,46.0,50
1719465840363,46.0,50
1719465846142,46.5,50
1719465846142,46.5,50
1719465846142,46.5,50
1719465846142,46.5,50
1719465846142,46.5,50
1719465852716,45.95,50
1719465852716,45.95,50
1719465852716,45.95,50
1719465852716,45.95,50
1719465857890,47.5,125
1719465857890,47.5,125
1719465859063,48.5,100
1719465859063,48.5,100
1719465860258,48.35,125
1719465860258,48.35,125
1719465861707,47.7,175
1719465861707,47.7,175
1719465861707,47.7,175
1719465861707,47.7,175
1719465861707,47.7,175
1719465861707,47.7,175
1719465861707,47.7,175
1719465870478,48.35,150
1719465871243,48.9,25
1719465871243,48.9,25
1719465871243,48.9,25
1719465871243,48.9,25
1719465871243,48.9,25
1719465877819,48.75,125
1719465877819,48.75,125
1719465877819,48.75,125
1719465881508,49.55,25
1719465882188,50.0,50
1719465882595,50.0,25
1719465882595,50.0,25
1719465882595,50.0,25
1719465886339,50.0,25
1719465886339,50.0,25
1719465886339,50.0,25
1719465888340,49.55,50
1719465888774,49.75,50
1719465889329,50.05,25
1719465889329,50.05,25
1719465889329,50.05,25
1719465893001,50.1,25
1719465893001,50.1,25
1719465894651,49.6,50
1719465895059,49.6,25
1719465895440,49.55,50
1719465895440,49.55,50
1719465897629,49.1,25
1719465897629,49.1,25
1719465899153,49.8,100
1719465899153,49.8,100
1719465899153,49.8,100
1719465900787,49.5,200
1719465900787,49.5,200
1719465900787,49.5,200
1719465900787,49.5,200
1719465900787,49.5,200
1719465900787,49.5,200
1719465900787,49.5,200
1719465900787,49.5,200
1719465900787,49.5,200
1719465900787,49.5,200
1719465900787,49.5,200
1719465900787,49.5,200
1719465919137,49.0,300
1719465919137,49.0,300
1719465919137,49.0,300
1719465923156,48.85,25
1719465923156,48.85,25
1719465923156,48.85,25
1719465923156,48.85,25
1719465923156,48.85,25
1719465923156,48.85,25
1719465923156,48.85,25
1719465923156,48.85,25
1719465934169,48.75,100
1719465934169,48.75,100
1719465934169,48.75,100
1719465936727,48.5,25
1719465936727,48.5,25
1719465936727,48.5,25
1719465936727,48.5,25
1719465941629,48.5,25
1719465941629,48.5,25
1719465941629,48.5,25
1719465941629,48.5,25
1719465941629,48.5,25
1719465941629,48.5,25
1719465941629,48.5,25
1719465951586,48.3,25
1719465951586,48.3,25
1719465951586,48.3,25
1719465951586,48.3,25
1719465951586,48.3,25
1719465951586,48.3,25
1719465951586,48.3,25
1719465951586,48.3,25
1719465961663,47.75,50
1719465962145,47.7,625
1719465962836,48.1,100
1719465963992,47.0,25
1719465964443,46.95,25
1719465964443,46.95,25
1719465966389,46.8,200
1719465966936,46.6,125
1719465966936,46.6,125
1719465968264,46.7,125
1719465968980,46.55,150
1719465968980,46.55,150
1719465970159,46.8,25
1719465970159,46.8,25
1719465970159,46.8,25
1719465974063,46.0,25
1719465974063,46.0,25
1719465975003,46.0,325
1719465975003,46.0,325
1719465977492,45.5,25
1719465977492,45.5,25
1719465977492,45.5,25
1719465977492,45.5,25
1719465977492,45.5,25
1719465977492,45.5,25
1719465977492,45.5,25
1719465977492,45.5,25
1719465977492,45.5,25
1719465977492,45.5,25
1719465991108,45.3,25
1719465991108,45.3,25
1719465991887,45.15,100
1719465991887,45.15,100
1719465991887,45.15,100
1719465991887,45.15,100
1719465997380,45.3,25
1719465997506,45.65,100
1719465997506,45.65,100
1719465997506,45.65,100
1719465997506,45.65,100
1719465997506,45.65,100
1719465997506,45.65,100
1719465997506,45.65,100
1719466007349,46.15,25
1719466007349,46.15,25
1719466007349,46.15,25
1719466007349,46.15,25
1719466007349,46.15,25
1719466013164,45.75,50
1719466013164,45.75,50
1719466013164,45.75,50
1719466013164,45.75,50
1719466013164,45.75,50
1719466019976,45.8,100
1719466019976,45.8,100
1719466020904,46.0,100
1719466020904,46.0,100
1719466020904,46.0,100
1719466023506,46.1,125
1719466023506,46.1,125
1719466023506,46.1,125
1719466023506,46.1,125
1719466028662,45.45,125
1719466028662,45.45,125
1719466030349,45.9,100
1719466030349,45.9,100
1719466031793,46.1,100
1719466031954,46.2,100
1719466032616,46.2,100
1719466032616,46.2,100
1719466032616,46.2,100
1719466032616,46.2,100
1719466032616,46.2,100
1719466032616,46.2,100
1719466032616,46.2,100
1719466032616,46.2,100
1719466032616,46.2,100
1719466032616,46.2,100
1719466032616,46.2,100
1719466032616,46.2,100
1719466032616,46.2,100
1719466032616,46.2,100
1719466051980,46.5,100
1719466052211,46.35,150
1719466052211,46.35,150
1719466052211,46.35,150
1719466052211,46.35,150
1719466058767,45.0,25
1719466058767,45.0,25
1719466061607,45.1,100
1719466061607,45.1,100
1719466229966,44.4,100
1719466229966,44.4,100
1719466229966,44.4,100
1719466229966,44.4,100
1719466229966,44.4,100
1719466233989,43.95,350
1719466233989,43.95,350
1719466233989,43.95,350
1719466233989,43.95,350
1719466233989,43.95,350
1719466240618,44.4,25
1719466240618,44.4,25
1719466240618,44.4,25
1719466243812,44.45,200
1719466243812,44.45,200
1719466243812,44.45,200
1719466243812,44.45,200
1719466243812,44.45,200
1719466243812,44.45,200
1719466243812,44.45,200
1719466255016,44.6,25
1719466256897,44.5,50
1719466256897,44.5,50
1719466256897,44.5,50
1719466256897,44.5,50
1719466256897,44.5,50
1719466256897,44.5,50
1719466256897,44.5,50
1719466256897,44.5,50
1719466256897,44.5,50
1719466256897,44.5,50
1719466270942,44.25,25
1719466271414,43.8,100
1719466271414,43.8,100
1719466271414,43.8,100
1719466271414,43.8,100
1719466276092,43.5,25
1719466276092,43.5,25
1719466276092,43.5,25
1719466279295,43.0,50
1719466279968,42.7,25
1719466280264,42.65,25
1719466280264,42.65,25
1719466280264,42.65,25
1719466285023,42.75,100
1719466285023,42.75,100
1719466285023,42.75,100
1719466290058,42.5,175
1719466290058,42.5,175
1719466290058,42.5,175
1719466290058,42.5,175
1719466290058,42.5,175
1719466290058,42.5,175
1719466295339,42.7,25
1719466296203,42.7,25
1719466296203,42.7,25
1719466296203,42.7,25
1719466296203,42.7,25
1719466296203,42.7,25
1719466296203,42.7,25
1719466296203,42.7,25
1719466296203,42.7,25
1719466296203,42.7,25
1719466296203,42.7,25
1719466296203,42.7,25
1719466312962,43.05,75
1719466312962,43.05,75
1719466312962,43.05,75
1719466312962,43.05,75
1719466318067,43.85,25
1719466318067,43.85,25
1719466320127,43.25,50
1719466320127,43.25,50
1719466320127,43.25,50
1719466320127,43.25,50
1719466324320,44.1,125
1719466324320,44.1,125
1719466324320,44.1,125
1719466324320,44.1,125
1719466324320,44.1,125
1719466324320,44.1,125
1719466324320,44.1,125
1719466324320,44.1,125
1719466324320,44.1,125
1719466324320,44.1,125
1719466338666,44.5,25
1719466338666,44.5,25
1719466338666,44.5,25
1719466342257,44.5,25
1719466342257,44.5,25
1719466342257,44.5,25
1719466345818,44.5,25
1719466345818,44.5,25
1719466348268,43.8,25
1719466348268,43.8,25
1719466348268,43.8,25
1719466348268,43.8,25
1719466351191,43.5,200
1719466351191,43.5,200
1719466353088,43.8,25
1719466353362,44.05,25
1719466353362,44.05,25
1719466353362,44.05,25
1719466353362,44.05,25
1719466353362,44.05,25
1719466360079,44.35,25
1719466360079,44.35,25
1719466360079,44.35,25
1719466360079,44.35,25
1719466360079,44.35,25
1719466360079,44.35,25
1719466360079,44.35,25
1719466360079,44.35,25
1719466360079,44.35,25
1719466360079,44.35,25
1719466373731,44.05,25
1719466374820,44.25,50
1719466374820,44.25,50
1719466375296,44.25,425
1719466375296,44.25,425
1719466377534,44.5,100
1719466377534,44.5,100
1719466377534,44.5,100
1719466377534,44.5,100
1719466377534,44.5,100
1719466383115,45.25,25
1719466383115,45.25,25
1719466384731,45.8,125
1719466384731,45.8,125
1719466384731,45.8,125
1719466387881,45.25,25
1719466387881,45.25,25
1719466387881,45.25,25
1719466387881,45.25,25
1719466387881,45.25,25
1719466387881,45.25,25
1719466387881,45.25,25
1719466398417,45.25,25
1719466398417,45.25,25
1719466401152,45.4,25
1719466401152,45.4,25
1719466401152,45.4,25
1719466401152,45.4,25
1719466401152,45.4,25
1719466401152,45.4,25
1719466409032,44.1,25
1719466409032,44.1,25
1719466409032,44.1,25
1719466409032,44.1,25
1719466409032,44.1,25
1719466409032,44.1,25
1719466409032,44.1,25
1719466417375,45.0,75
1719466417375,45.0,75
1719466417375,45.0,75
1719466417375,45.0,75
1719466417375,45.0,75
1719466417375,45.0,75
1719466417375,45.0,75
1719466417375,45.0,75
1719466417375,45.0,75
1719466431688,45.6,125
1719466431688,45.6,125
1719466431688,45.6,125
1719466431688,45.6,125
1719466431688,45.6,125
1719466431688,45.6,125
1719466431688,45.6,125
1719466431688,45.6,125
1719466441312,46.0,50
1719466441312,46.0,50
1719466441312,46.0,50
1719466441312,46.0,50
1719466446866,45.75,125
1719466446866,45.75,125
1719466446866,45.75,125
1719466450055,45.55,50
1719466450055,45.55,50
1719466450561,45.2,125
1719466450561,45.2,125
1719466450561,45.2,125
1719466450561,45.2,125
1719466450561,45.2,125
1719466450561,45.2,125
1719466450561,45.2,125
1719466450561,45.2,125
1719466450561,45.2,125
1719466464200,45.0,450
1719466464200,45.0,450
1719466464200,45.0,450
1719466468216,45.2,25
1719466468216,45.2,25
1719466469017,45.1,25
1719466469017,45.1,25
1719466469017,45.1,25
1719466469017,45.1,25
1719466469017,45.1,25
1719466469017,45.1,25
1719466469017,45.1,25
1719466469017,45.1,25
1719466478463,45.1,25
1719466478463,45.1,25
1719466478463,45.1,25
1719466478463,45.1,25
1719466478463,45.1,25
1719466478463,45.1,25
1719466478463,45.1,25
1719466478463,45.1,25
1719466478463,45.1,25
1719466478463,45.1,25
1719466478463,45.1,25
1719466478463,45.1,25
1719466478463,45.1,25
1719466478463,45.1,25
1719466478463,45.1,25
1719466478463,45.1,25
1719466502160,45.1,25
1719466502160,45.1,25
1719466502160,45.1,25
1719466502160,45.1,25
1719466502160,45.1,25
1719466509168,44.45,25
1719466509168,44.45,25
1719466509168,44.45,25
1719466509168,44.45,25
1719466513308,44.8,25
1719466513308,44.8,25
1719466514927,44.9,25
1719466515511,44.8,75
1719466515511,44.8,75
1719466515511,44.8,75
1719466515511,44.8,75
1719466515511,44.8,75
1719466515511,44.8,75
1719466515511,44.8,75
1719466525525,44.8,75
1719466525525,44.8,75
1719466525525,44.8,75
1719466525525,44.8,75
1719466525525,44.8,75
1719466525525,44.8,75
1719466525525,44.8,75
1719466533476,44.0,50
1719466533476,44.0,50
1719466533476,44.0,50
1719466533476,44.0,50
1719466533476,44.0,50
1719466533476,44.0,50
1719466533476,44.0,50
1719466544214,44.25,25
1719466544214,44.25,25
1719466544214,44.25,25
1719466544214,44.25,25
1719466544214,44.25,25
1719466544214,44.25,25
1719466544214,44.25,25
1719466544214,44.25,25
1719466544214,44.25,25
1719466544214,44.25,25
1719466544214,44.25,25
1719466544214,44.25,25
1719466544214,44.25,25
1719466544214,44.25,25
1719466544214,44.25,25
1719466544214,44.25,25
1719466567103,44.5,25
1719466567103,44.5,25
1719466569223,44.75,25
1719466569536,44.45,25
1719466569536,44.45,25
1719466569536,44.45,25
1719466572942,44.1,125
1719466573382,43.8,150
1719466574057,43.65,25
1719466574057,43.65,25
1719466574057,43.65,25
1719466574057,43.65,25
1719466574057,43.65,25
1719466574057,43.65,25
1719466582810,43.65,25
1719466582810,43.65,25
1719466582810,43.65,25
1719466586012,43.85,25
1719466586012,43.85,25
1719466586012,43.85,25
1719466586012,43.85,25
1719466586012,43.85,25
1719466586012,43.85,25
1719466586012,43.85,25
1719466586012,43.85,25
1719466586012,43.85,25
1719466586012,43.85,25
1719466586012,43.85,25
1719466586012,43.85,25
1719466604544,43.55,50
1719466604544,43.55,50
1719466604829,43.8,150
1719466604829,43.8,150
1719466604829,43.8,150
1719466604829,43.8,150
1719466604829,43.8,150
1719466604829,43.8,150
1719466604829,43.8,150
1719466616230,44.25,150
1719466616230,44.25,150
1719466616230,44.25,150
1719466616230,44.25,150
1719466616230,44.25,150
1719466616230,44.25,150
1719466616230,44.25,150
1719466616230,44.25,150
1719466616230,44.25,150
1719466616230,44.25,150
1719466616230,44.25,150
1719466616230,44.25,150
1719466616230,44.25,150
1719466635702,44.25,25
1719466635702,44.25,25
1719466635702,44.25,25
1719466635702,44.25,25
1719466641091,44.2,100
1719466641091,44.2,100
1719466641091,44.2,100
1719466641091,44.2,100
1719466646545,44.5,25
1719466646545,44.5,25
1719466646545,44.5,25
1719466646545,44.5,25
1719466650213,44.55,100
1719466650213,44.55,100
1719466651322,43.9,125
1719466651322,43.9,125
1719466652159,44.0,25
1719466652159,44.0,25
1719466652159,44.0,25
1719466652159,44.0,25
1719466656825,43.8,25
1719466657731,43.9,25
1719466657731,43.9,25
1719466657731,43.9,25
1719466657731,43.9,25
1719466657731,43.9,25
1719466657731,43.9,25
1719466657731,43.9,25
1719466657731,43.9,25
1719466657731,43.9,25
1719466657731,43.9,25
1719466657731,43.9,25
1719466657731,43.9,25
1719466657731,43.9,25
1719466657731,43.9,25
1719466657731,43.9,25
1719466657731,43.9,25
1719466680477,43.2,25
1719466680477,43.2,25
1719466680477,43.2,25
1719466680477,43.2,25
1719466680477,43.2,25
1719466680477,43.2,25
1719466680477,43.2,25
1719466690709,43.9,25
1719466690709,43.9,25
1719466690709,43.9,25
1719466690709,43.9,25
1719466690709,43.9,25
1719466690709,43.9,25
1719466690709,43.9,25
1719466690709,43.9,25
1719466690709,43.9,25
1719466704028,43.7,50
1719466704028,43.7,50
1719466706243,43.55,1475
1719466706243,43.55,1475
1719466706243,43.55,1475
1719466706243,43.55,1475
1719466706243,43.55,1475
1719466706243,43.55,1475
1719466706243,43.55,1475
1719466706243,43.55,1475
1719466706243,43.55,1475
1719466717635,43.45,25
1719466718230,43.4,25
1719466718230,43.4,25
1719466718230,43.4,25
1719466718230,43.4,25
1719466718230,43.4,25
1719466718230,43.4,25
1719466718230,43.4,25
1719466718230,43.4,25
1719466718230,43.4,25
1719466718230,43.4,25
1719466718230,43.4,25
1719466735199,43.85,100
1719466735199,43.85,100
1719466735199,43.85,100
1719466735199,43.85,100
1719466735199,43.85,100
1719466742916,43.05,125
1719466743359,43.05,300
1719466743405,43.1,250
1719466743405,43.1,250
1719466746504,42.9,25
1719466746504,42.9,25
1719466746504,42.9,25
1719466746504,42.9,25
1719466746504,42.9,25
1719466746504,42.9,25
1719466753585,42.95,100
1719466753585,42.95,100
1719466753585,42.95,100
1719466753585,42.95,100
1719466753585,42.95,100
1719466753585,42.95,100
1719466753585,42.95,100
1719466753585,42.95,100
1719466765873,43.3,25
1719466765873,43.3,25
1719466767226,43.25,25
1719466767226,43.25,25
1719466769253,43.0,25
1719466769253,43.0,25
1719466769253,43.0,25
1719466769253,43.0,25
1719466769253,43.0,25
1719466769253,43.0,25
1719466769253,43.0,25
1719466769253,43.0,25
1719466778640,42.9,350
1719466778640,42.9,350
1719466778640,42.9,350
1719466778640,42.9,350
1719466778640,42.9,350
1719466778640,42.9,350
1719466778640,42.9,350
1719466778640,42.9,350
1719466778640,42.9,350
1719466778640,42.9,350
1719466778640,42.9,350
1719466778640,42.9,350
1719466778640,42.9,350
1719466778640,42.9,350
1719466778640,42.9,350
1719466778640,42.9,350
1719466778640,42.9,350
1719466778640,42.9,350
1719466806397,42.5,125
1719466806397,42.5,125
1719466806397,42.5,125
1719466806397,42.5,125
1719466810255,42.2,25
1719466810255,42.2,25
1719466810255,42.2,25
1719466810255,42.2,25
1719466810255,42.2,25
1719466810255,42.2,25
1719466810255,42.2,25
1719466810255,42.2,25
1719466810255,42.2,25
1719466810255,42.2,25
1719466810255,42.2,25
1719466810255,42.2,25
1719466810255,42.2,25
1719466810255,42.2,25
1719466810255,42.2,25
1719466810255,42.2,25
1719466810255,42.2,25
1719466810255,42.2,25
1719466837795,41.7,25
1719466837795,41.7,25
1719466837795,41.7,25
1719466840508,42.0,50
1719466840508,42.0,50
1719466840508,42.0,50
1719466840508,42.0,50
1719466840508,42.0,50
1719466846813,41.55,25
1719466846813,41.55,25
1719466846813,41.55,25
1719466846813,41.55,25
1719466846813,41.55,25
1719466854934,40.95,25
1719466854934,40.95,25
1719466858151,40.5,25
1719466858151,40.5,25
1719466858151,40.5,25
1719466858151,40.5,25
1719466858151,40.5,25
1719466862593,40.95,50
1719466862593,40.95,50
1719466864496,40.95,125
1719466864496,40.95,125
1719466864496,40.95,125
1719466868241,40.5,75
1719466868948,40.7,50
1719466868948,40.7,50
1719466870985,40.4,225
1719466871641,40.0,75
1719466871641,40.0,75
1719466871641,40.0,75
1719466871641,40.0,75
1719466871641,40.0,75
1719466878598,40.1,75
1719466878598,40.1,75
1719466878598,40.1,75
1719466881853,40.5,100
1719466883181,40.65,25
1719466883181,40.65,25
1719466883594,40.6,100
1719466883594,40.6,100
1719466883594,40.6,100
1719466888147,40.5,75
1719466888269,40.4,75
1719466888269,40.4,75
1719466888269,40.4,75
1719466888269,40.4,75
1719466890508,40.25,75
1719466890508,40.25,75
1719466890508,40.25,75
1719466894132,40.75,75
1719466894309,40.8,75
1719466894436,41.0,75
1719466894436,41.0,75
1719466896630,40.8,75
1719466896630,40.8,75
1719466896630,40.8,75
1719466896630,40.8,75
1719466896630,40.8,75
1719466904323,40.8,50
1719466904323,40.8,50
1719466905503,40.9,100
1719466906686,40.35,75
1719466906686,40.35,75
1719466906686,40.35,75
1719466906686,40.35,75
1719466906686,40.35,75
1719466906686,40.35,75
1719466906686,40.35,75
1719466906686,40.35,75
1719466918535,40.3,100
1719466919338,40.05,25
1719466919338,40.05,25
1719466920102,39.8,75
1719466920102,39.8,75
1719466920102,39.8,75
1719466920102,39.8,75
1719466920102,39.8,75
1719466920102,39.8,75
1719466927748,40.0,100
1719466927748,40.0,100
1719466927748,40.0,100
1719466927748,40.0,100
1719466927748,40.0,100
1719466934436,39.7,100
1719466934436,39.7,100
1719466934436,39.7,100
1719466934436,39.7,100
1719466934436,39.7,100
1719466934436,39.7,100
1719466934436,39.7,100
1719466934436,39.7,100
1719466934436,39.7,100
1719466934436,39.7,100
1719466950111,39.8,25
1719466950111,39.8,25
1719466950111,39.8,25
1719466950111,39.8,25
1719466950111,39.8,25
1719466950111,39.8,25
1719466950111,39.8,25
1719466950111,39.8,25
1719466950111,39.8,25
1719466950111,39.8,25
1719466950111,39.8,25
1719466950111,39.8,25
1719466967015,40.0,800
1719466967015,40.0,800
1719466970154,39.4,100
1719466970271,38.9,25
1719466970271,38.9,25
1719466970271,38.9,25
1719466974542,39.0,25
1719466974751,38.8,25
1719466974751,38.8,25
1719466976008,38.8,100
1719466976913,38.65,25
1719466977314,38.9,150
1719466978149,39.2,75
1719466980195,38.6,100
1719466980195,38.6,100
1719466980195,38.6,100
