time,price,volume
1719461503664,1.85,500
1719461504471,1.85,150
1719461504471,1.85,150
1719461505530,1.8,25
1719461505968,1.8,50
1719461506614,1.8,225
1719461506747,1.8,1000
1719461507627,1.8,625
1719461507931,1.8,900
1719461508686,1.8,300
1719461509045,1.8,25
1719461509776,1.85,500
1719461510420,1.8,25
1719461510689,1.8,150
1719461511449,1.8,1450
1719461511967,1.8,1000
1719461512690,1.85,75
1719461512844,1.85,150
1719461513888,1.85,200
1719461513993,1.8,25
1719461514635,1.8,275
1719461514727,1.85,225
1719461515695,1.8,25
1719461515898,1.75,25
1719461516696,1.75,50
1719461517388,1.75,200
1719461517893,1.75,525
1719461518691,1.85,25
1719461518771,1.85,25
1719461519879,1.85,25
1719461520035,1.85,25
1719461520686,1.85,25
1719461520797,1.85,150
1719461521708,1.85,25
1719461521795,1.85,625
1719461522772,1.85,25
1719461523786,1.8,50
1719461523905,1.85,25
1719461524690,1.85,225
1719461524965,1.9,25
1719461525914,1.9,25
1719461526581,1.9,25
1719461526833,1.85,900
1719461527665,1.9,25
1719461528000,1.9,50
1719461528672,1.85,150
1719461529000,1.85,25
1719461529829,1.9,25
1719461529994,1.85,25
1719461530736,1.9,25
1719461531654,1.85,500
1719461531736,1.85,250
1719461532753,1.9,150
1719461533762,1.85,50
1719461534697,1.9,100
1719461535565,1.85,25
1719461536569,1.85,25
1719461536926,1.9,350
1719461537682,1.9,275
1719461537682,1.9,275
1719461538706,1.85,225
1719461538909,1.9,450
1719461539289,1.85,25
1719461539636,1.9,50
1719461540593,1.9,25
1719461540851,1.95,25
1719461541719,1.9,25
1719461542000,1.9,25
1719461542678,1.95,25
1719461543000,1.9,50
1719461543604,1.9,25
1719461544142,1.95,25
1719461544325,1.95,25
1719461544714,1.95,250
1719461545315,1.9,25
1719461545926,2.0,25
1719461546660,2.0,25
1719461546660,2.0,25
1719461547809,1.95,25
1719461548660,1.9,100
1719461548660,1.9,100
1719461549686,1.95,350
1719461550075,1.9,25
1719461550820,1.9,700
1719461551651,1.9,25
1719461552000,1.9,25
1719461552668,1.9,25
1719461553000,1.95,50
1719461553688,1.95,25
1719461554018,2.0,25
1719461554594,1.95,25
1719461554594,1.95,25
1719461555465,1.95,25
1719461556141,2.0,975
1719461556324,1.95,25
1719461556722,2.0,125
1719461557399,1.95,100
1719461557893,1.95,100
1719461558329,1.9,25
1719461558571,1.9,250
1719461559414,1.95,25
1719461559681,1.95,25
1719461560734,1.9,25
1719461560831,1.95,25
1719461561715,1.95,25
1719461561840,1.95,25
1719461562717,1.95,25
1719461563028,1.95,25
1719461563692,1.95,25
1719461564021,1.95,25
1719461564726,1.95,25
1719461565040,1.95,25
1719461565692,2.0,25
1719461566020,2.0,25
1719461566687,2.0,25
1719461567019,2.0,25
1719461567681,2.0,25
1719461568064,2.0,25
1719461568923,2.0,25
1719461569033,2.0,25
1719461569712,2.0,975
1719461570232,2.0,25
1719461570467,2.0,25
1719461570729,2.0,25
1719461571727,2.0,25
1719461571850,2.0,25
1719461572707,2.0,25
1719461573033,2.0,25
1719461573708,2.0,25
1719461573823,2.0,25
1719461574723,2.0,25
1719461575039,2.0,25
1719461575694,2.0,25
1719461576011,2.0,25
1719461576926,2.0,25
1719461577259,2.0,25
1719461577473,1.95,100
1719461577734,2.0,825
1719461578432,2.0,25
1719461578719,2.0,25
1719461579736,2.0,25
1719461579868,2.0,25
1719461580073,1.95,1175
1719461580725,2.0,50
1719461580869,2.0,25
1719461581722,2.0,25
1719461581868,2.0,25
1719461582720,2.0,25
1719461582844,1.95,25
1719461583737,2.0,25
1719461584070,2.0,100
1719461584706,2.0,25
1719461585251,2.0,100
1719461585686,2.0,25
1719461585910,2.0,25
1719461586741,2.0,25
1719461586879,2.0,25
1719461587721,2.0,25
1719461587887,2.0,25
1719461588734,2.0,50
1719461588871,2.05,25
1719461589701,2.05,25
1719461590033,2.05,25
1719461590735,2.0,50
1719461591286,2.05,25
1719461591739,2.05,25
1719461592278,2.05,25
1719461592487,2.05,25
1719461592730,2.05,25
1719461593729,2.05,25
1719461594729,2.0,75
1719461594893,2.0,25
1719461595771,2.05,25
1719461596082,2.0,25
1719461596736,2.0,25
1719461597028,2.0,25
1719461597747,2.0,25
1719461597906,1.95,25
1719461598728,2.0,25
1719461599040,2.0,25
1719461599752,2.0,25
1719461600288,2.0,200
1719461600752,2.0,25
1719461605717,2.0,50
1719461606116,2.0,25
1719461606716,2.0,25
1719461606911,2.0,25
1719461607734,2.0,25
1719461607896,2.0,25
1719461608725,2.0,25
1719461609111,2.0,25
1719461609761,2.0,25
1719461610080,2.0,25
1719461610734,1.95,1400
1719461610920,2.0,25
1719461611585,1.95,25
1719461612101,1.95,50
1719461612590,2.0,25
1719461612819,2.0,25
1719461613724,2.0,25
1719461614063,2.0,25
1719461614726,2.0,25
1719461614970,1.95,25
1719461615631,1.95,100
1719461616295,1.95,25
1719461616751,2.0,25
1719461617588,1.95,25
1719461617588,1.95,25
1719461618755,2.0,300
1719461618755,2.0,300
1719461619768,2.0,50
1719461619926,2.0,100
1719461620590,1.95,25
1719461621058,1.95,25
1719461621659,1.95,1000
1719461622006,1.95,25
1719461622704,1.95,50
1719461623105,1.95,25
1719461623765,1.95,50
1719461624030,1.95,25
1719461624947,1.95,100
1719461625342,1.9,125
1719461625646,1.9,125
1719461626111,1.95,75
1719461626603,1.9,25
1719461627337,1.95,25
1719461627648,1.95,25
1719461628720,1.9,350
1719461628880,1.9,325
1719461629769,1.95,1400
1719461629930,1.9,275
1719461630727,1.95,25
1719461631053,1.9,25
1719461631732,1.9,25
1719461632034,1.9,25
1719461632710,1.9,350
1719461633110,1.9,350
1719461633701,1.85,225
1719461634300,1.9,350
1719461634630,1.9,150
1719461635274,1.9,25
1719461635648,1.9,125
1719461636110,1.9,175
1719461636770,1.9,50
1719461637357,1.85,75
1719461637567,1.9,50
1719461637959,1.85,125
1719461638710,1.9,100
1719461638923,1.9,150
1719461639623,1.85,25
1719461640079,1.85,100
1719461640079,1.85,100
1719461640754,1.9,350
1719461640754,1.9,350
1719461641719,1.85,50
1719461641950,1.85,100
1719461642587,1.85,125
1719461642926,1.9,25
1719461643661,1.85,25
1719461643879,1.9,25
1719461644369,1.9,75
1719461644910,1.9,350
1719461645766,1.85,25
1719461646160,1.9,100
1719461646782,1.85,25
1719461647300,1.85,25
1719461647585,1.85,100
1719461647652,1.85,25
1719461648727,1.9,75
1719461649986,1.95,250
1719461650519,1.9,150
1719461650519,1.9,150
1719461651691,1.95,50
1719461651908,1.95,75
1719461652735,1.95,500
1719461653341,1.9,25
1719461653754,1.9,625
1719461654265,1.85,100
1719461654759,1.85,25
1719461655300,1.9,300
1719461655809,1.85,25
1719461656687,1.85,25
1719461657255,1.9,100
1719461657451,1.9,25
1719461657756,1.85,50
1719461658786,1.9,25
1719461659731,1.9,50
1719461659918,1.85,25
1719461660764,1.85,25
1719461660910,1.9,350
1719461661731,1.9,250
1719461662158,1.9,25
1719461662703,1.9,25
1719461663177,1.9,25
1719461663996,1.95,475
1719461664387,1.9,25
1719461664789,1.9,50
1719461665798,1.95,400
1719461665970,1.95,350
1719461666705,1.95,25
1719461667201,1.95,25
1719461667625,1.95,25
1719461668193,1.9,25
1719461668756,1.95,400
1719461669406,1.95,100
1719461669667,1.95,325
1719461670026,1.95,50
1719461670026,1.95,50
1719461670720,1.95,325
1719461671112,1.95,25
1719461671610,1.95,50
1719461671790,1.95,25
1719461672462,2.0,75
1719461672462,2.0,75
1719461673773,1.95,1050
1719461674320,1.95,200
1719461674934,1.95,400
1719461675761,1.9,25
1719461675761,1.9,25
1719461676803,1.95,100
1719461677360,1.9,300
1719461677360,1.9,300
1719461677760,1.9,25
1719461678285,1.9,725
1719461678714,1.95,650
1719461679759,1.9,1800
1719461679759,1.9,1800
1719461680313,1.9,400
1719461681177,1.9,125
1719461681902,1.85,400
1719461682300,1.9,325
1719461682710,1.9,350
1719461683008,1.85,25
1719461683766,1.85,25
1719461684231,1.85,25
1719461684727,1.9,25
1719461685411,1.9,25
1719461685748,1.9,25
1719461686422,1.9,25
1719461686761,1.9,25
1719461687028,1.9,25
1719461687445,1.9,25
1719461688138,1.85,25
1719461688441,1.85,25
1719461689192,1.85,500
1719461689545,1.85,25
1719461690052,1.85,25
1719461690757,1.85,25
1719461690757,1.85,25
1719461692000,1.9,75
1719461692038,1.85,25
1719461692455,1.85,25
1719461693142,1.85,25
1719461693512,1.9,25
1719461694340,1.85,25
1719461694648,1.85,25
1719461694707,1.9,50
1719461695821,1.9,350
1719461695821,1.9,350
1719461696810,1.85,25
1719461696845,1.85,200
1719461697772,1.9,100
1719461698071,1.9,25
1719461698818,1.85,25
1719461699125,1.95,75
1719461699818,1.9,25
1719461700427,1.9,25
1719461700637,1.9,25
1719461700994,1.9,50
1719461701850,1.9,125
1719461702015,1.9,125
1719461702793,1.85,25
1719461703002,1.9,75
1719461703672,1.85,125
1719461703900,1.9,25
1719461704739,1.9,50
1719461705028,1.85,550
1719461706011,1.9,75
1719461706253,1.85,125
1719461706368,1.85,25
1719461707440,1.85,200
1719461707816,1.9,25
1719461708739,1.95,50
1719461709063,1.9,50
1719461709817,1.9,50
1719461709929,1.9,700
1719461710623,1.9,25
1719461711235,1.9,25
1719461711978,1.85,50
1719461711978,1.85,50
1719461712417,1.85,25
1719461713445,1.85,25
1719461713831,1.85,350
1719461714065,1.9,25
1719461714981,1.85,25
1719461715814,1.85,25
1719461715814,1.85,25
1719461716713,1.85,25
1719461717251,1.9,50
1719461717705,1.9,100
1719461718436,1.85,25
1719461718436,1.85,25
1719461719440,1.85,25
1719461719682,1.85,250
1719461719682,1.85,250
1719461720792,1.85,50
1719461721634,1.85,25
1719461722169,1.85,900
1719461722716,1.8,250
1719461722862,1.85,100
1719461723708,1.85,250
1719461723708,1.85,250
1719461724831,1.8,25
1719461725304,1.85,25
1719461725774,1.8,50
1719461726180,1.8,25
1719461726692,1.85,100
1719461726791,1.8,25
1719461727600,1.85,50
1719461727997,1.85,100
1719461728640,1.8,50
1719461744268,1.7,50
1719461744570,1.7,25
1719461745476,1.7,150
1719461745929,1.7,1000
1719461746275,1.75,25
1719461746824,1.7,125
1719461747536,1.7,375
1719461747907,1.7,25
1719461748804,1.7,425
1719461748804,1.7,425
1719461749739,1.7,500
1719461749936,1.65,25
1719461750800,1.7,125
1719461751092,1.65,25
1719461752126,1.7,200
1719461768338,1.7,200
1719461768762,1.65,300
1719461768762,1.65,300
1719461769855,1.65,25
1719461770101,1.65,500
1719461771018,1.7,200
1719461771018,1.7,200
1719461771788,1.65,25
1719461772087,1.7,25
1719461772854,1.7,25
1719461773366,1.7,25
1719461774000,1.65,25
1719461774273,1.7,25
1719461774778,1.65,25
1719461775365,1.7,150
1719461775849,1.65,250
1719461776274,1.65,25
1719461777067,1.7,1300
1719461777300,1.7,250
1719461777792,1.65,25
1719461778560,1.65,575
1719461778787,1.65,25
1719461793076,1.65,25
1719461793412,1.65,25
1719461793823,1.65,250
1719461793942,1.65,25
1719461794796,1.65,50
1719461795129,1.65,25
1719461796053,1.65,25
1719461796070,1.7,125
1719461796531,1.65,600
1719461797118,1.7,100
1719461797720,1.7,375
1719461798061,1.65,25
1719461799003,1.7,75
1719461799370,1.65,675
1719461799791,1.7,200
1719461800375,1.7,650
1719461800804,1.65,1375
1719461801396,1.65,250
1719461801843,1.65,675
1719461802251,1.65,200
1719461802785,1.65,25
1719461802953,1.6,100
1719461803851,1.6,25
1719461804005,1.6,250
1719461804859,1.6,600
1719461804978,1.6,25
1719461805871,1.6,25
1719461806114,1.6,25
1719461806847,1.6,75
1719461807162,1.6,25
1719461807731,1.65,250
1719461808053,1.6,25
1719461808525,1.6,25
1719461808960,1.6,25
1719461810063,1.65,100
1719461810285,1.6,25
1719461810858,1.6,25
1719461811582,1.65,150
1719461811873,1.6,150
1719461812389,1.6,25
1719461818072,1.65,25
1719461818072,1.65,25
1719461818725,1.65,50
1719461819420,1.65,25
1719461819882,1.65,200
1719461820084,1.65,25
1719461820402,1.7,900
1719461820884,1.65,575
1719461821395,1.7,50
1719461821720,1.65,25
1719461822420,1.65,75
1719461823091,1.65,25
1719461823580,1.65,25
1719461823829,1.65,25
1719461823829,1.65,25
1719461824872,1.65,200
1719461825016,1.65,50
1719461825536,1.7,200
1719461826162,1.65,25
1719461827010,1.65,25
1719461827332,1.65,200
1719461827813,1.65,25
1719461828388,1.65,225
1719461828844,1.65,700
1719461829255,1.65,650
1719461829255,1.65,650
1719461830646,1.65,775
1719461830769,1.65,775
1719461831029,1.65,25
1719461832059,1.65,25
1719461832219,1.7,1225
1719461832851,1.65,75
1719461833193,1.65,125
1719461833612,1.65,25
1719461834400,1.65,25
1719461834979,1.65,350
1719461835510,1.6,625
1719461835696,1.6,25
1719461836600,1.65,25
1719461836600,1.65,25
1719461836600,1.65,25
1719461837841,1.65,550
1719461838450,1.65,1050
1719461838887,1.65,75
1719461839411,1.6,100
1719461839603,1.65,150
1719461840409,1.65,1675
1719461840409,1.65,1675
1719461841294,1.7,25
1719461842100,1.7,25
1719461860202,1.65,25
1719461861800,1.7,25
1719461862208,1.65,25
1719461862735,1.7,25
1719461863001,1.7,25
1719461863852,1.65,25
1719461864271,1.65,100
1719461864668,1.7,25
1719461865097,1.7,25
1719461872627,1.7,375
1719461873464,1.7,50
1719461873734,1.65,25
1719461874605,1.7,150
1719461875119,1.7,150
1719461875809,1.65,175
1719461876325,1.7,25
1719461876746,1.7,50
1719461877304,1.65,200
1719461877993,1.7,25
1719461878479,1.65,25
1719461878568,1.7,50
1719461879261,1.65,25
1719461879479,1.65,75
1719461880092,1.65,100
1719461880507,1.65,50
1719461880707,1.7,200
1719461881518,1.65,250
1719461882121,1.7,50
1719461882713,1.7,300
1719461882907,1.7,50
1719461882946,1.65,1400
1719461883800,1.7,25
1719461884100,1.7,250
1719461884900,1.7,25
1719461885282,1.65,25
1719461885625,1.7,625
1719461886278,1.7,250
1719461886652,1.65,25
1719461887276,1.65,25
1719461887484,1.7,25
1719461888300,1.7,25
1719461888692,1.65,25
1719461889319,1.65,1200
1719461889918,1.65,1125
1719461890504,1.65,250
1719461890884,1.65,25
1719461891488,1.65,25
1719461892122,1.7,25
1719461892669,1.65,250
1719461892800,1.7,25
1719461893900,1.7,25
1719461894131,1.65,150
1719461894928,1.65,100
1719461895065,1.7,225
1719461895732,1.7,425
1719461896307,1.65,25
1719461897086,1.7,100
1719461897479,1.7,25
1719461897724,1.65,75
1719461898389,1.7,650
1719461898781,1.7,575
1719461899500,1.7,25
1719461899500,1.7,25
1719461900372,1.7,50
1719461900919,1.65,25
1719461901317,1.65,50
1719461901913,1.7,125
1719461902526,1.7,125
1719461903094,1.65,200
1719461903586,1.65,1000
1719461903836,1.7,25
1719461904884,1.7,525
1719461905153,1.65,1700
1719461905869,1.7,25
1719461906206,1.7,25
1719461906894,1.65,1025
1719461907199,1.7,50
1719461908060,1.7,50
1719461908497,1.7,1375
1719461908700,1.7,25
1719461909521,1.7,25
1719461909841,1.65,25
1719461909841,1.65,25
1719461910635,1.65,50
1719461911535,1.7,25
1719461911935,1.75,100
1719461912756,1.7,100
1719461912756,1.7,100
1719461913711,1.7,25
1719461914046,1.75,875
1719461914293,1.7,25
1719461914910,1.75,50
1719461915360,1.7,25
1719461915729,1.75,750
1719461916267,1.7,300
1719461916900,1.75,25
1719461917397,1.75,375
1719461917661,1.7,25
1719461918423,1.7,200
1719461918767,1.75,700
1719461919358,1.7,25
1719461920040,1.7,450
1719461920730,1.7,750
1719461920961,1.75,25
1719461921778,1.7,50
1719461922175,1.75,25
1719461922886,1.7,75
1719461922886,1.7,75
1719461923921,1.7,150
1719461924274,1.7,100
1719461924738,1.7,575
1719461925714,1.7,25
1719461925912,1.75,200
1719461926850,1.7,25
1719461926850,1.7,25
1719461927840,1.7,100
1719461927961,1.75,50
1719461928741,1.7,25
1719461928741,1.7,25
1719461929942,1.7,225
1719461930443,1.7,25
1719461930935,1.75,375
1719461931462,1.7,25
1719461932143,1.75,25
1719461932766,1.7,1050
1719461932931,1.75,25
1719461933198,1.75,25
1719461933955,1.7,25
1719461934200,1.75,25
1719461934952,1.75,200
1719461935300,1.75,25
1719461935772,1.7,25
1719461936608,1.75,25
1719461936888,1.75,25
1719461937812,1.75,25
1719461937926,1.75,300
1719461938815,1.75,25
1719461939017,1.75,250
1719461939900,1.75,25
1719461939900,1.75,25
1719461941001,1.75,25
1719461941904,1.7,200
1719461942300,1.75,25
1719461942890,1.7,25
1719461943400,1.75,25
1719461943847,1.7,25
1719461944375,1.75,750
1719461944827,1.7,25
1719461945275,1.75,525
1719461945870,1.7,1450
1719461946369,1.7,50
1719461946955,1.75,25
1719461947418,1.7,25
1719461947861,1.7,25
1719461948622,1.75,50
1719461948900,1.75,25
1719461949805,1.75,250
1719461949953,1.7,25
1719461950100,1.75,25
1719461950863,1.7,25
1719461951426,1.7,25
1719461951955,1.7,600
1719461952093,1.7,50
1719461952876,1.65,25
1719461953428,1.65,25
1719461953933,1.7,50
1719461954400,1.7,25
1719461955127,1.65,25
1719461955421,1.65,1000
1719461955898,1.65,25
1719461956819,1.7,25
1719461956920,1.65,25
1719461957907,1.65,25
1719461958265,1.7,50
1719461958958,1.7,75
1719461958958,1.7,75
1719461959953,1.65,25
1719461960202,1.6,50
1719461961061,1.65,75
1719461961629,1.6,500
1719461961956,1.65,25
1719461962548,1.65,150
1719461962984,1.65,25
1719461963933,1.6,200
1719461964413,1.65,100
1719461965139,1.6,1675
1719461965324,1.6,25
1719461965969,1.65,25
1719461966278,1.65,25
1719461966896,1.65,25
1719461967280,1.65,25
1719461967965,1.65,375
1719461968478,1.65,25
1719461968827,1.65,25
1719461969674,1.65,25
1719461969884,1.65,25
1719461970604,1.6,25
1719461971174,1.6,25
1719461972155,1.6,700
1719461972155,1.6,700
1719461972957,1.6,50
1719461973431,1.65,375
1719461973971,1.6,75
1719461974383,1.65,900
1719461974964,1.65,50
1719461975418,1.65,25
1719461975778,1.6,775
1719461976244,1.6,650
1719461976841,1.6,600
1719461977972,1.6,50
1719461978055,1.6,50
1719461978933,1.65,400
1719461979013,1.65,250
1719461979922,1.6,50
1719461980429,1.6,50
1719461980975,1.65,25
1719461981636,1.6,50
1719461981824,1.6,25
1719461982516,1.6,50
1719461982949,1.6,50
1719461983758,1.55,300
1719461983758,1.55,300
1719461983758,1.55,300
1719461984859,1.6,500
1719461985176,1.55,125
1719461985979,1.6,1300
1719461985979,1.6,1300
1719461986869,1.55,200
1719461987351,1.6,100
1719461988183,1.6,125
1719461988599,1.55,25
1719461988881,1.55,25
1719461989422,1.55,950
1719461989911,1.55,225
1719461990649,1.6,1500
1719461990783,1.55,100
1719461991600,1.6,25
1719461991600,1.6,25
1719461992958,1.6,400
1719461993164,1.55,100
1719461993900,1.6,25
1719461993900,1.6,25
1719461994959,1.6,1575
1719461995229,1.55,25
1719461995814,1.55,250
1719461996524,1.55,125
1719461996900,1.6,25
1719461997660,1.55,25
1719461998117,1.55,500
1719461998615,1.55,25
1719461998615,1.55,25
1719461999700,1.6,25
1719462000078,1.6,75
1719462000636,1.6,50
1719462001369,1.55,1000
1719462001836,1.55,25
1719462002681,1.6,25
1719462003086,1.55,50
1719462003853,1.55,500
1719462004526,1.55,25
1719462004526,1.55,25
1719462005064,1.55,50
1719462005945,1.6,100
1719462006497,1.55,50
1719462007208,1.55,75
1719462007634,1.55,50
1719462008006,1.6,200
1719462008633,1.5,50
1719462008968,1.55,25
1719462009729,1.5,25
1719462010003,1.55,200
1719462010718,1.5,50
1719462011187,1.5,50
1719462011685,1.55,25
1719462011985,1.55,1100
1719462012652,1.55,25
1719462012994,1.55,25
1719462013717,1.5,50
1719462014132,1.5,25
1719462014686,1.5,75
1719462014916,1.5,50
1719462015954,1.5,50
1719462016957,1.5,50
1719462017918,1.55,50
1719462018148,1.5,50
1719462018949,1.5,100
1719462019299,1.5,200
1719462019988,1.5,50
1719462020290,1.5,50
1719462020922,1.5,50
1719462021683,1.5,50
1719462022185,1.5,50
1719462022708,1.5,50
1719462022923,1.5,50
1719462023749,1.55,1550
1719462023957,1.5,50
1719462024935,1.5,450
1719462025101,1.55,25
1719462025981,1.5,50
1719462026506,1.5,50
1719462027175,1.5,50
1719462027465,1.5,50
1719462027980,1.5,50
1719462028737,1.5,50
1719462029004,1.55,150
1719462029738,1.55,200
1719462030041,1.5,50
1719462030710,1.5,50
1719462030988,1.5,50
1719462031895,1.5,50
1719462032204,1.5,50
1719462032924,1.55,1425
1719462032953,1.5,25
1719462033140,1.5,1600
1719462034138,1.5,50
1719462034987,1.5,50
1719462035336,1.5,50
1719462035961,1.5,50
1719462036515,1.5,50
1719462036979,1.5,100
1719462037544,1.5,50
1719462037983,1.5,50
1719462038535,1.5,75
1719462039211,1.5,50
1719462039567,1.5,50
1719462040000,1.5,25
1719462040724,1.5,50
1719462041006,1.5,50
1719462041726,1.5,50
1719462042001,1.5,50
1719462042944,1.5,50
1719462042988,1.5,50
1719462043183,1.5,50
1719462044295,1.5,75
1719462045008,1.5,50
1719462045543,1.5,50
1719462046545,1.5,50
1719462047011,1.5,50
1719462047740,1.5,50
1719462047945,1.5,50
1719462048700,1.5,500
1719462049010,1.5,50
1719462049739,1.5,50
1719462050004,1.5,50
1719462050764,1.5,50
1719462051007,1.5,50
1719462051970,1.5,50
1719462052006,1.5,50
1719462052950,1.5,50
1719462053185,1.5,50
1719462053983,1.5,25
1719462054553,1.5,50
1719462054970,1.5,50
1719462055563,1.5,50
1719462055982,1.5,50
1719462056566,1.5,50
1719462057011,1.55,25
1719462057769,1.5,50
1719462057992,1.55,25
1719462058731,1.5,50
1719462059017,1.55,25
1719462060082,1.5,50
1719462060935,1.55,50
1719462061000,1.5,25
1719462061133,1.5,50
1719462062218,1.5,50
1719462062572,1.5,50
1719462062970,1.5,50
1719462063369,1.5,50
1719462063974,1.55,575
1719462064494,1.5,25
1719462064895,1.5,75
1719462065410,1.55,250
1719462065948,1.5,50
1719462066698,1.55,75
1719462066796,1.55,25
1719462067453,1.55,25
1719462067796,1.55,25
1719462068987,1.55,300
1719462069942,1.55,75
1719462070171,1.5,50
1719462070639,1.55,25
1719462071045,1.55,1325
1719462071996,1.55,250
1719462072197,1.5,750
1719462072732,1.55,250
1719462073442,1.55,25
1719462074006,1.5,75
1719462074773,1.5,175
1719462075128,1.55,475
1719462075926,1.5,100
1719462075926,1.5,100
1719462076828,1.5,50
1719462077376,1.55,125
1719462078024,1.55,25
1719462078222,1.5,500
1719462078995,1.55,300
1719462079565,1.5,75
1719462080002,1.5,75
1719462080566,1.5,100
1719462081000,1.5,50
1719462081432,1.55,250
1719462082000,1.5,50
1719462082801,1.55,25
1719462083000,1.55,25
1719462083865,1.6,25
1719462084209,1.55,25
1719462084714,1.55,25
1719462084963,1.55,25
1719462086000,1.5,25
1719462086000,1.5,25
1719462087000,1.5,50
1719462087213,1.5,50
1719462087752,1.55,50
1719462088750,1.5,300
1719462089039,1.5,1000
1719462090089,1.5,225
1719462090214,1.55,200
1719462090366,1.55,1000
1719462091003,1.5,25
1719462091338,1.55,125
1719462091837,1.5,150
1719462092428,1.5,150
1719462092959,1.5,875
1719462093429,1.55,25
1719462093951,1.55,800
1719462094782,1.5,100
1719462094896,1.55,25
1719462095475,1.55,50
1719462095756,1.55,1775
1719462096670,1.5,25
1719462096921,1.5,25
1719462097669,1.55,250
1719462097669,1.55,250
1719462098196,1.55,75
1719462098977,1.55,1525
1719462098977,1.55,1525
1719462100013,1.55,600
1719462100013,1.55,600
1719462100964,1.55,1000
1719462101198,1.55,25
1719462101974,1.5,850
1719462101974,1.5,850
1719462103217,1.55,25
1719462103341,1.55,150
1719462103847,1.5,325
1719462104629,1.55,1000
1719462105005,1.5,25
1719462105561,1.5,25
1719462106791,1.55,25
1719462107649,1.55,25
1719462107649,1.55,25
1719462108530,1.5,250
1719462108530,1.5,250
1719462109539,1.5,600
1719462109539,1.5,600
1719462110286,1.5,250
1719462111298,1.55,25
1719462112046,1.55,25
1719462112284,1.55,25
1719462112836,1.55,150
1719462113548,1.55,50
1719462113918,1.55,75
1719462114758,1.55,25
1719462114758,1.55,25
1719462115584,1.55,25
1719462115584,1.55,25
1719462117010,1.55,250
1719462117102,1.5,1475
1719462117995,1.55,500
1719462117995,1.55,500
1719462118688,1.55,25
1719462119465,1.55,75
1719462120017,1.6,75
1719462120403,1.6,1325
1719462120878,1.55,500
1719462121680,1.6,50
1719462122031,1.55,100
1719462122479,1.55,75
1719462122992,1.6,1000
1719462123570,1.6,525
1719462123822,1.6,25
1719462124618,1.55,50
1719462124966,1.55,25
1719462125854,1.55,650
1719462125854,1.55,650
1719462127008,1.6,200
1719462127008,1.6,200
1719462128000,1.55,50
1719462128293,1.55,25
1719462128848,1.6,25
1719462129325,1.6,125
1719462129855,1.55,25
1719462130487,1.55,100
1719462131031,1.6,100
1719462131427,1.6,25
1719462131427,1.6,25
1719462132818,1.55,25
1719462132818,1.55,25
1719462133509,1.6,1100
1719462133955,1.6,25
1719462134875,1.55,750
1719462135165,1.55,25
1719462136001,1.55,1675
1719462136225,1.55,25
1719462137032,1.55,1450
1719462137476,1.55,450
1719462138021,1.55,125
1719462138021,1.55,125
1719462138965,1.6,25
1719462139552,1.55,25
1719462140047,1.55,25
1719462140869,1.6,225
1719462140944,1.6,350
1719462141314,1.6,150
1719462141903,1.55,50
1719462142449,1.6,500
1719462143039,1.6,25
1719462143513,1.55,50
1719462143734,1.6,125
1719462144194,1.6,900
1719462144793,1.6,200
1719462145740,1.6,350
1719462145933,1.55,1100
1719462146293,1.55,75
1719462147041,1.55,25
1719462147449,1.6,50
1719462147980,1.6,25
1719462148723,1.55,75
1719462149039,1.6,25
1719462149591,1.6,625
1719462150018,1.55,75
1719462150573,1.55,75
1719462151041,1.6,50
1719462151701,1.55,75
1719462152060,1.6,250
1719462152156,1.6,25
1719462152855,1.6,150
1719462153704,1.6,500
1719462153704,1.6,500
1719462154320,1.6,75
1719462154985,1.6,25
1719462155306,1.55,100
1719462156011,1.55,25
1719462156011,1.55,25
1719462157007,1.55,100
1719462157509,1.6,1175
1719462158055,1.6,25
1719462158263,1.6,150
1719462158989,1.6,50
1719462159649,1.55,25
1719462160020,1.55,25
1719462160405,1.6,250
1719462161087,1.6,50
1719462162082,1.6,50
1719462162082,1.6,50
1719462162082,1.6,50
1719462162538,1.65,100
1719462163261,1.6,725
1719462163761,1.65,50
1719462164282,1.6,50
1719462164985,1.65,25
1719462165666,1.6,25
1719462165666,1.6,25
1719462166284,1.65,50
1719462166284,1.65,50
1719462167918,1.6,650
1719462167918,1.6,650
1719462168521,1.65,25
1719462168521,1.65,25
1719462170141,1.65,25
1719462170141,1.65,25
1719462171037,1.65,50
1719462171177,1.65,500
1719462171831,1.6,25
1719462172915,1.65,100
1719462173096,1.6,350
1719462173830,1.6,25
1719462173830,1.6,25
1719462174776,1.6,25
1719462175025,1.6,25
1719462175557,1.65,25
1719462176368,1.65,750
1719462176864,1.65,100
1719462177145,1.6,25
1719462178133,1.65,125
1719462178485,1.65,25
1719462178770,1.65,250
1719462179254,1.65,25
1719462181079,1.6,25
1719462182099,1.6,25
1719462183086,1.65,1075
1719462183135,1.6,25
1719462183468,1.6,25
1719462184077,1.65,1100
1719462184692,1.65,675
1719462185090,1.65,50
1719462186089,1.65,25
1719462186604,1.65,1475
1719462187095,1.65,25
1719462188162,1.65,500
1719462188244,1.6,25
1719462189065,1.65,100
1719462189449,1.65,150
1719462190064,1.65,500
1719462190964,1.65,325
1719462190995,1.6,25
1719462191641,1.6,75
1719462191641,1.6,75
1719462192934,1.6,25
1719462193103,1.65,225
1719462193947,1.65,50
1719462193947,1.65,50
1719462194976,1.65,75
1719462194990,1.6,150
1719462195965,1.65,25
1719462196381,1.6,25
1719462196807,1.65,425
1719462198000,1.65,25
1719462198990,1.6,25
1719462198990,1.6,25
1719462199724,1.6,25
1719462200082,1.65,1450
1719462200627,1.65,25
1719462201150,1.65,1725
1719462201150,1.65,1725
1719462202073,1.65,25
1719462202572,1.6,25
1719462202873,1.65,25
1719462203641,1.6,75
1719462203641,1.6,75
1719462204686,1.65,1550
1719462204990,1.65,1550
1719462205384,1.65,1550
1719462206102,1.65,25
1719462206522,1.6,50
1719462206904,1.65,450
1719462207958,1.6,50
1719462209223,1.6,50
1719462209237,1.6,25
1719462210077,1.65,25
1719462210077,1.65,25
1719462210790,1.65,75
1719462211680,1.65,25
1719462211971,1.65,250
1719462212718,1.6,25
1719462212904,1.6,100
1719462214031,1.65,25
1719462214482,1.65,150
1719462214482,1.65,150
1719462216103,1.65,125
1719462216374,1.65,325
1719462216848,1.65,100
1719462217373,1.6,100
1719462217526,1.6,25
1719462218392,1.6,125
1719462218959,1.6,25
1719462219521,1.6,50
1719462220114,1.6,50
1719462220796,1.6,50
1719462220796,1.6,50
1719462221505,1.65,300
1719462221880,1.65,25
1719462223000,1.65,25
1719462224000,1.65,50
1719462224000,1.65,50
1719462225214,1.65,250
1719462225214,1.65,250
1719462225738,1.65,250
1719462226420,1.6,225
1719462226420,1.6,225
1719462227550,1.65,25
1719462227550,1.65,25
1719462228711,1.6,25
1719462229092,1.6,75
1719462229541,1.65,25
1719462230116,1.65,25
1719462230312,1.6,25
1719462230312,1.6,25
1719462231958,1.6,50
1719462233003,1.65,50
1719462233097,1.6,50
1719462233835,1.65,25
1719462234068,1.6,125
1719462234346,1.6,100
1719462234346,1.6,100
1719462235991,1.65,100
1719462236089,1.65,250
1719462236089,1.65,250
1719462237217,1.65,825
1719462237862,1.65,125
1719462239011,1.65,200
1719462239125,1.65,50
1719462239125,1.65,50
1719462240008,1.65,100
1719462240553,1.65,25
1719462240948,1.6,700
1719462242029,1.65,150
1719462242093,1.65,75
1719462242848,1.65,25
1719462242848,1.65,25
1719462244098,1.6,1775
1719462244425,1.55,50
1719462245080,1.6,675
1719462245195,1.6,100
1719462245545,1.6,50
1719462246709,1.6,25
1719462247030,1.55,25
1719462247716,1.55,1150
1719462249060,1.6,75
1719462249060,1.6,75
1719462249756,1.55,100
1719462250966,1.6,250
1719462250966,1.6,250
1719462252068,1.6,50
1719462252135,1.6,100
1719462253120,1.6,25
1719462254081,1.6,275
1719462255054,1.6,50
1719462255054,1.6,50
1719462256125,1.6,25
1719462256316,1.6,50
1719462257047,1.55,800
1719462257047,1.55,800
1719462258062,1.6,700
1719462258496,1.6,25
1719462258496,1.6,25
1719462259317,1.6,25
1719462259317,1.6,25
1719462260791,1.55,125
1719462261091,1.6,100
1719462261596,1.55,250
1719462262139,1.6,475
1719462264008,1.55,25
1719462264008,1.55,25
1719462265062,1.6,125
1719462265062,1.6,125
1719462265062,1.6,125
1719462265988,1.55,100
1719462267075,1.55,50
1719462267132,1.55,50
1719462268098,1.55,50
1719462269128,1.55,50
1719462270064,1.55,50
1719462270146,1.55,50
1719462270705,1.55,50
1719462271119,1.55,50
1719462271712,1.55,50
1719462272129,1.5,50
1719462272820,1.5,600
1719462273141,1.5,150
1719462273965,1.55,500
1719462275105,1.5,275
1719462275315,1.5,175
1719462275468,1.5,150
1719462276138,1.55,250
1719462276210,1.55,25
1719462277122,1.55,250
1719462278101,1.5,50
1719462278337,1.5,50
1719462279141,1.5,1250
1719462280152,1.5,50
1719462281130,1.5,50
1719462282144,1.5,50
1719462282301,1.5,50
1719462283118,1.5,50
1719462283290,1.5,50
1719462283521,1.5,50
1719462284140,1.5,50
1719462284509,1.5,50
1719462285151,1.5,50
1719462285706,1.5,50
1719462286149,1.5,50
1719462286902,1.5,50
1719462287128,1.5,50
1719462287916,1.5,25
1719462288160,1.5,50
1719462288936,1.5,50
1719462289152,1.5,50
1719462290128,1.5,50
1719462290358,1.5,50
1719462291122,1.5,50
1719462291329,1.5,50
1719462292143,1.45,25
1719462292518,1.45,50
1719462293133,1.45,50
1719462293475,1.5,50
1719462294243,1.5,50
1719462294753,1.5,25
1719462294753,1.5,25
1719462296032,1.5,50
1719462297017,1.45,125
1719462297888,1.5,25
1719462298152,1.5,25
1719462327712,1.5,50
1719462328098,1.45,25
1719462328903,1.45,1025
1719462329378,1.45,1800
1719462330959,1.45,1700
1719462331152,1.45,550
1719462331954,1.45,1050
1719462332139,1.5,675
1719462333126,1.45,275
1719462333265,1.45,375
1719462333949,1.45,25
1719462335177,1.45,25
1719462336137,1.45,125
1719462336137,1.45,125
1719462336762,1.5,1725
1719462337377,1.45,300
1719462338088,1.5,25
1719462338368,1.5,25
1719462338368,1.5,25
1719462339094,1.45,25
1719462339758,1.45,25
1719462340294,1.45,25
1719462341065,1.5,900
1719462342042,1.45,250
1719462349106,1.45,25
1719462349933,1.45,25
1719462350196,1.45,400
1719462351200,1.5,200
1719462352154,1.5,200
1719462352390,1.45,150
1719462353036,1.5,50
1719462353055,1.5,25
1719462354100,1.45,225
1719462354915,1.45,25
1719462354915,1.45,25
1719462356110,1.45,25
1719462356110,1.45,25
1719462356389,1.45,25
1719462357116,1.45,25
1719462357844,1.5,25
1719462358186,1.45,475
1719462358695,1.45,100
1719462358695,1.45,100
1719462360013,1.45,25
1719462360063,1.45,25
1719462361016,1.5,100
1719462361170,1.5,100
1719462362126,1.45,25
1719462363102,1.45,25
1719462363102,1.45,25
1719462363621,1.45,1375
1719462364160,1.5,750
1719462364960,1.45,50
1719462365125,1.5,100
1719462366044,1.45,50
1719462366175,1.5,500
1719462367191,1.45,50
1719462367385,1.45,50
1719462367773,1.45,625
1719462368362,1.45,175
1719462368634,1.45,25
1719462369164,1.45,25
1719462369820,1.45,50
1719462370379,1.45,25
1719462371053,1.5,25
1719462371164,1.45,250
1719462371921,1.45,25
1719462372157,1.45,25
1719462373189,1.45,50
1719462406051,1.4,500
1719462406252,1.35,25
1719462407050,1.35,100
1719462407050,1.35,100
1719462408169,1.4,25
1719462408169,1.4,25
1719462409166,1.35,25
1719462409755,1.4,25
1719462410382,1.35,1400
1719462411225,1.35,100
1719462411225,1.35,100
1719462411945,1.35,1625
1719462411945,1.35,1625
1719462412838,1.4,50
1719462413239,1.4,50
1719462414218,1.4,25
1719462414218,1.4,25
1719462415227,1.35,25
1719462415510,1.35,200
1719462416262,1.35,25
1719462417515,1.35,25
1719462417901,1.35,25
1719462418238,1.35,25
1719462418891,1.35,100
1719462419317,1.35,125
1719462420123,1.35,75
1719462420238,1.3,25
1719462421236,1.35,150
1719462421707,1.35,150
1719462422233,1.35,125
1719462423299,1.3,25
1719462423375,1.3,300
1719462424232,1.3,50
1719462424302,1.3,25
1719462425419,1.3,25
1719462425515,1.35,400
1719462426235,1.3,1100
1719462426506,1.35,75
1719462426732,1.35,125
1719462427210,1.3,50
1719462427926,1.3,25
1719462428241,1.35,100
1719462429207,1.3,850
1719462430058,1.3,25
1719462430353,1.3,25
1719462431298,1.3,50
1719462432135,1.3,25
1719462432549,1.35,25
1719462432549,1.35,25
1719462433165,1.3,25
1719462433963,1.3,25
1719462434440,1.3,350
1719462435153,1.3,50
1719462436216,1.3,25
1719462436275,1.3,25
1719462437338,1.35,25
1719462437414,1.35,1400
1719462438209,1.3,25
1719462438353,1.3,25
1719462439210,1.3,75
1719462439295,1.3,50
1719462440416,1.3,25
1719462440416,1.3,25
1719462441146,1.3,25
1719462441978,1.3,25
1719462442239,1.3,25
1719462443067,1.35,450
1719462443416,1.3,100
1719462444241,1.3,100
1719462444367,1.3,100
1719462445243,1.3,100
1719462445365,1.35,1000
1719462446182,1.3,625
1719462446323,1.25,375
1719462447443,1.3,50
1719462447762,1.3,25
1719462448210,1.3,75
1719462448920,1.3,25
1719462449185,1.3,1050
1719462449573,1.3,50
1719462450172,1.3,450
1719462450888,1.3,25
1719462451227,1.35,750
1719462452167,1.3,25
1719462452167,1.3,25
1719462453267,1.3,325
1719462453267,1.3,325
1719462454238,1.35,25
1719462454238,1.35,25
1719462455225,1.3,1275
1719462456735,1.35,550
1719462457196,1.35,50
1719462457825,1.3,50
1719462458303,1.35,50
1719462459110,1.3,25
1719462459110,1.3,25
1719462460057,1.3,25
1719462461157,1.35,50
1719462461362,1.3,100
1719462462261,1.3,25
1719462462393,1.3,100
1719462463253,1.3,25
1719462463527,1.3,250
1719462464243,1.3,1225
1719462464442,1.35,1000
1719462465206,1.35,175
1719462465600,1.3,25
1719462466260,1.3,25
1719462466816,1.3,1550
1719462467384,1.25,25
1719462467805,1.25,50
1719462468240,1.3,200
1719462469019,1.3,25
1719462469243,1.3,25
1719462470187,1.3,150
1719462470312,1.3,300
1719462471255,1.3,75
1719462472239,1.3,25
1719462472561,1.3,75
1719462473438,1.3,250
1719462473996,1.3,25
1719462474259,1.35,25
1719462475230,1.3,50
1719462476473,1.35,1475
1719462477252,1.35,75
1719462477815,1.3,50
1719462478409,1.3,200
1719462479209,1.35,25
1719462480105,1.3,25
1719462480226,1.35,100
1719462480271,1.35,100
1719462481427,1.35,200
1719462481469,1.3,1475
1719462482272,1.3,25
1719462482441,1.3,75
1719462483243,1.3,200
1719462483609,1.35,75
1719462486253,1.3,25
1719462487036,1.3,25
1719462487258,1.3,25
1719462488213,1.35,125
1719462488435,1.3,25
1719462489244,1.35,450
1719462489266,1.3,100
1719462490221,1.25,25
1719462490418,1.3,700
1719462491472,1.25,25
1719462492211,1.3,25
1719462492425,1.25,250
1719462493250,1.3,250
1719462493647,1.3,25
1719462494456,1.3,25
1719462494600,1.3,25
1719462494793,1.3,50
1719462495280,1.3,25
1719462496062,1.3,25
1719462496240,1.3,25
1719462497025,1.3,50
1719462497228,1.3,75
1719462498257,1.3,25
1719462498405,1.3,75
1719462499290,1.25,450
1719462500473,1.3,25
1719462500663,1.3,25
1719462501264,1.3,25
1719462501643,1.3,50
1719462502273,1.3,175
1719462502838,1.25,25
1719462503262,1.25,25
1719462504074,1.3,25
1719462504438,1.3,25
1719462505266,1.3,275
1719462506450,1.3,50
1719462509660,1.35,75
1719462510465,1.3,50
1719462510576,1.35,250
1719462511262,1.35,25
1719462511657,1.35,75
1719462511863,1.35,75
1719462512296,1.3,25
1719462513210,1.3,25
1719462514234,1.3,500
1719462514454,1.35,200
1719462515269,1.3,25
1719462515350,1.35,75
1719462516297,1.35,50
1719462516625,1.3,100
1719462517484,1.3,1350
1719462517690,1.3,1275
1719462518088,1.35,150
1719462519274,1.3,100
1719462520407,1.3,725
1719462521299,1.35,1200
1719462521468,1.35,100
1719462522287,1.35,25
1719462522660,1.3,25
1719462522812,1.3,225
1719462523135,1.35,100
1719462524294,1.3,50
1719462524487,1.35,25
1719462525254,1.3,100
1719462526203,1.35,150
1719462526669,1.3,50
1719462527300,1.35,25
1719462527681,1.35,50
1719462527829,1.35,25
1719462528285,1.35,25
1719462534889,1.35,375
1719462535287,1.35,100
1719462535930,1.35,50
1719462536268,1.35,100
1719462545242,1.3,175
1719462545941,1.35,150
1719462546480,1.3,25
1719462546882,1.3,75
1719462547312,1.35,500
1719462548001,1.4,25
1719462548304,1.4,875
1719462549139,1.4,25
1719462549424,1.4,25
1719462550262,1.4,150
1719462550531,1.4,25
1719462551300,1.4,25
1719462551476,1.4,25
1719462552525,1.4,25
1719462560268,1.4,25
1719462561342,1.4,25
1719462561488,1.4,750
1719462562230,1.4,25
1719462562535,1.4,25
1719462563308,1.4,150
1719462563717,1.4,25
1719462564339,1.35,50
1719462564739,1.35,25
1719462564861,1.4,25
1719462565500,1.4,25
1719462566076,1.4,25
1719462566313,1.35,25
1719462567166,1.4,25
1719462567292,1.35,1525
1719462568302,1.35,200
1719462569517,1.4,25
1719462569532,1.4,100
1719462575300,1.35,25
1719462575541,1.35,25
1719462576243,1.35,25
1719462576704,1.35,400
1719462576917,1.35,25
1719462577504,1.3,125
1719462601703,1.35,50
1719462603212,1.3,50
1719462603347,1.25,300
1719462604369,1.3,25
1719462604520,1.3,25
1719462605314,1.3,100
1719462605369,1.3,25
1719462606324,1.25,525
1719462606484,1.3,25
1719462607547,1.3,1275
1719462608264,1.3,50
1719462608579,1.3,25
1719462609333,1.25,125
1719462609802,1.3,100
1719462610002,1.3,200
1719462610507,1.3,25
1719462611310,1.3,25
1719462612291,1.3,125
1719462612424,1.25,175
1719462613414,1.25,25
1719462613533,1.3,25
1719462614338,1.3,25
1719462615266,1.3,25
1719462615823,1.3,25
1719462616313,1.3,25
1719462616838,1.3,25
1719462617253,1.25,400
1719462617833,1.3,25
1719462618463,1.3,25
1719462618996,1.3,25
1719462619300,1.3,25
1719462620356,1.3,25
1719462621311,1.25,25
1719462621438,1.3,25
1719462622437,1.3,25
1719462622562,1.3,475
1719462623462,1.3,25
1719462624336,1.3,350
1719462624444,1.3,375
1719462625363,1.3,200
1719462625610,1.3,100
1719462625860,1.3,50
1719462626310,1.3,350
1719462627034,1.3,25
1719462627481,1.3,25
1719462628245,1.3,675
1719462628310,1.3,350
1719462629275,1.3,25
1719462629420,1.3,75
1719462630101,1.3,25
1719462630358,1.3,25
1719462630632,1.3,25
1719462631275,1.3,25
1719462631827,1.3,25
1719462632284,1.3,25
1719462632841,1.3,75
1719462633047,1.35,50
1719462633529,1.3,25
1719462634200,1.35,25
1719462634350,1.25,950
1719462635246,1.35,100
1719462635333,1.3,25
1719462636231,1.3,25
1719462636500,1.35,25
1719462637281,1.35,1725
1719462637344,1.3,200
1719462638119,1.3,25
1719462639368,1.3,25
1719462639582,1.35,250
1719462640436,1.3,50
1719462640840,1.3,25
1719462641304,1.3,725
1719462641536,1.3,25
1719462642345,1.35,25
1719462642871,1.3,50
1719462643029,1.3,50
1719462643520,1.3,75
1719462644080,1.3,350
1719462644363,1.3,375
1719462645072,1.35,25
1719462645283,1.35,200
1719462646537,1.3,25
1719462646679,1.3,25
1719462647376,1.25,1650
1719462647656,1.3,25
1719462648325,1.3,25
1719462648633,1.3,25
1719462649533,1.3,25
1719462649687,1.3,25
1719462650360,1.3,25
1719462650700,1.3,25
1719462651392,1.3,25
1719462651900,1.3,400
1719462652278,1.3,25
1719462652323,1.3,200
1719462653471,1.3,25
1719462657403,1.3,100
1719462657689,1.25,25
1719462658286,1.3,25
1719462658587,1.3,25
1719462659495,1.3,25
1719462659910,1.25,200
1719462660369,1.3,25
1719462661121,1.3,25
1719462661574,1.3,125
1719462662318,1.25,25
1719462662356,1.3,25
1719462663367,1.25,125
1719462663488,1.3,100
1719462664574,1.3,25
1719462664694,1.3,800
1719462665474,1.3,50
1719462666528,1.3,25
1719462666673,1.3,100
1719462667375,1.3,25
1719462667884,1.25,1375
1719462668531,1.3,25
1719462668858,1.3,25
1719462669370,1.3,25
1719462669882,1.25,50
1719462670358,1.25,25
1719462671103,1.3,25
1719462671309,1.3,100
1719462672060,1.3,25
1719462672497,1.3,25
1719462673322,1.3,25
1719462674383,1.3,25
1719462674498,1.3,25
1719462675322,1.3,25
1719462675868,1.3,25
1719462676058,1.3,25
1719462676556,1.3,25
1719462677340,1.3,50
1719462677414,1.3,25
1719462678395,1.3,200
1719462678531,1.3,50
1719462679505,1.3,25
1719462679724,1.3,25
1719462680392,1.3,25
1719462680911,1.3,25
1719462681349,1.3,25
1719462681928,1.25,1500
1719462682344,1.25,25
1719462683581,1.3,25
1719462684306,1.3,25
1719462684732,1.25,150
1719462685537,1.25,25
1719462686397,1.3,25
1719462686736,1.3,25
1719462687397,1.3,25
1719462687743,1.3,25
1719462688378,1.3,25
1719462689134,1.3,25
1719462689570,1.3,25
1719462690321,1.3,25
1719462691385,1.3,900
1719462691465,1.3,25
1719462692371,1.3,25
1719462692754,1.3,25
1719462693565,1.3,25
1719462693754,1.3,25
1719462694138,1.3,25
1719462694356,1.3,25
1719462695148,1.3,25
1719462695356,1.3,25
1719462696365,1.3,1600
1719462697538,1.3,25
1719462702745,1.3,25
1719462703400,1.3,25
1719462704600,1.3,25
1719462705406,1.3,25
1719462705760,1.3,550
1719462735636,1.3,25
1719462736518,1.25,25
1719462736790,1.25,25
1719462737380,1.25,1425
1719462738001,1.3,25
1719462738389,1.3,500
1719462738985,1.3,25
1719462739228,1.3,25
1719462739406,1.3,25
1719462740611,1.3,25
1719462741394,1.25,100
1719462741792,1.25,25
1719462742608,1.3,1025
1719462742754,1.25,75
1719462745392,1.3,25
1719462745993,1.25,25
1719462746208,1.3,100
1719462746615,1.3,25
1719462747419,1.25,25
1719462747568,1.3,25
1719462748405,1.25,25
1719462748594,1.25,125
1719462749431,1.25,50
1719462749623,1.25,250
1719462750609,1.25,100
1719462750834,1.25,250
1719462751406,1.3,25
1719462751835,1.3,25
1719462752441,1.3,25
1719462753001,1.3,25
1719462753160,1.3,25
1719462753601,1.3,25
1719462754200,1.3,25
1719462754431,1.25,250
1719462755400,1.3,25
1719462755645,1.3,25
1719462756629,1.3,25
1719462756819,1.3,25
1719462757331,1.3,25
1719462757969,1.3,25
1719462758422,1.3,25
1719462758964,1.25,125
1719462759209,1.25,125
1719462759575,1.25,75
1719462760053,1.3,25
1719462760402,1.3,25
1719462767409,1.25,25
1719462768052,1.25,25
1719462768269,1.25,25
1719462768410,1.25,25
1719462769456,1.25,25
1719462769625,1.3,25
1719462770410,1.25,25
1719462770660,1.25,25
1719462771433,1.3,25
1719462771843,1.25,25
1719462772626,1.25,100
1719462773202,1.25,100
1719462773420,1.3,25
1719462774264,1.25,25
1719462774401,1.25,25
1719462775414,1.3,200
1719462775584,1.3,25
1719462776408,1.3,1425
1719462776640,1.25,125
1719462777383,1.3,25
1719462777819,1.3,25
1719462778625,1.3,25
1719462778869,1.3,25
1719462779457,1.25,1000
1719462779872,1.3,25
1719462780432,1.25,25
1719462780871,1.3,100
1719462781431,1.3,125
1719462782054,1.3,25
1719462782454,1.3,25
1719462783683,1.3,25
1719462784446,1.35,225
1719462784611,1.3,200
1719462785449,1.3,100
1719462786058,1.35,25
1719462786628,1.35,25
1719462787070,1.35,25
1719462787381,1.35,25
1719462788033,1.35,100
1719462788460,1.35,250
1719462789095,1.35,25
1719462789200,1.35,25
1719462789625,1.35,50
1719462790450,1.3,250
1719462791459,1.3,50
1719462791685,1.3,25
1719462792632,1.3,75
1719462792901,1.25,25
1719462793442,1.3,25
1719462793870,1.3,25
1719462794441,1.25,125
1719462795122,1.3,25
1719462795496,1.25,50
1719462795607,1.3,25
1719462796428,1.3,25
1719462796685,1.3,25
1719462797431,1.3,25
1719462797675,1.25,1150
1719462798594,1.3,25
1719462798854,1.3,25
1719462799382,1.3,25
1719462799658,1.3,25
1719462800452,1.3,25
1719462800841,1.3,25
1719462801594,1.3,25
1719462802114,1.25,450
1719462802438,1.3,25
1719462803410,1.3,25
1719462803410,1.3,25
1719462804515,1.3,200
1719462804639,1.25,1150
1719462805444,1.3,25
1719462805662,1.3,25
1719462806413,1.3,1500
1719462807111,1.3,1150
1719462807611,1.3,1725
1719462808315,1.3,500
1719462808444,1.3,25
1719462809315,1.3,475
1719462809652,1.3,25
1719462810477,1.3,25
1719462810713,1.3,925
1719462811400,1.3,25
1719462811900,1.3,25
1719462812664,1.3,25
1719462812925,1.3,25
1719462813400,1.3,25
1719462814111,1.3,25
1719462814626,1.3,25
1719462815100,1.3,25
1719462815338,1.25,25
1719462815465,1.25,25
1719462816342,1.25,25
1719462816435,1.3,250
1719462817722,1.3,25
1719462818460,1.3,25
1719462818681,1.3,25
1719462819414,1.3,25
1719462820080,1.3,25
1719462820616,1.25,150
1719462821124,1.3,25
1719462821314,1.25,500
1719462821477,1.3,25
1719462822534,1.3,25
1719462823434,1.25,1025
1719462823674,1.3,25
1719462824462,1.3,25
1719462824931,1.3,25
1719462825662,1.3,25
1719462826138,1.3,25
1719462826489,1.25,25
1719462827148,1.3,25
1719462827667,1.3,25
1719462828125,1.3,25
1719462828504,1.3,25
1719462829401,1.3,25
1719462829691,1.3,25
1719462830401,1.3,25
1719462830758,1.25,975
1719462831460,1.3,50
1719462831933,1.3,25
1719462832607,1.3,25
1719462833110,1.3,25
1719462833479,1.3,25
1719462834133,1.3,25
1719462834356,1.25,25
1719462834452,1.25,50
1719462835323,1.3,25
1719462835674,1.25,25
1719462836407,1.25,25
1719462836563,1.3,25
1719462837663,1.25,75
1719462837761,1.25,175
1719462838360,1.25,350
1719462838645,1.25,25
1719462839450,1.25,350
1719462840100,1.25,250
1719462840642,1.3,600
1719462840956,1.25,1300
1719462841447,1.25,400
1719462841767,1.3,125
1719462842480,1.25,225
1719462842564,1.3,125
1719462843690,1.25,350
1719462843950,1.25,325
1719462844456,1.3,25
1719462844768,1.3,1200
1719462845289,1.3,25
1719462845948,1.3,25
1719462846487,1.3,25
1719462846910,1.25,350
1719462847620,1.25,350
1719462848186,1.3,50
1719462848380,1.3,325
1719462849466,1.3,25
1719462849487,1.3,25
1719462850419,1.3,25
1719462850622,1.3,1575
1719462851737,1.3,25
1719462852506,1.3,75
1719462852997,1.3,100
1719462853410,1.3,350
1719462853910,1.3,350
1719462854493,1.3,50
1719462854990,1.3,350
1719462855451,1.35,25
1719462856199,1.3,25
1719462856572,1.3,50
1719462857137,1.3,50
1719462857307,1.3,25
1719462858189,1.25,50
1719462858481,1.3,175
1719462859479,1.35,800
1719462859610,1.3,125
1719462860610,1.3,350
1719462861010,1.3,75
1719462861420,1.3,350
1719462862198,1.3,25
1719462862604,1.35,75
1719462863199,1.25,50
1719462863463,1.25,100
1719462864145,1.25,25
1719462864478,1.25,25
1719462864590,1.25,25
1719462865649,1.25,250
1719462865705,1.25,250
1719462866500,1.25,25
1719462866804,1.25,25
1719462867400,1.3,25
1719462867496,1.3,25
1719462868508,1.25,200
1719462869001,1.25,25
1719462869662,1.25,150
1719462869818,1.25,25
1719462870271,1.25,25
1719462870999,1.25,200
1719462871408,1.3,25
1719462872201,1.25,25
1719462872410,1.25,25
1719462872703,1.25,550
1719462873476,1.25,25
1719462873577,1.25,25
1719462874480,1.25,25
1719462874609,1.25,25
1719462875690,1.3,50
1719462875690,1.3,50
1719462876428,1.3,600
1719462876926,1.3,100
1719462877311,1.3,25
1719462878001,1.3,75
1719462878335,1.3,25
1719462879159,1.3,25
1719462879159,1.3,25
1719462880200,1.3,25
1719462880362,1.25,525
1719462881153,1.3,250
1719462881456,1.3,1200
1719462882399,1.3,700
1719462882600,1.3,25
1719462883349,1.25,200
1719462883800,1.3,25
1719462884663,1.25,25
1719462885031,1.25,225
1719462885476,1.25,50
1719462886401,1.25,1250
1719462886476,1.3,25
1719462887518,1.25,450
1719462887786,1.3,175
1719462888479,1.3,25
1719462888854,1.3,25
1719462889698,1.25,1400
1719462889812,1.3,25
1719462890469,1.3,25
1719462890955,1.25,50
1719462891477,1.3,50
1719462892217,1.3,50
1719462892565,1.3,875
1719462893050,1.3,350
1719462893516,1.3,25
1719462894012,1.3,25
1719462894447,1.35,125
1719462895190,1.35,25
1719462895368,1.35,25
1719462895631,1.35,25
1719462896143,1.35,25
1719462897492,1.35,25
1719462897723,1.3,25
1719462898439,1.35,25
1719462898858,1.35,25
1719462899680,1.3,350
1719462900005,1.35,125
1719462900861,1.35,250
1719462901484,1.35,25
1719462902053,1.3,25
1719462902498,1.35,125
1719462903059,1.3,825
1719462903720,1.3,350
1719462904262,1.3,25
1719462904507,1.3,925
1719462905455,1.35,25
1719462905718,1.3,100
1719462906310,1.35,25
1719462907025,1.3,25
1719462907721,1.35,100
1719462908060,1.35,50
1719462908497,1.35,25
1719462909166,1.3,25
1719462909482,1.35,25
1719462910242,1.35,600
1719462910636,1.3,1375
1719462911490,1.3,50
1719462911647,1.3,950
1719462912388,1.35,1075
1719462912664,1.3,25
1719462913725,1.35,100
1719462913778,1.35,200
1719462914446,1.3,25
1719462914829,1.35,25
1719462915412,1.3,25
1719462916043,1.35,25
1719462916690,1.35,25
1719462917074,1.35,25
1719462917432,1.35,75
1719462918181,1.35,50
1719462918468,1.3,325
1719462919375,1.35,425
1719462919807,1.3,50
1719462920657,1.3,375
1719462921057,1.3,200
1719462921461,1.3,25
1719462922267,1.3,75
1719462922523,1.3,50
1719462923246,1.3,25
1719462923660,1.3,25
1719462924258,1.3,25
1719462924480,1.3,350
1719462925525,1.3,150
1719462925820,1.3,1250
1719462926541,1.25,200
1719462926697,1.25,75
1719462927414,1.3,25
1719462928078,1.3,25
1719462928461,1.25,50
1719462928624,1.25,100
1719462929501,1.25,100
1719462930004,1.3,25
1719462930673,1.3,25
1719462931100,1.3,50
1719462931526,1.3,50
1719462932309,1.3,25
1719462932711,1.3,50
1719462933515,1.3,150
1719462933775,1.3,25
1719462934474,1.3,125
1719462934815,1.35,25
1719462935539,1.35,75
1719462935899,1.35,25
1719462936742,1.35,25
1719462937093,1.3,725
1719462937710,1.3,150
1719462938442,1.3,500
1719462939650,1.25,500
1719462939650,1.25,500
1719462940536,1.25,25
1719462941005,1.25,25
1719462941534,1.25,25
1719462942070,1.3,25
1719462942679,1.3,125
1719462943115,1.3,25
1719462943508,1.25,350
1719462944308,1.25,100
1719462944430,1.3,25
1719462944915,1.3,75
1719462945701,1.3,25
1719462946086,1.3,350
1719462946172,1.3,25
1719462947088,1.35,25
1719462947550,1.3,350
1719462948326,1.35,25
1719462948557,1.35,25
1719462949263,1.3,75
1719462949731,1.35,25
1719462950538,1.3,25
1719462951491,1.3,1075
1719462951665,1.25,25
1719462952582,1.3,50
1719462952819,1.35,25
1719462953515,1.35,50
1719462954120,1.35,200
1719462954549,1.35,25
1719462954934,1.35,100
1719462955550,1.3,25
1719462956121,1.3,25
1719462956542,1.3,25
1719462957535,1.3,25
1719462957742,1.3,25
1719462958553,1.3,25
1719462958742,1.35,25
1719462959464,1.35,25
1719462959712,1.35,25
1719462960561,1.3,25
1719462960730,1.3,325
1719462961648,1.35,125
1719462961917,1.35,125
1719462962545,1.35,25
1719462962879,1.35,600
1719462963557,1.3,1100
1719462964149,1.3,900
1719462964728,1.3,25
1719462965296,1.3,25
1719462965497,1.3,50
1719462966508,1.35,25
1719462966937,1.35,25
1719462967574,1.3,50
1719462968562,1.3,250
1719462968949,1.35,900
1719462969471,1.35,25
1719462970092,1.35,25
1719462970506,1.35,25
1719462971134,1.35,25
1719462971505,1.35,25
1719462972159,1.35,25
1719462972614,1.35,25
1719462973334,1.35,25
1719462973554,1.35,50
1719462974542,1.35,725
1719462974742,1.35,50
1719462975700,1.3,25
1719462975945,1.35,25
1719462976502,1.35,100
1719462977156,1.35,50
1719462977562,1.3,125
1719462978149,1.35,25
1719462978562,1.3,25
1719462979310,1.35,500
1719462979512,1.35,25
1719462980242,1.35,200
1719462980482,1.35,25
1719462981741,1.35,1175
1719462982562,1.3,25
1719462982772,1.35,25
1719462983561,1.35,25
1719462983699,1.35,25
1719462984565,1.3,25
1719462984954,1.3,50
1719462985576,1.3,50
1719462985946,1.35,200
1719462986746,1.35,100
1719462987126,1.3,25
1719462987547,1.3,50
1719462988144,1.35,25
1719462988491,1.35,25
1719462989155,1.35,125
1719462989624,1.35,125
1719462990167,1.35,150
1719462990433,1.35,1575
1719462991102,1.35,150
1719462991560,1.3,250
1719462991946,1.35,125
1719462992526,1.35,100
1719462993037,1.3,375
1719462993689,1.35,100
1719462994121,1.35,425
1719462994544,1.35,25
1719462995164,1.35,1400
1719462995503,1.35,25
1719462996150,1.35,25
1719462996661,1.35,25
1719462997372,1.35,100
1719462997527,1.3,50
1719462997648,1.3,1550
1719462998546,1.35,25
1719462998885,1.3,50
1719462999550,1.35,75
1719463000084,1.35,300
1719463000553,1.3,1675
1719463000924,1.35,100
1719463001641,1.35,100
1719463014720,1.25,25
1719463015568,1.3,75
1719463016017,1.25,25
1719463016590,1.3,175
1719463017011,1.3,125
1719463017580,1.3,25
1719463018156,1.3,25
1719463018786,1.25,125
1719463019209,1.3,125
1719463019437,1.3,450
1719463020000,1.3,25
1719463020000,1.3,25
1719463020581,1.25,100
1719463021143,1.3,50
1719463021484,1.3,125
1719463022187,1.3,1150
1719463022749,1.3,225
1719463023423,1.3,25
1719463023500,1.3,25
1719463024296,1.3,25
1719463024296,1.3,25
1719463025525,1.3,500
1719463026560,1.3,25
1719463027023,1.3,100
1719463027527,1.25,50
1719463027900,1.3,25
1719463028332,1.3,125
1719463029193,1.3,725
1719463029752,1.3,1625
1719463030300,1.3,25
1719463030300,1.3,25
1719463031417,1.25,25
1719463031475,1.25,525
1719463032435,1.3,25
1719463032600,1.3,25
1719463033226,1.3,975
1719463033778,1.25,300
1719463034439,1.3,1000
1719463034521,1.3,25
1719463034806,1.3,200
1719463035568,1.3,225
1719463036052,1.3,250
1719463036662,1.3,25
1719463036662,1.3,25
1719463037483,1.35,400
1719463038233,1.3,25
1719463038540,1.3,25
1719463039063,1.35,775
1719463039581,1.3,100
1719463040040,1.3,100
1719463040491,1.3,25
1719463040976,1.3,100
1719463041536,1.3,25
1719463042390,1.3,300
1719463042534,1.35,725
1719463042612,1.35,725
1719463043789,1.35,50
1719463044481,1.35,375
1719463044786,1.35,475
1719463045466,1.3,25
1719463045732,1.3,150
1719463046407,1.25,1300
1719463046813,1.3,25
1719463047553,1.3,450
1719463048068,1.25,50
1719463048597,1.3,250
1719463049166,1.3,75
1719463049527,1.3,100
1719463049900,1.3,25
1719463050590,1.3,100
1719463051014,1.3,50
1719463051386,1.25,700
1719463051386,1.25,700
1719463052812,1.3,25
1719463052998,1.25,25
1719463053411,1.3,100
1719463054225,1.3,50
1719463054595,1.3,25
1719463055252,1.3,100
1719463055600,1.3,25
1719463056047,1.3,150
1719463056105,1.3,50
1719463056700,1.35,25
1719463057586,1.3,275
1719463057926,1.35,400
1719463058820,1.35,400
1719463059269,1.35,625
1719463059601,1.35,25
1719463060238,1.3,50
1719463060591,1.25,225
1719463061272,1.3,25
1719463061545,1.3,125
1719463062389,1.35,325
1719463062813,1.35,150
1719463063072,1.3,750
1719463063369,1.35,125
1719463064282,1.3,650
1719463064400,1.35,25
1719463065464,1.3,25
1719463065617,1.3,250
1719463065854,1.3,25
1719463066607,1.3,25
1719463066851,1.3,25
1719463067805,1.3,25
1719463068023,1.35,950
1719463068606,1.3,25
1719463068900,1.35,25
1719463069429,1.35,500
1719463070056,1.35,300
1719463070111,1.3,75
1719463071200,1.35,25
1719463071420,1.35,25
1719463072475,1.3,25
1719463072538,1.35,575
1719463073491,1.3,125
1719463073574,1.3,50
1719463073905,1.35,100
1719463074600,1.35,25
1719463074895,1.3,125
1719463075560,1.3,25
1719463076161,1.3,25
1719463076618,1.3,300
1719463077264,1.3,25
1719463077747,1.3,25
1719463078330,1.3,500
1719463078330,1.3,500
1719463078747,1.3,25
1719463079566,1.3,125
1719463080071,1.3,150
1719463080567,1.3,625
1719463081060,1.35,25
1719463081636,1.3,625
1719463082269,1.3,250
1719463082792,1.35,75
1719463083180,1.3,425
1719463083584,1.3,100
1719463084330,1.3,525
1719463084577,1.3,25
1719463085282,1.25,25
1719463085480,1.25,25
1719463086481,1.3,25
1719463086512,1.25,100
1719463086902,1.25,100
1719463087575,1.3,775
1719463087993,1.3,575
1719463088608,1.3,75
1719463089286,1.3,25
1719463089600,1.3,25
1719463090327,1.3,500
1719463090481,1.25,300
1719463091406,1.3,500
1719463091646,1.3,25
1719463092738,1.3,25
1719463093001,1.3,25
1719463093621,1.3,75
1719463094051,1.3,25
1719463094484,1.3,300
1719463095300,1.3,25
1719463095454,1.25,75
1719463096500,1.3,25
1719463096573,1.3,25
1719463097571,1.3,25
1719463098517,1.3,25
1719463098805,1.3,25
1719463099594,1.3,25
1719463099884,1.3,350
1719463100635,1.3,25
1719463101102,1.25,1375
1719463101573,1.3,25
1719463102094,1.3,25
1719463102600,1.3,25
1719463103294,1.3,25
1719463103638,1.3,25
1719463104357,1.25,25
1719463104610,1.25,350
1719463105457,1.3,25
1719463105660,1.25,25
1719463106480,1.25,100
1719463106480,1.25,100
1719463107769,1.3,225
1719463108640,1.3,850
1719463108765,1.3,25
1719463109630,1.3,25
1719463109649,1.25,1500
1719463110589,1.3,500
1719463110914,1.25,125
1719463111623,1.3,25
1719463112042,1.25,125
1719463112624,1.25,100
1719463113339,1.3,50
1719463113634,1.3,125
1719463114377,1.3,600
1719463114634,1.25,100
1719463115359,1.3,150
1719463115359,1.3,150
1719463116308,1.25,125
1719463116419,1.3,25
1719463117530,1.25,50
1719463117530,1.25,50
1719463118600,1.3,25
1719463118600,1.3,25
1719463119523,1.3,200
1719463119769,1.3,400
1719463120850,1.3,25
1719463121111,1.25,25
1719463121509,1.25,525
1719463122312,1.25,250
1719463122644,1.25,125
1719463123348,1.25,125
1719463123686,1.3,25
1719463124171,1.3,100
1719463124400,1.3,25
1719463125351,1.3,275
1719463125600,1.3,25
1719463126050,1.25,125
1719463126628,1.25,1400
1719463127133,1.25,25
1719463127511,1.3,25
1719463128121,1.3,25
1719463128567,1.25,50
1719463129354,1.25,125
1719463129559,1.25,150
1719463130425,1.3,25
1719463130864,1.3,25
1719463131634,1.3,75
1719463132600,1.3,25
1719463132730,1.3,100
1719463133545,1.3,25
1719463134162,1.3,25
1719463134565,1.25,1100
1719463135173,1.25,50
1719463135337,1.3,700
1719463136054,1.25,125
1719463136456,1.25,1625
1719463137429,1.25,100
1719463138577,1.25,1175
1719463138577,1.25,1175
1719463139752,1.3,1025
1719463139752,1.3,1025
1719463140504,1.25,125
1719463141176,1.3,125
1719463141606,1.3,125
1719463142253,1.3,125
1719463142253,1.3,125
1719463143638,1.3,250
1719463144254,1.25,100
1719463144804,1.25,100
1719463145663,1.3,150
1719463146201,1.25,100
1719463146642,1.25,25
1719463147147,1.25,100
1719463147646,1.25,100
1719463148405,1.25,100
1719463148600,1.3,25
1719463149586,1.25,100
1719463150350,1.25,100
1719463150604,1.25,100
1719463151364,1.25,100
1719463151613,1.25,100
1719463152630,1.25,100
1719463153593,1.25,100
1719463153765,1.25,100
1719463154624,1.25,100
1719463154988,1.25,25
1719463155684,1.3,350
1719463155684,1.3,350
1719463156621,1.25,1400
1719463156965,1.3,775
1719463157510,1.25,50
1719463158131,1.25,25
1719463158616,1.3,250
1719463159209,1.25,25
1719463159661,1.3,25
1719463160177,1.25,25
1719463160545,1.25,50
1719463161618,1.3,375
1719463162376,1.25,125
1719463162600,1.3,25
1719463163386,1.25,125
1719463163616,1.25,125
1719463164392,1.25,125
1719463164620,1.25,75
1719463165602,1.25,600
1719463165602,1.25,600
1719463166616,1.25,50
1719463167100,1.3,25
1719463167572,1.25,25
1719463168432,1.3,250
1719463168534,1.3,1000
1719463169392,1.25,75
1719463169651,1.25,50
1719463170600,1.3,25
1719463171288,1.25,625
1719463171667,1.25,100
1719463172592,1.3,75
1719463172592,1.3,75
1719463173333,1.3,50
1719463174656,1.3,400
1719463174924,1.3,1075
1719463175318,1.3,175
1719463176002,1.25,100
1719463176616,1.25,100
1719463176857,1.25,100
1719463177625,1.25,100
1719463178412,1.25,100
1719463178643,1.25,100
1719463179663,1.25,100
1719463180788,1.3,50
1719463181207,1.3,500
1719463181545,1.25,475
1719463182460,1.25,25
1719463182581,1.25,25
1719463183443,1.25,200
1719463183608,1.25,200
1719463184404,1.3,100
1719463184601,1.3,375
1719463185113,1.25,525
1719463185600,1.3,25
1719463186213,1.3,925
1719463186800,1.3,25
1719463187862,1.25,50
1719463188056,1.25,50
1719463188506,1.25,100
1719463189240,1.25,25
1719463189240,1.25,25
1719463190247,1.3,1025
1719463190672,1.3,500
1719463191500,1.3,25
1719463192638,1.3,50
1719463193478,1.3,525
1719463194501,1.25,150
1719463194841,1.25,350
1719463195100,1.3,25
1719463196059,1.3,325
1719463196590,1.25,50
1719463196965,1.25,50
1719463197408,1.25,25
1719463197408,1.25,25
1719463198500,1.3,25
1719463199192,1.25,50
1719463199192,1.25,50
1719463200701,1.3,125
1719463201566,1.3,500
1719463201794,1.25,50
1719463202570,1.25,100
1719463202570,1.25,100
1719463203664,1.25,450
1719463204095,1.3,450
1719463204703,1.25,150
1719463205130,1.3,175
1719463205550,1.3,375
1719463206424,1.25,25
1719463206600,1.3,25
1719463207391,1.25,325
1719463207700,1.3,25
1719463207913,1.3,200
1719463208527,1.3,500
1719463209413,1.25,800
1719463209693,1.3,25
1719463210296,1.25,25
1719463210711,1.25,25
1719463211462,1.25,25
1719463211888,1.25,500
1719463212693,1.25,600
1719463212693,1.25,600
1719463212869,1.3,250
1719463213689,1.25,50
1719463213732,1.25,400
1719463214654,1.25,25
1719463215173,1.25,100
1719463215654,1.25,25
1719463216115,1.3,1175
1719463216115,1.3,1175
1719463217470,1.25,350
1719463217630,1.25,350
1719463218136,1.25,100
1719463218905,1.25,125
1719463219581,1.3,1200
1719463219818,1.25,300
1719463220621,1.3,275
1719463220793,1.3,25
1719463221654,1.3,625
1719463222109,1.3,1325
1719463222624,1.3,125
1719463223162,1.25,25
1719463223600,1.3,25
1719463224007,1.3,25
1719463224700,1.3,25
1719463225547,1.3,1125
1719463225800,1.3,25
1719463226509,1.3,525
1719463226509,1.3,525
1719463227418,1.3,500
1719463227598,1.25,450
1719463228479,1.3,25
1719463228858,1.25,525
1719463229068,1.3,750
1719463229625,1.25,50
1719463230318,1.25,1350
1719463230559,1.25,200
1719463231477,1.3,25
1719463231477,1.3,25
1719463232632,1.25,25
1719463233466,1.3,1125
1719463233466,1.3,1125
1719463233900,1.3,25
1719463234529,1.25,575
1719463235305,1.25,25
1719463235727,1.25,250
1719463236432,1.25,500
1719463236674,1.3,750
1719463237534,1.25,50
1719463237580,1.25,1150
1719463238732,1.25,25
1719463238927,1.3,25
1719463239900,1.3,525
1719463240139,1.25,25
1719463240600,1.3,25
1719463241311,1.25,25
1719463241716,1.25,25
1719463242208,1.25,25
1719463242610,1.25,50
1719463243462,1.25,25
1719463243597,1.25,25
1719463244585,1.25,500
1719463245763,1.25,50
1719463246104,1.2,100
1719463246104,1.2,100
1719463247742,1.25,25
1719463247947,1.25,25
1719463248691,1.25,25
1719463248949,1.25,25
1719463249916,1.25,25
1719463250341,1.25,25
1719463250716,1.25,25
1719463251755,1.25,25
1719463252616,1.25,25
1719463252772,1.25,25
1719463253766,1.2,25
1719463254560,1.2,25
1719463254560,1.2,25
1719463255774,1.25,1000
1719463255774,1.25,1000
1719463256692,1.25,25
1719463257103,1.25,200
1719463257602,1.2,25
1719463258555,1.25,75
1719463258737,1.25,550
1719463259364,1.25,25
1719463259700,1.25,25
1719463260100,1.25,150
1719463260223,1.2,25
1719463260700,1.25,250
1719463261283,1.25,125
1719463261728,1.25,50
1719463262681,1.25,25
1719463262681,1.25,25
1719463262980,1.25,300
1719463263726,1.25,25
1719463263782,1.25,25
1719463264729,1.25,25
1719463264899,1.25,25
1719463265732,1.25,25
1719463265927,1.25,25
1719463266565,1.25,25
1719463267550,1.25,225
1719463267700,1.25,25
1719463268204,1.25,300
1719463268716,1.25,25
1719463269266,1.25,25
1719463269266,1.25,25
1719463270581,1.2,125
1719463270886,1.2,25
1719463271699,1.25,25
1719463272314,1.25,250
1719463272314,1.25,250
1719463273500,1.25,25
1719463273500,1.25,25
1719463274420,1.25,25
1719463274721,1.2,950
1719463275487,1.25,25
1719463275680,1.25,825
1719463276719,1.2,1475
1719463276777,1.2,25
1719463276973,1.25,50
1719463277937,1.25,25
1719463277959,1.2,200
1719463278630,1.25,25
1719463279357,1.25,25
1719463279684,1.2,1450
1719463280362,1.2,25
1719463280734,1.2,25
1719463281600,1.25,25
1719463281665,1.2,475
1719463282659,1.25,50
1719463283150,1.25,50
1719463283150,1.25,50
1719463284144,1.2,100
1719463284144,1.2,100
1719463285572,1.25,25
1719463285736,1.25,25
1719463286723,1.2,100
1719463286816,1.2,25
1719463287180,1.2,50
1719463287628,1.2,300
1719463287788,1.25,275
1719463288739,1.2,100
1719463289390,1.2,25
1719463289600,1.25,25
1719463290587,1.25,25
1719463290751,1.25,25
1719463291600,1.25,25
1719463291700,1.25,25
1719463292600,1.25,25
1719463292748,1.2,25
1719463293600,1.25,25
1719463293700,1.25,25
1719463294001,1.25,25
1719463294900,1.2,75
1719463295200,1.25,25
1719463295700,1.25,25
1719463296400,1.25,25
1719463296700,1.25,25
1719463297400,1.25,25
1719463297600,1.25,25
1719463298594,1.2,25
1719463298594,1.2,25
1719463299546,1.25,100
1719463299546,1.25,100
1719463300370,1.2,300
1719463300370,1.2,300
1719463301553,1.25,1200
1719463301677,1.25,1200
1719463302844,1.25,125
1719463303013,1.2,150
1719463303749,1.25,500
1719463304204,1.25,25
1719463304715,1.25,125
1719463305326,1.2,450
1719463305761,1.2,175
1719463306271,1.25,25
1719463306511,1.2,25
1719463308464,1.2,100
1719463308706,1.2,100
1719463309629,1.25,25
1719463309715,1.25,175
1719463310755,1.25,450
1719463310788,1.2,500
1719463311700,1.25,25
1719463311876,1.25,875
1719463312741,1.25,775
1719463313053,1.2,100
1719463313601,1.2,200
1719463314498,1.25,25
1719463314498,1.25,25
1719463315235,1.25,900
1719463315530,1.25,25
1719463316562,1.25,25
1719463317941,1.2,100
1719463318626,1.25,25
1719463318626,1.25,25
1719463319733,1.2,75
1719463319779,1.25,25
1719463320004,1.25,150
1719463329632,1.25,825
1719463329632,1.25,825
1719463330503,1.25,400
1719463330503,1.25,400
1719463331670,1.2,625
1719463358600,1.25,25
1719463358933,1.25,25
1719463359800,1.25,25
1719463360291,1.25,900
1719463360444,1.2,200
1719463361518,1.2,25
1719463361518,1.2,25
1719463362433,1.25,100
1719463362651,1.25,25
1719463363499,1.2,25
1719463363756,1.2,100
1719463364711,1.25,25
1719463364881,1.25,100
1719463365728,1.25,25
1719463365728,1.25,25
1719463366800,1.25,25
1719463366800,1.25,25
1719463367478,1.25,25
1719463367756,1.25,25
1719463368741,1.2,25
1719463369480,1.2,75
1719463369929,1.25,25
1719463370487,1.2,25
1719463370487,1.2,25
1719463371640,1.2,150
1719463371640,1.2,150
1719463372789,1.2,250
1719463373687,1.2,150
1719463373800,1.25,25
1719463373800,1.25,25
1719463374787,1.25,225
1719463379412,1.25,500
1719463379773,1.2,25
1719463380671,1.25,25
1719463381700,1.2,100
1719463381803,1.2,150
1719463382816,1.25,25
1719463382918,1.2,25
1719463383743,1.2,50
1719463383856,1.25,400
1719463384500,1.25,25
1719463384500,1.25,25
1719463385700,1.25,25
1719463385825,1.2,50
1719463386323,1.25,50
1719463386682,1.2,1750
1719463387741,1.25,25
1719463388579,1.2,25
1719463389679,1.25,100
1719463390600,1.25,125
1719463390600,1.25,125
1719463391090,1.2,125
1719463391729,1.2,125
1719463392090,1.2,500
1719463392797,1.2,450
1719463393455,1.2,100
1719463393865,1.25,100
1719463394569,1.2,25
1719463394800,1.25,25
1719463395398,1.2,1450
1719463396629,1.2,875
1719463396629,1.2,875
1719463397166,1.25,50
1719463397427,1.2,800
1719463398200,1.25,25
1719463398739,1.2,525
1719463399135,1.25,50
1719463399700,1.25,25
1719463400329,1.25,75
1719463400800,1.25,25
1719463401547,1.2,600
1719463401600,1.25,25
1719463402776,1.25,400
1719463402776,1.25,400
1719463403740,1.25,975
1719463403900,1.25,25
1719463404199,1.2,525
1719463404736,1.25,25
1719463405033,1.25,500
1719463405759,1.2,125
1719463406421,1.25,75
1719463406738,1.25,1000
1719463407300,1.25,25
1719463407300,1.25,25
1719463408796,1.2,1725
1719463409793,1.25,1200
1719463409793,1.25,1200
1719463410800,1.25,25
1719463410950,1.2,475
1719463411444,1.25,250
1719463411900,1.25,25
1719463412400,1.25,25
1719463412766,1.25,950
1719463413813,1.2,25
1719463414815,1.2,175
1719463415347,1.25,600
1719463415347,1.25,600
1719463416807,1.2,175
1719463417600,1.25,25
1719463418780,1.25,50
1719463419044,1.25,25
1719463419800,1.25,25
1719463420034,1.2,50
1719463420600,1.25,25
1719463421505,1.2,1550
1719463421780,1.25,125
1719463422587,1.25,375
1719463422770,1.25,175
1719463423833,1.25,100
1719463424837,1.25,825
1719463424837,1.25,825
1719463425821,1.25,1750
1719463425821,1.25,1750
1719463426681,1.25,1575
1719463427016,1.2,1800
1719463427946,1.2,1800
1719463428218,1.2,1800
1719463428827,1.25,125
1719463429845,1.2,25
1719463430039,1.25,1575
1719463430836,1.25,125
1719463431026,1.25,50
1719463431830,1.25,100
1719463431998,1.25,100
1719463432423,1.25,200
1719463432795,1.25,100
1719463433445,1.3,450
1719463433752,1.3,150
1719463434524,1.25,75
1719463434820,1.3,450
1719463435600,1.3,25
1719463436789,1.3,50
1719463438035,1.25,150
1719463438831,1.25,75
1719463439175,1.25,175
1719463439805,1.25,25
1719463440406,1.25,375
1719463440831,1.25,250
1719463441659,1.25,400
1719463441795,1.25,150
1719463442802,1.2,50
1719463443044,1.25,200
1719463443813,1.2,25
1719463443813,1.2,25
1719463444300,1.25,25
1719463445661,1.25,600
1719463465300,1.2,25
1719463466095,1.2,50
1719463466267,1.25,25
1719463466400,1.2,25
1719463467500,1.2,1000
1719463467655,1.2,25
1719463468449,1.2,50
1719463468829,1.2,825
1719463469500,1.25,25
1719463469833,1.2,25
1719463470823,1.25,25
1719463471879,1.25,550
1719463471879,1.25,550
1719463472657,1.25,300
1719463472810,1.2,375
1719463473822,1.2,1600
1719463474702,1.15,1000
1719463475108,1.2,125
1719463475108,1.2,125
1719463475754,1.2,25
1719463476501,1.15,1000
1719463476800,1.15,25
1719463477470,1.15,275
1719463477555,1.15,1000
1719463478711,1.2,750
1719463478785,1.2,100
1719463479821,1.2,25
1719463479821,1.2,25
1719463480763,1.15,25
1719463480900,1.2,25
1719463481619,1.15,300
1719463482100,1.2,25
1719463482276,1.2,75
1719463482745,1.2,75
1719463483700,1.15,25
1719463483828,1.15,50
1719463484720,1.2,75
1719463484910,1.2,75
1719463485734,1.15,100
1719463486808,1.15,125
1719463486905,1.15,125
1719463487851,1.15,700
1719463488828,1.15,25
1719463488946,1.15,400
1719463489313,1.2,325
1719463489703,1.2,75
1719463490100,1.2,25
1719463490733,1.15,25
1719463491600,1.15,25
1719463491800,1.2,75
1719463492700,1.15,25
1719463492700,1.15,25
1719463493500,1.2,25
1719463495056,1.2,300
1719463495056,1.2,300
1719463495824,1.15,1500
1719463496232,1.2,550
1719463496865,1.2,500
1719463497507,1.15,200
1719463497669,1.15,75
1719463498146,1.15,250
1719463498763,1.15,350
1719463499380,1.2,1650
1719463499380,1.2,1650
1719463500087,1.15,25
1719463500736,1.2,25
1719463501059,1.2,75
1719463501873,1.2,25
1719463501935,1.2,25
1719463502918,1.2,25
1719463503932,1.2,25
1719463504753,1.15,25
1719463505155,1.2,100
1719463505860,1.15,50
1719463506173,1.15,50
1719463506887,1.15,1500
1719463507027,1.15,25
1719463507887,1.2,25
1719463507946,1.15,25
1719463508864,1.15,1325
1719463509067,1.15,25
1719463509713,1.15,75
1719463509786,1.15,25
1719463510700,1.2,25
1719463510954,1.15,25
1719463511851,1.15,25
1719463511900,1.2,25
1719463512801,1.15,25
1719463513802,1.15,25
1719463514065,1.15,100
1719463514340,1.15,25
1719463514804,1.15,500
1719463515756,1.15,25
1719463516001,1.2,150
1719463516792,1.15,350
1719463517743,1.15,25
1719463517743,1.15,25
1719463518749,1.2,25
1719463518793,1.2,25
1719463519840,1.2,25
1719463519969,1.2,75
1719463520813,1.2,75
1719463520930,1.2,25
1719463521822,1.2,75
1719463521937,1.2,25
1719463522210,1.2,25
1719463522848,1.2,100
1719463523365,1.2,25
1719463523846,1.15,50
1719463524240,1.15,25
1719463524824,1.15,125
1719463525761,1.15,400
1719463525900,1.2,25
1719463526742,1.15,625
1719463526742,1.15,625
1719463527887,1.15,725
1719463528148,1.2,50
1719463528871,1.15,25
1719463528924,1.15,25
1719463529720,1.15,25
1719463530151,1.2,250
1719463530500,1.2,25
1719463530753,1.15,200
1719463531601,1.15,100
1719463531889,1.15,100
1719463532876,1.2,25
1719463533900,1.2,25
1719463534818,1.15,1500
1719463534818,1.15,1500
1719463535823,1.2,1150
1719463535823,1.2,1150
1719463536829,1.15,75
1719463537023,1.15,25
1719463537636,1.15,125
1719463538828,1.15,300
1719463538994,1.15,475
1719463539424,1.15,525
1719463539922,1.15,500
1719463540291,1.15,150
1719463540909,1.2,25
1719463541260,1.2,25
1719463541915,1.2,25
1719463542746,1.2,25
1719463542988,1.2,25
1719463543792,1.2,1000
1719463544788,1.2,25
1719463545551,1.2,25
1719463545551,1.2,25
1719463546855,1.15,425
1719463546909,1.15,25
1719463549714,1.15,100
1719463550850,1.15,1100
1719463552077,1.2,25
1719463552866,1.15,125
1719463552993,1.2,25
1719463553900,1.2,25
1719463553984,1.2,25
1719463554887,1.15,25
1719463554887,1.15,25
1719463555855,1.2,25
1719463555855,1.2,25
1719463556917,1.15,175
1719463556917,1.15,175
1719463556917,1.15,175
1719463557609,1.15,25
1719463557609,1.15,25
1719463559367,1.15,100
1719463559736,1.2,150
1719463560361,1.15,75
1719463560874,1.15,25
1719463561833,1.2,125
1719463562725,1.2,350
1719463563752,1.15,200
1719463563945,1.15,50
1719463563945,1.15,50
1719463564757,1.2,25
1719463564757,1.2,25
1719463565624,1.15,400
1719463566056,1.15,50
1719463566885,1.15,875
1719463567888,1.15,50
1719463568772,1.15,1300
1719463569918,1.2,1075
1719463569981,1.2,300
1719463571033,1.2,25
1719463571033,1.2,25
1719463571544,1.15,500
1719463571544,1.15,500
1719463572245,1.15,25
1719463572245,1.15,25
1719463573792,1.15,250
1719463573937,1.15,525
1719463574630,1.15,25
1719463574630,1.15,25
1719463575706,1.2,100
1719463575706,1.2,100
1719463576501,1.15,200
1719463577251,1.15,250
1719463577251,1.15,250
1719463578184,1.15,50
1719463578775,1.15,50
1719463578775,1.15,50
1719463580134,1.15,525
1719463580419,1.15,525
1719463581000,1.15,75
1719463581699,1.15,50
1719463581699,1.15,50
1719463582906,1.2,200
1719463583017,1.2,200
1719463583995,1.2,100
1719463583995,1.2,100
1719463584442,1.15,25
1719463584749,1.15,25
1719463585323,1.2,25
1719463585323,1.2,25
1719463585323,1.2,25
1719463587049,1.2,150
1719463587816,1.2,50
1719463588029,1.2,175
1719463588887,1.2,175
1719463588887,1.2,175
1719463589939,1.2,25
1719463589939,1.2,25
1719463590801,1.2,325
1719463590801,1.2,325
1719463591380,1.2,825
1719463591380,1.2,825
1719463592725,1.15,25
1719463593044,1.2,25
1719463593289,1.15,200
1719463593908,1.2,25
1719463594171,1.15,300
1719463594171,1.15,300
1719463595878,1.2,100
1719463595878,1.2,100
1719463596796,1.15,50
1719463596796,1.15,50
1719463597846,1.15,225
1719463598084,1.15,25
1719463598856,1.15,400
1719463599060,1.2,350
1719463599917,1.2,50
1719463600338,1.15,25
1719463600844,1.2,25
1719463601569,1.15,525
1719463609798,1.15,50
1719463610263,1.15,525
1719463610263,1.15,525
1719463611649,1.15,50
1719463611649,1.15,50
1719463612708,1.15,250
1719463612936,1.2,575
1719463613516,1.15,1275
1719463613902,1.2,625
1719463614851,1.15,250
1719463615800,1.2,650
1719463616635,1.2,525
1719463617760,1.2,50
1719463617760,1.2,50
1719463618895,1.15,525
1719463619020,1.15,525
1719463619020,1.15,525
1719463619645,1.2,250
1719463620436,1.15,900
1719463620873,1.15,250
1719463621541,1.15,25
1719463621907,1.15,25
1719463622731,1.15,25
1719463622934,1.2,25
1719463623766,1.15,25
1719463624766,1.15,25
1719463625062,1.15,75
1719463625945,1.15,50
1719463626069,1.2,400
1719463626688,1.2,200
1719463626688,1.2,200
1719463627789,1.2,225
1719463628631,1.2,25
1719463628631,1.2,25
1719463629452,1.2,125
1719463629452,1.2,125
1719463630943,1.15,175
1719463630943,1.15,175
1719463630943,1.15,175
1719463630943,1.15,175
1719463632580,1.15,25
1719463632580,1.15,25
1719463633898,1.2,25
1719463634782,1.2,150
1719463635863,1.15,100
1719463636095,1.15,75
1719463636976,1.15,900
1719463637853,1.2,450
1719463638000,1.15,250
1719463638000,1.15,250
1719463638710,1.2,300
1719463639258,1.2,25
1719463640490,1.15,25
1719463640490,1.15,25
1719463641782,1.2,25
1719463641945,1.2,25
1719463642360,1.2,25
1719463642927,1.15,1000
1719463643968,1.2,25
1719463644592,1.2,25
1719463644592,1.2,25
1719463645884,1.15,525
1719463646943,1.15,100
1719463646943,1.15,100
1719463647977,1.2,25
1719463669135,1.15,325
1719463669135,1.15,325
1719463669921,1.15,25
1719463670196,1.15,725
1719463670941,1.15,50
1719463671946,1.15,25
1719463671946,1.15,25
1719463672680,1.15,25
1719463672680,1.15,25
1719463673915,1.2,300
1719463674321,1.15,25
1719463674321,1.15,25
1719463674762,1.15,250
1719463675417,1.15,875
1719463675962,1.15,25
1719463676173,1.15,75
1719463676978,1.15,50
1719463688046,1.15,50
1719463688700,1.15,350
1719463754598,1.1,150
1719463754598,1.1,150
1719463755945,1.05,25
1719463756315,1.05,25
1719463760952,1.1,100
1719463761077,1.05,75
1719463762202,1.05,250
1719463762202,1.05,250
1719463762810,1.1,125
1719463763120,1.1,225
1719463764210,1.1,350
1719463764990,1.1,350
1719463765310,1.1,350
1719463766023,1.1,500
1719463766364,1.1,75
1719463766970,1.1,350
1719463767420,1.1,325
1719463767710,1.1,350
1719463767916,1.15,350
1719463769016,1.1,50
1719463769132,1.15,50
1719463769988,1.15,25
1719463770095,1.1,25
1719463771133,1.1,225
1719463776040,1.1,350
1719463776040,1.1,350
1719463777017,1.1,375
1719463777916,1.1,500
1719463778030,1.1,325
1719463779030,1.1,350
1719463779030,1.1,350
1719463780002,1.15,125
1719463780376,1.15,125
1719463780903,1.15,500
1719463780903,1.15,500
1719463781910,1.1,350
1719463782230,1.1,350
1719463782719,1.1,150
1719463782719,1.1,150
1719463783958,1.15,500
1719463784824,1.1,200
1719463785781,1.15,25
1719463785781,1.15,25
1719463786987,1.15,1050
1719463786987,1.15,1050
1719463787778,1.15,250
1719463788110,1.15,25
1719463789002,1.15,25
1719463789158,1.1,75
1719463789971,1.1,1675
1719463790305,1.15,25
1719463790857,1.1,1675
1719463791377,1.1,1675
1719463792054,1.1,100
1719463792361,1.1,100
1719463793014,1.1,100
1719463793372,1.1,200
1719463793752,1.1,25
1719463794023,1.1,525
1719463794973,1.15,475
1719463794973,1.15,475
1719463795968,1.1,350
1719463795968,1.1,350
1719463796885,1.1,375
1719463797474,1.15,150
1719463797474,1.15,150
1719463798741,1.1,1200
1719463799745,1.1,25
1719463800192,1.15,250
1719463800899,1.1,400
1719463801380,1.1,75
1719463802010,1.1,350
1719463803220,1.15,675
1719463803220,1.15,675
1719463803856,1.1,50
1719463804540,1.1,350
1719463804540,1.1,350
1719463805865,1.1,1700
1719463806941,1.15,25
1719463807187,1.1,75
1719463808055,1.1,175
1719463808055,1.1,175
1719463809056,1.1,500
1719463809288,1.1,100
1719463810045,1.1,25
1719463810093,1.15,250
1719463811047,1.1,300
1719463811047,1.1,300
1719463811047,1.1,300
1719463812634,1.1,100
1719463812634,1.1,100
1719463815741,1.15,250
1719463816405,1.15,50
1719463817040,1.1,25
1719463817040,1.1,25
1719463817975,1.1,25
1719463818132,1.15,300
1719463818883,1.1,1000
1719463819588,1.15,400
1719463819789,1.1,100
1719463820365,1.15,200
1719463820770,1.1,350
1719463821394,1.1,225
1719463821842,1.15,100
1719463822268,1.1,25
1719463822268,1.1,25
1719463822268,1.1,25
1719463823996,1.1,750
1719463824856,1.1,75
1719463825120,1.1,75
1719463825573,1.1,200
1719463826198,1.1,500
1719463827042,1.1,125
1719463827089,1.1,600
1719463827988,1.15,50
1719463828353,1.15,200
1719463828353,1.15,200
1719463829446,1.1,275
1719463830046,1.1,1175
1719463830609,1.15,250
1719463831069,1.15,150
1719463831948,1.1,400
1719463832207,1.1,400
1719463832710,1.1,25
1719463833103,1.1,25
1719463834045,1.1,25
1719463834155,1.1,25
1719463834843,1.15,375
1719463834843,1.15,375
1719463835807,1.15,500
1719463835807,1.15,500
1719463836511,1.1,100
1719463836511,1.1,100
1719463837833,1.1,25
1719463838112,1.15,25
1719463839227,1.15,275
1719463839252,1.15,100
1719463839923,1.15,25
1719463840168,1.1,500
1719463840961,1.1,600
1719463841273,1.1,1000
1719463841503,1.1,25
1719463842444,1.1,225
1719463843006,1.15,50
1719463843552,1.15,100
1719463843884,1.1,75
1719463844848,1.15,225
1719463844903,1.1,25
1719463845981,1.15,50
1719463846205,1.15,25
1719463847061,1.15,75
1719463847448,1.15,125
1719463848007,1.15,75
1719463848193,1.2,850
1719463849028,1.15,1375
1719463849264,1.15,25
1719463850081,1.15,25
1719463850232,1.15,1200
1719463851065,1.15,50
1719463851197,1.1,500
1719463852010,1.15,350
1719463852199,1.15,1300
1719463852850,1.2,400
1719463853460,1.15,125
1719463853970,1.15,250
1719463854533,1.15,1000
1719463854673,1.2,1000
1719463854673,1.2,1000
1719463855873,1.2,950
1719463855873,1.2,950
1719463856921,1.15,200
1719463857151,1.15,225
1719463857810,1.15,350
1719463857810,1.15,350
1719463859010,1.15,350
1719463859010,1.15,350
1719463860246,1.15,200
1719463860674,1.15,650
1719463861053,1.2,125
1719463861680,1.15,50
1719463862051,1.15,500
1719463862401,1.15,450
1719463862773,1.2,1000
1719463863476,1.2,500
1719463863476,1.2,500
1719463864141,1.15,25
1719463864886,1.2,425
1719463865267,1.15,25
1719463865267,1.15,25
1719463866223,1.15,25
1719463866888,1.2,400
1719463866888,1.2,400
1719463868011,1.15,575
1719463868250,1.15,25
1719463868920,1.15,1175
1719463869145,1.15,1175
1719463870030,1.15,350
1719463870682,1.15,500
1719463871058,1.2,500
1719463871617,1.15,200
1719463871885,1.15,25
1719463872063,1.2,100
1719463872586,1.2,500
1719463872586,1.2,500
1719463874079,1.15,725
1719463875077,1.1,150
1719463875077,1.1,150
1719463876081,1.15,25
1719463876081,1.15,25
1719463877087,1.15,25
1719463877207,1.15,50
1719463878103,1.1,100
1719463878103,1.1,100
1719463878814,1.1,25
1719463878814,1.1,25
1719463878814,1.1,25
1719463879936,1.1,500
1719463881101,1.1,100
1719463881205,1.1,975
1719463881835,1.15,100
1719463924893,1.15,600
1719463925297,1.1,25
1719463926085,1.1,25
1719463926085,1.1,25
1719463926951,1.1,50
1719463927560,1.1,50
1719463927560,1.1,50
1719463928052,1.15,175
1719463929109,1.1,25
1719463929608,1.1,600
1719463930268,1.1,100
1719463931121,1.1,100
1719463931600,1.1,100
1719463931711,1.15,75
1719463932383,1.1,100
1719463933100,1.15,100
1719463933595,1.15,25
1719463934261,1.15,75
1719463934469,1.1,25
1719463935008,1.15,25
1719463936040,1.1,625
1719463936357,1.15,25
1719463937076,1.1,150
1719463937523,1.15,200
1719463938032,1.15,150
1719463938610,1.15,800
1719463939302,1.15,825
1719463944549,1.15,25
1719463945371,1.15,50
1719463945975,1.1,575
1719463946297,1.15,50
1719463946797,1.15,50
1719463947804,1.15,50
1719463947804,1.15,50
1719463949007,1.15,50
1719463949075,1.15,25
1719463952948,1.15,50
1719463952948,1.15,50
1719463954036,1.1,500
1719463954548,1.1,50
1719463954548,1.1,50
1719463954548,1.1,50
1719463955997,1.15,100
1719463956132,1.1,150
1719463957002,1.1,150
1719463957225,1.1,150
1719463958138,1.15,25
1719463958438,1.1,25
1719463958457,1.15,1200
1719463959200,1.1,150
1719463959819,1.15,25
1719463960300,1.15,300
1719463960710,1.15,25
1719463960710,1.15,25
1719463962082,1.1,100
1719463962082,1.1,100
1719463963068,1.1,50
1719463963286,1.15,500
1719463964026,1.15,50
1719463964343,1.1,50
1719463964343,1.1,50
1719463965273,1.1,600
1719463965273,1.1,600
1719463966997,1.15,500
1719463967364,1.1,175
1719463967937,1.1,175
1719463967937,1.1,175
1719463968938,1.1,175
1719463969409,1.1,175
1719463969910,1.1,50
1719463970359,1.1,175
1719463971137,1.1,75
1719463971137,1.1,75
1719463971647,1.1,75
1719463972670,1.15,325
1719463973066,1.15,75
1719463973647,1.15,25
1719463973849,1.15,800
1719463974328,1.1,25
1719463974554,1.15,400
1719463975525,1.15,500
1719463975998,1.15,25
1719463975998,1.15,25
1719463976951,1.1,25
1719463976951,1.1,25
1719463978100,1.15,25
1719463978291,1.15,500
1719463978812,1.15,25
1719463979440,1.1,500
1719463980325,1.15,100
1719463981151,1.15,125
1719463981479,1.15,25
1719463982023,1.1,200
1719463982584,1.15,525
1719463982999,1.15,375
1719463983444,1.15,150
1719463984078,1.15,25
1719463985116,1.15,50
1719463986108,1.15,75
1719463986292,1.15,25
1719463987100,1.15,25
1719463987334,1.15,500
1719463988111,1.15,125
1719463988418,1.15,50
1719463989055,1.1,25
1719463989628,1.1,25
1719463990056,1.1,1675
1719463990295,1.15,400
1719463991131,1.1,25
1719463991321,1.1,25
1719463992125,1.1,25
1719463992125,1.1,25
1719463993056,1.1,300
1719463993611,1.1,25
1719463993611,1.1,25
1719463994754,1.15,400
1719463995091,1.1,950
1719463995156,1.15,25
1719463996055,1.1,1050
1719463996055,1.1,1050
1719463997100,1.15,125
1719463997420,1.15,50
1719463998022,1.15,175
1719463998396,1.15,50
1719463999107,1.1,175
1719463999352,1.15,500
1719464000136,1.15,1000
1719464000233,1.15,1300
1719464001129,1.15,50
1719464001541,1.1,25
1719464002102,1.15,25
1719464002548,1.1,150
1719464002777,1.1,25
1719464004152,1.15,25
1719464004641,1.1,225
1719464005110,1.1,25
1719464005784,1.1,1500
1719464006121,1.1,25
1719464007062,1.15,375
1719464007062,1.15,375
1719464008262,1.15,1775
1719464008262,1.15,1775
1719464009100,1.15,50
1719464009440,1.15,1025
1719464010163,1.1,125
1719464010501,1.1,325
1719464011159,1.1,1525
1719464011519,1.1,125
1719464012161,1.1,125
1719464012608,1.1,125
1719464013154,1.1,50
1719464013652,1.15,1550
1719464014160,1.15,1550
1719464015970,1.1,50
1719464016531,1.15,275
1719464016986,1.15,75
1719464017376,1.15,275
1719464018088,1.1,25
1719464018353,1.15,25
1719464019171,1.15,200
1719464019645,1.1,25
1719464019645,1.1,25
1719464020929,1.15,100
1719464020929,1.15,100
1719464021875,1.15,1600
1719464022645,1.15,200
1719464022645,1.15,200
1719464024102,1.15,25
1719464025169,1.15,400
1719464025503,1.15,150
1719464026129,1.1,600
1719464026129,1.1,600
1719464027038,1.1,975
1719464027458,1.1,25
1719464027458,1.1,25
1719464028488,1.15,25
1719464029143,1.15,250
1719464029269,1.15,25
1719464029605,1.1,1000
1719464030373,1.15,100
1719464030877,1.15,25
1719464032035,1.1,25
1719464032035,1.1,25
1719464032751,1.1,25
1719464032751,1.1,25
1719464034366,1.15,200
1719464034578,1.1,25
1719464034827,1.1,25
1719464035669,1.1,1475
1719464036042,1.15,375
1719464036696,1.15,1225
1719464036841,1.1,25
1719464037648,1.15,25
1719464038170,1.1,50
1719464038953,1.1,25
1719464039089,1.1,25
1719464039865,1.15,525
1719464039865,1.15,525
1719464040642,1.15,50
1719464041017,1.15,25
1719464041876,1.1,250
1719464042128,1.1,250
1719464042903,1.1,1525
1719464043262,1.15,25
1719464044106,1.1,25
1719464044248,1.1,25
1719464045172,1.15,50
1719464045554,1.1,275
1719464045755,1.1,25
1719464046656,1.1,450
1719464047173,1.15,1450
1719464047751,1.15,225
1719464047751,1.15,225
1719464047751,1.15,225
1719464049104,1.1,200
1719464049104,1.1,200
1719464050243,1.1,350
1719464050243,1.1,350
1719464051150,1.15,25
1719464051662,1.15,25
1719464051662,1.15,25
1719464052764,1.1,200
1719464052764,1.1,200
1719464054188,1.1,25
1719464054605,1.1,100
1719464055368,1.1,25
1719464055809,1.1,200
1719464055809,1.1,200
1719464057206,1.1,300
1719464057558,1.1,200
1719464057881,1.1,200
1719464058564,1.1,200
1719464058626,1.1,25
1719464059384,1.1,75
1719464059944,1.1,25
1719464060395,1.15,375
1719464060621,1.1,75
1719464061566,1.1,100
1719464062067,1.15,25
1719464062476,1.15,100
1719464063175,1.1,525
1719464063774,1.1,125
1719464064047,1.1,25
1719464074585,1.15,50
1719464074697,1.15,450
1719464074697,1.15,450
1719464075756,1.15,25
1719464075756,1.15,25
1719464076888,1.15,875
1719464076888,1.15,875
1719464078000,1.1,75
1719464078290,1.1,25
1719464079182,1.1,75
1719464079182,1.1,75
1719464079817,1.1,450
1719464080375,1.1,525
1719464080885,1.1,25
1719464080885,1.1,25
1719464082792,1.1,400
1719464083772,1.1,75
1719464083928,1.1,450
1719464084820,1.1,325
1719464088506,1.1,25
1719464089440,1.1,75
1719464090020,1.1,75
1719464090340,1.1,75
1719464090340,1.1,75
1719464091832,1.1,125
1719464092000,1.1,75
1719464092755,1.15,125
1719464092755,1.15,125
1719464093859,1.15,625
1719464094333,1.1,25
1719464095020,1.1,100
1719464095020,1.1,100
1719464096058,1.1,25
1719464096058,1.1,25
1719464097054,1.1,50
1719464097925,1.15,1050
1719464098189,1.15,50
1719464099042,1.1,525
1719464099042,1.1,525
1719464100039,1.15,100
1719464100191,1.15,25
1719464101224,1.15,100
1719464101460,1.15,100
1719464102177,1.15,100
1719464102770,1.15,25
1719464103082,1.15,375
1719464120805,1.1,100
1719464121236,1.1,100
1719464121833,1.1,100
1719464122189,1.15,375
1719464122826,1.15,675
1719464123216,1.1,100
1719464123300,1.1,100
1719464124211,1.15,100
1719464124859,1.1,75
1719464124859,1.1,75
1719464125499,1.15,100
1719464125499,1.15,100
1719464127548,1.15,25
1719464127548,1.15,25
1719464127923,1.1,275
1719464128742,1.1,25
1719464128742,1.1,25
1719464129532,1.15,325
1719464129532,1.15,325
1719464129532,1.15,325
1719464131087,1.15,50
1719464159234,1.15,275
1719464159411,1.1,725
1719464159992,1.15,400
1719464160672,1.15,600
1719464161246,1.15,25
1719464161330,1.15,25
1719464162080,1.15,250
1719464162080,1.15,250
1719464162080,1.15,250
1719464163952,1.15,525
1719464164082,1.15,25
1719464164275,1.15,575
1719464164786,1.15,25
1719464165637,1.15,25
1719464166000,1.1,525
1719464166922,1.15,100
1719464166922,1.15,100
1719464166922,1.15,100
1719464167568,1.1,50
1719464168481,1.15,75
1719464168960,1.1,100
1719464168960,1.1,100
1719464170079,1.1,100
1719464170332,1.1,25
1719464171260,1.1,100
1719464171717,1.15,50
1719464172245,1.15,75
1719464172767,1.1,825
1719464172767,1.1,825
1719464173783,1.1,375
1719464173783,1.1,375
1719464175295,1.15,350
1719464175491,1.1,500
1719464175491,1.1,500
1719464176927,1.15,50
1719464177622,1.15,625
1719464177622,1.15,625
1719464178742,1.1,125
1719464178821,1.1,125
1719464179652,1.1,125
1719464179918,1.1,25
1719464180480,1.15,600
1719464180480,1.15,600
1719464180480,1.15,600
1719464182617,1.15,125
1719464182617,1.15,125
1719464183109,1.15,25
1719464183746,1.15,1600
1719464184228,1.15,50
1719464184953,1.15,125
1719464185274,1.15,75
1719464185959,1.15,50
1719464186265,1.15,25
1719464186265,1.15,25
1719464187437,1.15,1000
1719464188248,1.15,250
1719464188248,1.15,250
1719464189419,1.1,675
1719464189574,1.15,1475
1719464189831,1.1,900
1719464189831,1.1,900
1719464191096,1.1,425
1719464191096,1.1,425
1719464192083,1.15,25
1719464192637,1.15,700
1719464192637,1.15,700
1719464194191,1.15,1575
1719464194559,1.1,100
1719464194820,1.15,25
1719464195320,1.1,25
1719464195952,1.15,50
1719464196331,1.15,25
1719464196945,1.1,25
1719464197671,1.1,25
1719464198192,1.1,50
1719464198666,1.1,1000
1719464199272,1.15,150
1719464199436,1.15,150
1719464199436,1.15,150
1719464201452,1.1,50
1719464201452,1.1,50
1719464205935,1.15,75
1719464205935,1.15,75
1719464206908,1.15,500
1719464207277,1.1,25
1719464207835,1.15,525
1719464207835,1.15,525
1719464209101,1.1,500
1719464209384,1.15,1250
1719464210160,1.15,525
1719464210610,1.15,25
1719464211064,1.1,325
1719464211064,1.1,325
1719464212284,1.15,100
1719464212745,1.15,375
1719464213066,1.15,300
1719464213808,1.15,300
1719464214231,1.15,25
1719464214876,1.15,100
1719464215208,1.1,100
1719464215293,1.15,500
1719464215293,1.15,500
1719464217141,1.15,250
1719464217141,1.15,250
1719464217141,1.15,250
1719464218149,1.1,150
1719464218780,1.1,125
1719464218780,1.1,125
1719464219598,1.15,500
1719464219598,1.15,500
1719464221270,1.1,50
1719464221270,1.1,50
1719464221720,1.1,525
1719464221720,1.1,525
1719464223365,1.1,875
1719464223494,1.15,200
1719464223494,1.15,200
1719464224318,1.1,275
1719464225231,1.15,1000
1719464225694,1.1,25
1719464226097,1.1,450
1719464226633,1.15,50
1719464228299,1.1,500
1719464229019,1.1,50
1719464229068,1.15,25
1719464230121,1.1,25
1719464231103,1.1,25
1719464233106,1.1,200
1719464233490,1.05,150
1719464233490,1.05,150
1719464234103,1.05,125
1719464234377,1.1,275
1719464235292,1.1,25
1719464236033,1.05,50
1719464236248,1.05,50
1719464236248,1.05,50
1719464237388,1.1,125
1719464237946,1.1,200
1719464238116,1.1,25
1719464239003,1.1,250
1719464239003,1.1,250
1719464239899,1.05,25
1719464240049,1.05,750
1719464240049,1.05,750
1719464240659,1.1,25
1719464240659,1.1,25
1719464241832,1.05,50
1719464241832,1.05,50
1719464243490,1.05,25
1719464243490,1.05,25
1719464243936,1.05,675
1719464244662,1.1,125
1719464245237,1.1,25
1719464245656,1.1,175
1719464245881,1.1,25
1719464247129,1.1,25
1719464247129,1.1,25
1719464247449,1.1,550
1719464248309,1.05,25
1719464248462,1.05,50
1719464249284,1.1,25
1719464249999,1.05,125
1719464250086,1.05,125
1719464250493,1.05,25
1719464251028,1.05,50
1719464251028,1.05,50
1719464252211,1.1,25
1719464252492,1.05,100
1719464252492,1.05,100
1719464254294,1.05,125
1719464254969,1.1,200
1719464255130,1.1,25
1719464255973,1.05,100
1719464255973,1.05,100
1719464257293,1.05,700
1719464258019,1.05,50
1719464258019,1.05,50
1719464260316,1.1,200
1719464260316,1.1,200
1719464261125,1.1,25
1719464261125,1.1,25
1719464262396,1.1,25
1719464263125,1.1,25
1719464263335,1.05,300
1719464264233,1.1,25
1719464264585,1.05,50
1719464265050,1.05,950
1719464265050,1.05,950
1719464266434,1.05,25
1719464266812,1.1,25
1719464267196,1.1,200
1719464268101,1.1,50
1719464268388,1.1,925
1719464269227,1.1,925
1719464269427,1.05,175
1719464270183,1.05,900
1719464270668,1.05,350
1719464271315,1.1,150
1719464271670,1.1,50
1719464272170,1.1,75
1719464272784,1.1,50
1719464273287,1.05,1100
1719464274029,1.1,50
1719464274029,1.1,50
1719464274609,1.05,50
1719464274609,1.05,50
1719464291230,1.1,25
1719464291803,1.05,25
1719464292242,1.1,100
1719464293087,1.05,625
1719464293284,1.05,350
1719464294107,1.05,475
1719464294288,1.05,650
1719464295042,1.05,100
1719464295231,1.05,675
1719464296328,1.05,1800
1719464297313,1.1,925
1719464297407,1.1,800
1719464298227,1.05,25
1719464298549,1.05,150
1719464299202,1.05,25
1719464299715,1.05,1000
1719464300355,1.05,25
1719464300455,1.05,25
1719464301291,1.1,25
1719464301800,1.05,25
1719464302239,1.05,100
1719464302661,1.05,25
1719464303295,1.05,25
1719464303436,1.1,375
1719464303436,1.1,375
1719464304938,1.1,500
1719464305330,1.05,50
1719464306293,1.1,150
1719464306376,1.05,1000
1719464307266,1.05,25
1719464307667,1.05,100
1719464308031,1.05,100
1719464308686,1.05,25
1719464309310,1.05,500
1719464309944,1.1,25
1719464310330,1.1,450
1719464311134,1.05,125
1719464311341,1.05,125
1719464312151,1.05,700
1719464312346,1.05,50
1719464313150,1.05,275
1719464313305,1.05,100
1719464314245,1.05,450
1719464314521,1.05,525
1719464315141,1.05,25
1719464315245,1.05,100
1719464316206,1.05,25
1719464317354,1.0,150
1719464317670,1.0,25
1719464318148,1.0,150
1719464318892,1.05,325
1719464319127,1.0,500
1719464319945,1.05,75
1719464320256,1.0,25
1719464320943,1.0,150
1719464321194,1.05,300
1719464322115,1.0,50
1719464322168,1.05,500
1719464323051,1.05,350
1719464323248,1.05,250
1719464323929,1.05,450
1719464324162,1.0,200
1719464324926,1.05,75
1719464324926,1.05,75
1719464325819,1.05,450
1719464326265,1.05,675
1719464326663,1.05,450
1719464327097,1.0,100
1719464327961,1.05,500
1719464328470,1.05,500
1719464328470,1.05,500
1719464329166,1.0,325
1719464330157,1.05,1500
1719464330235,1.0,150
1719464330961,1.0,100
1719464367308,1.0,1225
1719464368000,1.05,75
1719464368381,1.0,100
1719464369013,1.0,25
1719464369286,1.0,1375
1719464370099,1.0,775
1719464370356,1.0,850
1719464371141,1.05,25
1719464371372,1.05,25
1719464372217,1.0,25
1719464372333,1.05,50
1719464372500,1.05,25
1719464372500,1.05,25
1719464377874,1.05,25
1719464377874,1.05,25
1719464377874,1.05,25
1719464379012,1.0,250
1719464380000,1.05,75
1719464380218,1.0,25
1719464380658,1.05,750
1719464380658,1.05,750
1719464382108,1.05,25
1719464382108,1.05,25
1719464383187,1.05,50
1719464384358,1.0,50
1719464384782,1.05,50
1719464385044,1.0,850
1719464385976,1.0,25
1719464386339,1.0,300
1719464387240,1.05,25
1719464387240,1.05,25
1719464388357,1.05,25
1719464388357,1.05,25
1719464388357,1.05,25
1719464389336,1.05,375
1719464389509,1.0,200
1719464390355,1.0,200
1719464391061,1.0,25
1719464391385,1.0,25
1719464391893,1.0,25
1719464392231,1.05,100
1719464393082,1.0,25
1719464393082,1.0,25
1719464394383,1.0,600
1719464394383,1.0,600
1719464394383,1.0,600
1719464395246,1.05,25
1719464395246,1.05,25
1719464396787,1.0,900
1719464396787,1.0,900
1719464398071,1.0,75
1719464398094,1.0,250
1719464399160,1.0,1500
1719464399371,1.05,25
1719464400184,1.0,75
1719464400464,1.05,125
1719464400612,1.05,125
1719464401462,1.05,250
1719464402076,1.0,500
1719464402397,1.05,125
1719464403060,1.0,375
1719464403405,1.05,825
1719464403811,1.05,25
1719464404331,1.0,75
1719464405012,1.0,50
1719464405259,1.05,75
1719464406028,1.0,475
1719464406166,1.05,25
1719464407075,1.0,75
1719464407319,1.0,25
1719464408051,1.0,50
1719464408400,1.0,50
1719464409388,1.0,50
1719464409872,1.0,50
1719464410370,1.0,900
1719464410849,1.0,750
1719464411290,1.0,350
1719464412048,1.0,575
1719464412295,1.0,25
1719464413298,1.0,300
1719464413401,1.0,300
1719464413793,1.0,1225
1719464414418,1.0,1775
1719464415046,1.0,100
1719464415166,1.05,150
1719464415166,1.05,150
1719464416301,1.05,100
1719464417103,1.0,25
1719464417103,1.0,25
1719464418046,1.0,1375
1719464419079,1.0,25
1719464419243,1.0,250
1719464419863,1.0,525
1719464420311,1.0,75
1719464421046,1.0,100
1719464421375,1.05,275
1719464422039,1.05,25
1719464422319,1.05,50
1719464422853,1.0,50
1719464423062,1.0,750
1719464423779,1.0,100
1719464424321,1.05,125
1719464424460,1.05,25
1719464425247,1.05,25
1719464426001,1.0,25
1719464426371,1.0,25
1719464426812,1.05,200
1719464427211,1.05,250
1719464428310,1.0,25
1719464428310,1.0,25
1719464429194,1.05,1500
1719464429194,1.05,1500
1719464429595,1.0,350
1719464429595,1.0,350
1719464430325,1.05,400
1719464431065,1.0,450
1719464431065,1.0,450
1719464432098,1.0,25
1719464432363,1.0,275
1719464433139,1.05,150
1719464433139,1.05,150
1719464433550,1.05,75
1719464434425,1.05,25
1719464434810,1.05,25
1719464435166,1.05,25
1719464436119,1.0,750
1719464436353,1.05,25
1719464437273,1.05,25
1719464438205,1.05,25
1719464438205,1.05,25
1719464439474,1.05,25
1719464440218,1.0,75
1719464440630,1.0,125
1719464441131,1.05,25
1719464441476,1.05,25
1719464441670,1.05,175
1719464442172,1.05,25
1719464442859,1.05,25
1719464443375,1.0,25
1719464444072,1.05,500
1719464444404,1.05,750
1719464445069,1.0,25
1719464445434,1.0,125
1719464446394,1.05,25
1719464447142,1.05,75
1719464447407,1.0,50
1719464448244,1.0,25
1719464448244,1.0,25
1719464449406,1.0,50
1719464449556,1.0,50
1719464450433,1.0,50
1719464450532,1.0,50
1719464450719,1.0,50
1719464451433,1.0,50
1719464451738,1.05,25
1719464452962,1.0,50
1719464453404,1.0,50
1719464457939,1.05,25
1719464459383,1.0,350
1719464460004,1.05,75
1719464460004,1.05,75
1719464460004,1.05,75
1719464460751,1.05,25
1719464461409,1.05,750
1719464461953,1.05,850
1719464462439,1.05,200
1719464463103,1.05,50
1719464463437,1.05,25
1719464464227,1.05,50
1719464464423,1.05,25
1719464465407,1.0,25
1719464465407,1.0,25
1719464465407,1.0,25
1719464466082,1.05,500
1719464466811,1.05,50
1719464467175,1.0,25
1719464467734,1.0,275
1719464467734,1.0,275
1719464468962,1.0,100
1719464469225,1.05,150
1719464469909,1.05,50
1719464470900,1.0,25
1719464471416,1.0,125
1719464472098,1.0,500
1719464472098,1.0,500
1719464472098,1.0,500
1719464473616,1.05,25
1719464474360,1.0,100
1719464474451,1.0,100
1719464475077,1.0,350
1719464475673,1.0,25
1719464476349,1.05,500
1719464476809,1.05,25
1719464477412,1.0,375
1719464478152,1.05,125
1719464478152,1.05,125
1719464478639,1.05,50
1719464478639,1.05,50
1719464479907,1.0,50
1719464481316,1.0,275
1719464481440,1.0,525
1719464482378,1.05,50
1719464482378,1.05,50
1719464483424,1.0,225
1719464483424,1.0,225
1719464483781,1.05,575
1719464484424,1.0,25
1719464485295,1.05,175
1719464485599,1.0,200
1719464485673,1.0,100
1719464486328,1.0,25
1719464486851,1.05,75
1719464487153,1.05,25
1719464488176,1.0,25
1719464488417,1.05,50
1719464489194,1.0,25
1719464489194,1.0,25
1719464489557,1.05,525
1719464489557,1.05,525
1719464491184,1.05,25
1719464491184,1.05,25
1719464492278,1.05,375
1719464492635,1.05,50
1719464493109,1.05,100
1719464508460,1.05,50
1719464508591,1.05,100
1719464508827,1.05,75
1719464509393,1.05,100
1719464509818,1.05,250
1719464510399,1.1,250
1719464510399,1.1,250
1719464512231,1.05,50
1719464512429,1.05,50
1719464520215,1.05,50
1719464520484,1.05,50
1719464521223,1.05,75
1719464521450,1.05,50
1719464522228,1.05,50
1719464522470,1.05,75
1719464523448,1.05,25
1719464523677,1.05,50
1719464524468,1.05,50
1719464524645,1.05,50
1719464525467,1.05,50
1719464525615,1.05,50
1719464536449,1.05,25
1719464536449,1.05,25
1719464537393,1.05,175
1719464538023,1.05,300
1719464539249,1.05,75
1719464539249,1.05,75
1719464540432,1.1,250
1719464541325,1.05,75
1719464541325,1.05,75
1719464541848,1.05,150
1719464541924,1.05,25
1719464542551,1.1,25
1719464543340,1.05,175
1719464543722,1.1,550
1719464544357,1.1,25
1719464544357,1.1,25
1719464545447,1.05,200
1719464545618,1.1,25
1719464546769,1.1,25
1719464546769,1.1,25
1719464548209,1.05,75
1719464548456,1.05,75
1719464549456,1.05,75
1719464562903,1.1,50
1719464562903,1.1,50
1719464564364,1.05,50
1719464565578,1.1,25
1719464566381,1.05,75
1719464566381,1.05,75
1719464567495,1.1,500
1719464567643,1.05,150
1719464568385,1.1,200
1719464568715,1.1,750
1719464569547,1.05,225
1719464569975,1.1,275
1719464569975,1.1,275
1719464570939,1.05,500
1719464571441,1.1,225
1719464572206,1.05,200
1719464572206,1.05,200
1719464572814,1.1,75
1719464572814,1.1,75
1719464573775,1.1,250
1719464574374,1.1,25
1719464575295,1.05,25
1719464575295,1.05,25
1719464576074,1.05,275
1719464576074,1.05,275
1719464576074,1.05,275
1719464577845,1.1,25
1719464586122,1.1,25
1719464586376,1.1,50
1719464587422,1.05,200
1719464587582,1.05,50
1719464588329,1.1,25
1719464589051,1.1,25
1719464589390,1.1,25
1719464590090,1.1,25
1719464590502,1.05,100
1719464591473,1.1,250
1719464592520,1.1,125
1719464592525,1.1,300
1719464593640,1.1,25
1719464593752,1.1,150
1719464594469,1.15,50
1719464594890,1.1,25
1719464595705,1.1,50
1719464596052,1.05,25
1719464596689,1.05,25
1719464597548,1.05,25
1719464598373,1.05,25
1719464598952,1.1,25
1719464599487,1.1,100
1719464600457,1.1,1750
1719464600676,1.1,50
1719464601443,1.15,100
1719464601711,1.1,25
1719464602221,1.1,25
1719464603133,1.1,25
1719464603261,1.1,25
1719464604404,1.1,25
1719464605521,1.1,50
1719464605932,1.15,50
1719464606696,1.1,25
1719464607163,1.15,550
1719464607522,1.15,75
1719464608514,1.15,25
1719464609739,1.2,25
1719464610100,1.2,25
1719464610316,1.15,25
1719464611520,1.15,25
1719464611701,1.15,450
1719464611701,1.15,450
1719464612628,1.2,25
1719464612628,1.2,25
1719464626595,1.15,100
1719464626717,1.2,250
1719464627601,1.2,25
1719464628800,1.2,25
1719464629003,1.15,125
1719464629544,1.15,100
1719464629991,1.15,100
1719464630549,1.2,25
1719464631204,1.15,500
1719464631549,1.15,25
1719464632395,1.15,125
1719464632529,1.15,125
1719464633407,1.15,125
1719464633694,1.15,75
1719464634533,1.2,50
1719464634558,1.2,75
1719464635535,1.2,125
1719464635789,1.25,25
1719464636531,1.3,25
1719464637000,1.3,50
1719464637542,1.25,25
1719464638427,1.2,125
1719464638751,1.25,25
1719464639705,1.25,25
1719464639762,1.25,25
1719464640112,1.25,75
1719464640449,1.2,125
1719464640814,1.25,25
1719464641230,1.25,350
1719464641502,1.2,150
1719464642623,1.25,50
1719464642701,1.2,125
1719464643358,1.25,25
1719464643631,1.2,25
1719464644529,1.25,25
1719464644815,1.25,50
1719464645000,1.25,50
1719464645685,1.25,25
1719464646228,1.25,25
