time,price,volume
1719461503073,204.15,25
1719461503073,204.15,25
1719461505190,204.5,25
1719461505190,204.5,25
1719461507087,205.15,75
1719461508149,203.85,100
1719461508149,203.85,100
1719461510481,205.05,100
1719461510481,205.05,100
1719461510481,205.05,100
1719461510481,205.05,100
1719461514170,204.0,25
1719461514170,204.0,25
1719461515858,203.0,50
1719461516851,202.0,75
1719461517132,202.8,25
1719461517132,202.8,25
1719461518003,203.35,100
1719461518003,203.35,100
1719461518003,203.35,100
1719461521758,204.85,25
1719461521758,204.85,25
1719461522966,204.8,150
1719461523356,203.9,75
1719461523356,203.9,75
1719461524422,205.15,75
1719461525455,204.75,25
1719461525644,205.15,50
1719461525644,205.15,50
1719461525644,205.15,50
1719461525644,205.15,50
1719461530074,206.6,25
1719461530074,206.6,25
1719461532328,206.45,25
1719461532328,206.45,25
1719461533287,206.45,75
1719461533287,206.45,75
1719461533287,206.45,75
1719461533287,206.45,75
1719461533287,206.45,75
1719461533287,206.45,75
1719461533287,206.45,75
1719461533287,206.45,75
1719461544105,208.0,50
1719461545192,208.55,50
1719461545192,208.55,50
1719461546721,209.3,250
1719461546721,209.3,250
1719461547605,208.4,150
1719461548784,207.25,125
1719461548784,207.25,125
1719461548784,207.25,125
1719461548784,207.25,125
1719461551718,208.05,25
1719461551718,208.05,25
1719461551718,208.05,25
1719461551718,208.05,25
1719461555668,207.3,25
1719461555668,207.3,25
1719461555668,207.3,25
1719461559048,207.0,25
1719461559048,207.0,25
1719461561196,206.85,50
1719461561196,206.85,50
1719461561196,206.85,50
1719461565405,210.15,50
1719461565405,210.15,50
1719461565405,210.15,50
1719461565405,210.15,50
1719461569929,209.05,25
1719461569929,209.05,25
1719461569929,209.05,25
1719461572826,208.5,25
1719461573619,209.15,25
1719461573619,209.15,25
1719461573619,209.15,25
1719461575943,208.65,25
1719461576398,208.65,50
1719461577185,208.2,25
1719461577185,208.2,25
1719461577185,208.2,25
1719461577185,208.2,25
1719461577185,208.2,25
1719461577185,208.2,25
1719461577185,208.2,25
1719461584509,207.5,25
1719461584509,207.5,25
1719461584509,207.5,25
1719461588072,209.8,50
1719461588072,209.8,50
1719461588072,209.8,50
1719461588072,209.8,50
1719461593834,209.7,100
1719461593881,209.1,25
1719461594446,209.3,50
1719461594446,209.3,50
1719461596489,208.35,200
1719461596489,208.35,200
1719461596489,208.35,200
1719461600320,208.3,25
1719461600320,208.3,25
1719461600320,208.3,25
1719461600320,208.3,25
1719461600320,208.3,25
1719461607131,209.05,25
1719461607131,209.05,25
1719461607131,209.05,25
1719461607131,209.05,25
1719461610868,209.15,125
1719461610868,209.15,125
1719461610868,209.15,125
1719461610868,209.15,125
1719461616528,209.3,25
1719461616528,209.3,25
1719461618145,209.65,50
1719461618424,210.55,25
1719461618424,210.55,25
1719461618424,210.55,25
1719461621997,208.05,25
1719461621997,208.05,25
1719461622411,208.15,25
1719461623427,208.45,75
1719461623862,208.0,25
1719461624564,206.6,50
1719461624564,206.6,50
1719461624564,206.6,50
1719461628717,205.75,50
1719461628717,205.75,50
1719461628717,205.75,50
1719461628717,205.75,50
1719461628717,205.75,50
1719461628717,205.75,50
1719461637116,206.85,50
1719461637116,206.85,50
1719461637116,206.85,50
1719461637116,206.85,50
1719461637116,206.85,50
1719461637116,206.85,50
1719461637116,206.85,50
1719461637116,206.85,50
1719461649889,207.25,50
1719461649889,207.25,50
1719461649889,207.25,50
1719461652481,207.0,1000
1719461652926,206.0,100
1719461653492,206.15,125
1719461653492,206.15,125
1719461654297,206.0,375
1719461654297,206.0,375
1719461654297,206.0,375
1719461654297,206.0,375
1719461654297,206.0,375
1719461654297,206.0,375
1719461663690,209.95,50
1719461663867,208.75,50
1719461663867,208.75,50
1719461663867,208.75,50
1719461663867,208.75,50
1719461667939,206.9,25
1719461667939,206.9,25
1719461670408,206.2,150
1719461670408,206.2,150
1719461670408,206.2,150
1719461673587,206.9,25
1719461673587,206.9,25
1719461673587,206.9,25
1719461677215,206.15,150
1719461678280,207.5,75
1719461678280,207.5,75
1719461678280,207.5,75
1719461678280,207.5,75
1719461683922,206.0,25
1719461683922,206.0,25
1719461683922,206.0,25
1719461687673,206.85,25
1719461687673,206.85,25
1719461687673,206.85,25
1719461690808,206.0,25
1719461690808,206.0,25
1719461690808,206.0,25
1719461690808,206.0,25
1719461690808,206.0,25
1719461690808,206.0,25
1719461699620,207.45,50
1719461699620,207.45,50
1719461701260,205.8,75
1719461702402,204.35,75
1719461702580,204.55,150
1719461702580,204.55,150
1719461704930,205.75,25
1719461704930,205.75,25
1719461704930,205.75,25
1719461704930,205.75,25
1719461704930,205.75,25
1719461710834,206.4,25
1719461710834,206.4,25
1719461710834,206.4,25
1719461710834,206.4,25
1719461710834,206.4,25
1719461710834,206.4,25
1719461710834,206.4,25
1719461722533,205.85,25
1719461723889,206.05,25
1719461723889,206.05,25
1719461747412,200.55,25
1719461750610,201.0,50
1719461750610,201.0,50
1719461751710,199.9,25
1719461752471,199.0,50
1719461752471,199.0,50
1719461753913,199.85,25
1719461753913,199.85,25
1719461756584,200.0,100
1719461756584,200.0,100
1719461756584,200.0,100
1719461756584,200.0,100
1719461756584,200.0,100
1719461762651,200.0,250
1719461762651,200.0,250
1719461765266,199.45,75
1719461765266,199.45,75
1719461766272,200.05,25
1719461766272,200.05,25
1719461768173,200.6,25
1719461768796,200.45,25
1719461770070,200.6,25
1719461770070,200.6,25
1719461771507,199.95,75
1719461772222,201.55,25
1719461772222,201.55,25
1719461772554,200.4,25
1719461772554,200.4,25
1719461772554,200.4,25
1719461776506,201.55,25
1719461776946,200.95,25
1719461776946,200.95,25
1719461776946,200.95,25
1719461776946,200.95,25
1719461782071,200.75,100
1719461782071,200.75,100
1719461782071,200.75,100
1719461782071,200.75,100
1719461786378,199.0,25
1719461786378,199.0,25
1719461786378,199.0,25
1719461786378,199.0,25
1719461791886,198.15,25
1719461792232,198.7,25
1719461792232,198.7,25
1719461792232,198.7,25
1719461794825,199.35,100
1719461795205,198.95,25
1719461795205,198.95,25
1719461795205,198.95,25
1719461798126,198.45,275
1719461798425,198.3,275
1719461798425,198.3,275
1719461798425,198.3,275
1719461801402,198.35,100
1719461802150,198.85,25
1719461802150,198.85,25
1719461804139,198.3,625
1719461804139,198.3,625
1719461804139,198.3,625
1719461808901,199.05,375
1719461809054,198.4,50
1719461809054,198.4,50
1719461810799,198.6,25
1719461811634,198.2,50
1719461811634,198.2,50
1719461812756,198.8,25
1719461812756,198.8,25
1719461815206,199.7,25
1719461815206,199.7,25
1719461816542,199.85,100
1719461817170,201.0,100
1719461817170,201.0,100
1719461817170,201.0,100
1719461817170,201.0,100
1719461817170,201.0,100
1719461822688,200.9,25
1719461823462,201.05,25
1719461823462,201.05,25
1719461823462,201.05,25
1719461826731,201.6,300
1719461827294,201.5,50
1719461827294,201.5,50
1719461827294,201.5,50
1719461827294,201.5,50
1719461831128,202.15,150
1719461832379,201.35,25
1719461833078,201.0,50
1719461834142,200.0,75
1719461835515,199.9,50
1719461835718,199.25,100
1719461836019,199.65,150
1719461836019,199.65,150
1719461836019,199.65,150
1719461840071,202.8,100
1719461840071,202.8,100
1719461841038,202.45,25
1719461841038,202.45,25
1719461841038,202.45,25
1719461841038,202.45,25
1719461846434,202.0,25
1719461846434,202.0,25
1719461846434,202.0,25
1719461846434,202.0,25
1719461846434,202.0,25
1719461846434,202.0,25
1719461846434,202.0,25
1719461846434,202.0,25
1719461855980,202.4,225
1719461855980,202.4,225
1719461855980,202.4,225
1719461855980,202.4,225
1719461855980,202.4,225
1719461855980,202.4,225
1719461864887,203.15,50
1719461864887,203.15,50
1719461864887,203.15,50
1719461864887,203.15,50
1719461864887,203.15,50
1719461871397,203.15,25
1719461871397,203.15,25
1719461871397,203.15,25
1719461874496,204.45,75
1719461874496,204.45,75
1719461876454,204.85,50
1719461876454,204.85,50
1719461876454,204.85,50
1719461876454,204.85,50
1719461876454,204.85,50
1719461881329,205.2,25
1719461881329,205.2,25
1719461883797,205.0,25
1719461883797,205.0,25
1719461883797,205.0,25
1719461886513,204.45,25
1719461886513,204.45,25
1719461886513,204.45,25
1719461886513,204.45,25
1719461886513,204.45,25
1719461892672,206.0,25
1719461892672,206.0,25
1719461892672,206.0,25
1719461892672,206.0,25
1719461892672,206.0,25
1719461892672,206.0,25
1719461892672,206.0,25
1719461903188,204.45,50
1719461903188,204.45,50
1719461903188,204.45,50
1719461903188,204.45,50
1719461903188,204.45,50
1719461909488,205.7,125
1719461910698,205.75,100
1719461910698,205.75,100
1719461911313,207.1,50
1719461911313,207.1,50
1719461913723,205.7,250
1719461913723,205.7,250
1719461913723,205.7,250
1719461917038,206.85,75
1719461917038,206.85,75
1719461918589,206.3,150
1719461918589,206.3,150
1719461920388,206.2,25
1719461920388,206.2,25
1719461920388,206.2,25
1719461920388,206.2,25
1719461920388,206.2,25
1719461926622,204.8,25
1719461926622,204.8,25
1719461926622,204.8,25
1719461926622,204.8,25
1719461926622,204.8,25
1719461926622,204.8,25
1719461926622,204.8,25
1719461926622,204.8,25
1719461926622,204.8,25
1719461939751,204.85,150
1719461939751,204.85,150
1719461939751,204.85,150
1719461939751,204.85,150
1719461939751,204.85,150
1719461944795,204.95,50
1719461944795,204.95,50
1719461946832,204.0,25
1719461947548,204.0,25
1719461947548,204.0,25
1719461947548,204.0,25
1719461947548,204.0,25
1719461952021,203.25,50
1719461952021,203.25,50
1719461952021,203.25,50
1719461954912,203.95,75
1719461954912,203.95,75
1719461954912,203.95,75
1719461959128,202.0,125
1719461959128,202.0,125
1719461960100,201.15,75
1719461960100,201.15,75
1719461961480,200.0,100
1719461961815,199.25,150
1719461962417,200.0,100
1719461962417,200.0,100
1719461963399,199.0,25
1719461964114,199.5,25
1719461964114,199.5,25
1719461965720,200.0,100
1719461965720,200.0,100
1719461965720,200.0,100
1719461967947,200.85,225
1719461967947,200.85,225
1719461967947,200.85,225
1719461967947,200.85,225
1719461967947,200.85,225
1719461967947,200.85,225
1719461967947,200.85,225
1719461967947,200.85,225
1719461967947,200.85,225
1719461967947,200.85,225
1719461967947,200.85,225
1719461983425,199.5,100
1719461983425,199.5,100
1719461983425,199.5,100
1719461986805,199.35,25
1719461986805,199.35,25
1719461986805,199.35,25
1719461986805,199.35,25
1719461986805,199.35,25
1719461986805,199.35,25
1719461995839,199.0,25
1719461995839,199.0,25
1719461997368,200.5,125
1719461997368,200.5,125
1719461997368,200.5,125
1719462000342,199.8,75
1719462000342,199.8,75
1719462000342,199.8,75
1719462001923,199.05,25
1719462001923,199.05,25
1719462001923,199.05,25
1719462003317,198.8,275
1719462004349,199.6,25
1719462004485,198.85,50
1719462005278,199.05,50
1719462005278,199.05,50
1719462006866,198.7,50
1719462007044,197.75,75
1719462007044,197.75,75
1719462007044,197.75,75
1719462010796,198.0,50
1719462010796,198.0,50
1719462010796,198.0,50
1719462013326,198.0,100
1719462013326,198.0,100
1719462013326,198.0,100
1719462015928,197.4,125
1719462017659,197.25,25
1719462017912,196.75,150
1719462018619,197.2,25
1719462018619,197.2,25
1719462020079,196.8,100
1719462020079,196.8,100
1719462020079,196.8,100
1719462023012,199.0,250
1719462024003,199.2,25
1719462025619,199.8,50
1719462025619,199.8,50
1719462025619,199.8,50
1719462025619,199.8,50
1719462030372,199.45,75
1719462030372,199.45,75
1719462030372,199.45,75
1719462030372,199.45,75
1719462033667,198.65,50
1719462033838,199.15,25
1719462033838,199.15,25
1719462034387,198.75,25
1719462035520,199.15,25
1719462035520,199.15,25
1719462036631,198.7,850
1719462036631,198.7,850
1719462036631,198.7,850
1719462036631,198.7,850
1719462036631,198.7,850
1719462036631,198.7,850
1719462036631,198.7,850
1719462046437,200.35,25
1719462046437,200.35,25
1719462046437,200.35,25
1719462050227,198.7,25
1719462050227,198.7,25
1719462052608,198.05,25
1719462052608,198.05,25
1719462052608,198.05,25
1719462056696,199.3,125
1719462056696,199.3,125
1719462058879,200.45,25
1719462058879,200.45,25
1719462058879,200.45,25
1719462058879,200.45,25
1719462062476,199.15,25
1719462062476,199.15,25
1719462062476,199.15,25
1719462062476,199.15,25
1719462067576,200.95,50
1719462067576,200.95,50
1719462067576,200.95,50
1719462067576,200.95,50
1719462067576,200.95,50
1719462067576,200.95,50
1719462074582,200.2,250
1719462074582,200.2,250
1719462074582,200.2,250
1719462074582,200.2,250
1719462074582,200.2,250
1719462082749,202.0,100
1719462084269,201.35,75
1719462084269,201.35,75
1719462084269,201.35,75
1719462084269,201.35,75
1719462084269,201.35,75
1719462084269,201.35,75
1719462084269,201.35,75
1719462084269,201.35,75
1719462094897,202.65,75
1719462094897,202.65,75
1719462094897,202.65,75
1719462094897,202.65,75
1719462100583,201.5,100
1719462100583,201.5,100
1719462101974,201.8,50
1719462101974,201.8,50
1719462101974,201.8,50
1719462105517,201.8,25
1719462105517,201.8,25
1719462107291,202.1,25
1719462107291,202.1,25
1719462108523,200.65,75
1719462108523,200.65,75
1719462110232,200.3,25
1719462110232,200.3,25
1719462111528,199.8,50
1719462111528,199.8,50
1719462112842,199.45,75
1719462112842,199.45,75
1719462112842,199.45,75
1719462112842,199.45,75
1719462112842,199.45,75
1719462112842,199.45,75
1719462112842,199.45,75
1719462122647,201.55,75
1719462122647,201.55,75
1719462123138,202.2,225
1719462123138,202.2,225
1719462123138,202.2,225
1719462123138,202.2,225
1719462123138,202.2,225
1719462130335,202.15,25
1719462130335,202.15,25
1719462130335,202.15,25
1719462134354,202.2,25
1719462135401,201.9,50
1719462135401,201.9,50
1719462135401,201.9,50
1719462135401,201.9,50
1719462135401,201.9,50
1719462135401,201.9,50
1719462135401,201.9,50
1719462135401,201.9,50
1719462147300,202.2,25
1719462147432,201.9,25
1719462147432,201.9,25
1719462147432,201.9,25
1719462147432,201.9,25
1719462147432,201.9,25
1719462147432,201.9,25
1719462147432,201.9,25
1719462147432,201.9,25
1719462147432,201.9,25
1719462160312,203.15,75
1719462160312,203.15,75
1719462160312,203.15,75
1719462163102,203.6,50
1719462163102,203.6,50
1719462163102,203.6,50
1719462163102,203.6,50
1719462163102,203.6,50
1719462169649,205.0,25
1719462169649,205.0,25
1719462171298,203.85,25
1719462171871,204.6,25
1719462171871,204.6,25
1719462173385,202.9,50
1719462173385,202.9,50
1719462175188,202.25,25
1719462175188,202.25,25
1719462175188,202.25,25
1719462178579,205.55,100
1719462178579,205.55,100
1719462178579,205.55,100
1719462178579,205.55,100
1719462178579,205.55,100
1719462183065,205.35,50
1719462183065,205.35,50
1719462183065,205.35,50
1719462183065,205.35,50
1719462183065,205.35,50
1719462183065,205.35,50
1719462191917,204.75,175
1719462191917,204.75,175
1719462193055,205.3,175
1719462193055,205.3,175
1719462193055,205.3,175
1719462193055,205.3,175
1719462193055,205.3,175
1719462193055,205.3,175
1719462201567,205.05,100
1719462201567,205.05,100
1719462201567,205.05,100
1719462201567,205.05,100
1719462206197,203.0,25
1719462207204,203.05,125
1719462207204,203.05,125
1719462208099,203.25,100
1719462208406,203.55,25
1719462208406,203.55,25
1719462208406,203.55,25
1719462208406,203.55,25
1719462212266,204.75,100
1719462212266,204.75,100
1719462213881,203.7,25
1719462213881,203.7,25
1719462213881,203.7,25
1719462217065,204.1,25
1719462217349,203.6,125
1719462217349,203.6,125
1719462217349,203.6,125
1719462217349,203.6,125
1719462224441,204.35,75
1719462224441,204.35,75
1719462226238,203.6,50
1719462226599,203.85,25
1719462226599,203.85,25
1719462226599,203.85,25
1719462226599,203.85,25
1719462226599,203.85,25
1719462226599,203.85,25
1719462226599,203.85,25
1719462226599,203.85,25
1719462226599,203.85,25
1719462226599,203.85,25
1719462241004,204.15,25
1719462241004,204.15,25
1719462241004,204.15,25
1719462241004,204.15,25
1719462241004,204.15,25
1719462246714,202.55,100
1719462246935,202.0,25
1719462246935,202.0,25
1719462249059,202.8,100
1719462249059,202.8,100
1719462250981,203.4,125
1719462252014,204.0,25
1719462252891,205.0,100
1719462252891,205.0,100
1719462252891,205.0,100
1719462252891,205.0,100
1719462252891,205.0,100
1719462252891,205.0,100
1719462252891,205.0,100
1719462264096,203.6,50
1719462264096,203.6,50
1719462264096,203.6,50
1719462264096,203.6,50
1719462264096,203.6,50
1719462270182,203.1,125
1719462270182,203.1,125
1719462270182,203.1,125
1719462270182,203.1,125
1719462270182,203.1,125
1719462270182,203.1,125
1719462276685,202.8,25
1719462277697,201.85,25
1719462277697,201.85,25
1719462277697,201.85,25
1719462277697,201.85,25
1719462277697,201.85,25
1719462277697,201.85,25
1719462285413,201.75,25
1719462285413,201.75,25
1719462285413,201.75,25
1719462285413,201.75,25
1719462289856,200.45,75
1719462290834,200.4,25
1719462291046,200.5,25
1719462291429,200.45,25
1719462291517,200.3,25
1719462291517,200.3,25
1719462294312,200.65,50
1719462294312,200.65,50
1719462294312,200.65,50
1719462297425,201.05,25
1719462297425,201.05,25
1719462297425,201.05,25
1719462300315,200.45,25
1719462300718,200.4,50
1719462300718,200.4,50
1719462300718,200.4,50
1719462300718,200.4,50
1719462300718,200.4,50
1719462300718,200.4,50
1719462300718,200.4,50
1719462300718,200.4,50
1719462300718,200.4,50
1719462311987,200.45,50
1719462312608,198.55,50
1719462313624,198.4,25
1719462314664,198.55,25
1719462315075,198.65,25
1719462315227,198.65,25
1719462316347,199.1,25
1719462316536,199.5,50
1719462316536,199.5,50
1719462316536,199.5,50
1719462316536,199.5,50
1719462322735,199.4,25
1719462322735,199.4,25
1719462322735,199.4,25
1719462322735,199.4,25
1719462327061,198.95,75
1719462328041,198.55,250
1719462328041,198.55,250
1719462328331,198.0,50
1719462328331,198.0,50
1719462330095,197.95,200
1719462330095,197.95,200
1719462330095,197.95,200
1719462330095,197.95,200
1719462330095,197.95,200
1719462330095,197.95,200
1719462337870,198.7,100
1719462337870,198.7,100
1719462338463,199.95,75
1719462338463,199.95,75
1719462338463,199.95,75
1719462338463,199.95,75
1719462338463,199.95,75
1719462338463,199.95,75
1719462338463,199.95,75
1719462338463,199.95,75
1719462338463,199.95,75
1719462351876,199.4,125
1719462351876,199.4,125
1719462354063,200.0,25
1719462354063,200.0,25
1719462356285,199.45,25
1719462356285,199.45,25
1719462356285,199.45,25
1719462356285,199.45,25
1719462356285,199.45,25
1719462356285,199.45,25
1719462361858,199.45,25
1719462361858,199.45,25
1719462364036,199.9,25
1719462364036,199.9,25
1719462364036,199.9,25
1719462368109,201.2,25
1719462368109,201.2,25
1719462370297,200.4,25
1719462370297,200.4,25
1719462372141,199.9,25
1719462372141,199.9,25
1719462372141,199.9,25
1719462375681,199.9,25
1719462375681,199.9,25
1719462375681,199.9,25
1719462379592,200.75,25
1719462379592,200.75,25
1719462379592,200.75,25
1719462382864,200.95,100
1719462382864,200.95,100
1719462382864,200.95,100
1719462382864,200.95,100
1719462382864,200.95,100
1719462382864,200.95,100
1719462382864,200.95,100
1719462382864,200.95,100
1719462382864,200.95,100
1719462382864,200.95,100
1719462395774,199.9,25
1719462395993,200.1,25
1719462395993,200.1,25
1719462395993,200.1,25
1719462399852,197.95,75
1719462399852,197.95,75
1719462400288,196.7,125
1719462401050,195.6,225
1719462401316,195.25,100
1719462401316,195.25,100
1719462401316,195.25,100
1719462403276,194.0,25
1719462404243,194.1,25
1719462404577,194.2,25
1719462404577,194.2,25
1719462406189,194.5,100
1719462406189,194.5,100
1719462406730,194.65,125
1719462406730,194.65,125
1719462408521,192.35,50
1719462409729,193.0,25
1719462409729,193.0,25
1719462410301,192.95,25
1719462410767,192.65,75
1719462410767,192.65,75
1719462412472,192.35,100
1719462412472,192.35,100
1719462412472,192.35,100
1719462415038,191.15,125
1719462415935,190.0,150
1719462416513,189.8,100
1719462416682,189.7,25
1719462418084,189.05,100
1719462418084,189.05,100
1719462419019,188.5,25
1719462419019,188.5,25
1719462420336,187.8,50
1719462420336,187.8,50
1719462421107,187.0,125
1719462421299,187.25,25
1719462422063,186.05,50
1719462423134,186.05,250
1719462423470,186.35,75
1719462424438,185.7,50
1719462424438,185.7,50
1719462425514,187.25,25
1719462426445,187.6,75
1719462426445,187.6,75
1719462427300,186.8,100
1719462427875,188.7,50
1719462428301,188.75,25
1719462429800,187.25,25
1719462429800,187.25,25
1719462432165,187.3,25
1719462432165,187.3,25
1719462433429,188.25,25
1719462433610,188.15,100
1719462433610,188.15,100
1719462435691,186.7,150
1719462435691,186.7,150
1719462436675,187.3,25
1719462437226,187.3,25
1719462437226,187.3,25
1719462438237,186.6,100
1719462438237,186.6,100
1719462440138,186.85,650
1719462440138,186.85,650
1719462441645,186.85,150
1719462442376,186.45,50
1719462442376,186.45,50
1719462443369,186.5,25
1719462444186,186.45,75
1719462444909,185.65,75
1719462444909,185.65,75
1719462445707,185.05,125
1719462446263,184.95,25
1719462446905,184.65,25
1719462447426,186.0,100
1719462447426,186.0,100
1719462448830,186.35,100
1719462449664,186.0,25
1719462449664,186.0,25
1719462450802,186.85,125
1719462450802,186.85,125
1719462450802,186.85,125
1719462451965,187.05,25
1719462451965,187.05,25
1719462453712,186.5,50
1719462454165,186.1,100
1719462454955,186.15,100
1719462455174,185.65,25
1719462455665,185.15,25
1719462456495,186.2,25
1719462456495,186.2,25
1719462457616,185.95,75
1719462459094,186.35,50
1719462459583,186.4,75
1719462459583,186.4,75
1719462461516,186.05,25
1719462461873,186.55,50
1719462462454,185.35,50
1719462463857,184.0,150
1719462464849,184.65,25
1719462465128,184.6,100
1719462465603,184.4,75
1719462465603,184.4,75
1719462467586,182.55,75
1719462467942,182.0,50
1719462468209,182.3,125
1719462469316,182.3,25
1719462469644,182.15,50
1719462470139,181.2,125
1719462470610,180.5,25
1719462471550,180.1,75
1719462472001,180.05,150
1719462473913,179.25,525
1719462474770,179.25,50
1719462474770,179.25,50
1719462476326,178.35,200
1719462476326,178.35,200
1719462477350,178.25,125
1719462477350,178.25,125
1719462478218,178.3,50
1719462478918,179.65,50
1719462479979,179.25,25
1719462479979,179.25,25
1719462480795,177.7,100
1719462481079,176.85,25
1719462481079,176.85,25
1719462481739,177.5,25
1719462482692,176.05,200
1719462484170,176.4,25
1719462484860,176.95,125
1719462484860,176.95,125
1719462485471,176.7,50
1719462486298,176.85,100
1719462487098,177.15,50
1719462488269,177.95,75
1719462489168,177.85,300
1719462489168,177.85,300
1719462490429,178.0,150
1719462490429,178.0,150
1719462491957,176.75,25
1719462492503,176.75,25
1719462493161,177.65,175
1719462493253,177.3,25
1719462494164,177.65,25
1719462495004,176.8,25
1719462495279,177.15,25
1719462495870,178.3,25
1719462496464,176.95,25
1719462496464,176.95,25
1719462497451,177.45,50
1719462498527,177.55,25
1719462499602,178.85,25
1719462499602,178.85,25
1719462501410,177.8,25
1719462501816,177.9,25
1719462501816,177.9,25
1719462503443,177.55,50
1719462503443,177.55,50
1719462504379,176.95,50
1719462504379,176.95,50
1719462505778,175.85,25
1719462506390,176.1,25
1719462506390,176.1,25
1719462506968,176.15,50
1719462508162,175.85,25
1719462508382,175.95,25
1719462509113,176.55,25
1719462509113,176.55,25
1719462510930,176.75,75
1719462511755,175.95,50
1719462512477,176.25,50
1719462513154,175.0,500
1719462513154,175.0,500
1719462513154,175.0,500
1719462515894,175.95,25
1719462516420,175.5,25
1719462516420,175.5,25
1719462517133,175.15,125
1719462517971,175.8,50
1719462517971,175.8,50
1719462518635,176.0,50
1719462519875,175.95,25
1719462520163,175.95,25
1719462520769,175.65,25
1719462520769,175.65,25
1719462521929,177.05,25
1719462522423,176.8,25
1719462522423,176.8,25
1719462523537,177.1,25
1719462523537,177.1,25
1719462525971,176.8,25
1719462525971,176.8,25
1719462527692,176.8,25
1719462527692,176.8,25
1719462528661,177.6,50
1719462528661,177.6,50
1719462531317,177.0,50
1719462531666,177.7,25
1719462531666,177.7,25
1719462531666,177.7,25
1719462534501,176.8,50
1719462535036,177.35,25
1719462535036,177.35,25
1719462535036,177.35,25
1719462537886,176.3,75
1719462538044,176.75,25
1719462538044,176.75,25
1719462539008,176.85,50
1719462539008,176.85,50
1719462539008,176.85,50
1719462540931,176.35,125
1719462541221,177.2,50
1719462541221,177.2,50
1719462542152,175.8,25
1719462542953,176.25,25
1719462544023,176.5,25
1719462544982,176.15,25
1719462544982,176.15,25
1719462545500,176.2,25
1719462545500,176.2,25
1719462547572,176.8,25
1719462548254,176.8,25
1719462548254,176.8,25
1719462549004,176.5,25
1719462550062,176.4,25
1719462550062,176.4,25
1719462550254,176.55,25
1719462550254,176.55,25
1719462552375,176.0,25
1719462552460,175.8,25
1719462552460,175.8,25
1719462553786,175.9,50
1719462555104,175.6,50
1719462555104,175.6,50
1719462555964,175.75,25
1719462556513,174.7,50
1719462556513,174.7,50
1719462558242,175.15,50
1719462558787,175.4,75
1719462559339,175.4,50
1719462559339,175.4,50
1719462559339,175.4,50
1719462563104,175.0,25
1719462563104,175.0,25
1719462565110,174.75,300
1719462565110,174.75,300
1719462565110,174.75,300
1719462567448,175.4,25
1719462567448,175.4,25
1719462568862,174.75,50
1719462569145,174.9,300
1719462569145,174.9,300
1719462570449,174.9,25
1719462570449,174.9,25
1719462571673,174.1,25
1719462571822,174.15,25
1719462572998,174.75,25
1719462572998,174.75,25
1719462574714,174.55,25
1719462574714,174.55,25
1719462575373,175.0,25
1719462575373,175.0,25
1719462576847,176.0,25
1719462576847,176.0,25
1719462579784,177.05,325
1719462579910,176.95,150
1719462579910,176.95,150
1719462582431,177.1,25
1719462583536,176.65,50
1719462583536,176.65,50
1719462584237,176.05,25
1719462584237,176.05,25
1719462586369,175.8,100
1719462586369,175.8,100
1719462588490,175.8,25
1719462590086,175.0,75
1719462590086,175.0,75
1719462590321,175.3,50
1719462590321,175.3,50
1719462592450,175.55,250
1719462592450,175.55,250
1719462592450,175.55,250
1719462594127,175.3,50
1719462595211,175.5,100
1719462596014,175.8,25
1719462596014,175.8,25
1719462597196,176.05,25
1719462597911,175.5,25
1719462597911,175.5,25
1719462599386,175.0,25
1719462600208,174.6,50
1719462600382,173.75,75
1719462600494,174.15,25
1719462601243,172.4,25
1719462601589,173.05,25
1719462602082,172.95,75
1719462603258,173.55,25
1719462603462,173.7,25
1719462603462,173.7,25
1719462604497,174.8,25
1719462604497,174.8,25
1719462606099,175.25,50
1719462606099,175.25,50
1719462606099,175.25,50
1719462609578,174.75,25
1719462610126,175.5,25
1719462610652,175.3,25
1719462611621,175.2,200
1719462612254,175.1,25
1719462613253,174.3,25
1719462613253,174.3,25
1719462614254,174.5,25
1719462614739,174.65,25
1719462614739,174.65,25
1719462616371,174.75,25
1719462616371,174.75,25
1719462616917,174.6,25
1719462617967,174.5,25
1719462617967,174.5,25
1719462619286,174.8,100
1719462619993,175.3,25
1719462621405,175.1,25
1719462621405,175.1,25
1719462622755,175.5,75
1719462623117,175.55,25
1719462624717,176.0,25
1719462624717,176.0,25
1719462625348,176.1,25
1719462626254,175.75,25
1719462626503,175.9,25
1719462627104,176.1,200
1719462628254,174.5,25
1719462628254,174.5,25
1719462629753,174.95,25
1719462630039,175.15,25
1719462630039,175.15,25
1719462630039,175.15,25
1719462631253,174.45,25
1719462631753,174.5,25
1719462631753,174.5,25
1719462633253,173.85,25
1719462633253,173.85,25
1719462633253,173.85,25
1719462633253,173.85,25
1719462633253,173.85,25
1719462633253,173.85,25
1719462633253,173.85,25
1719462641918,174.05,75
1719462641918,174.05,75
1719462643564,175.0,100
1719462644436,175.25,125
1719462644897,174.8,25
1719462645434,174.9,50
1719462645434,174.9,50
1719462647895,174.5,25
1719462647895,174.5,25
1719462649446,174.05,25
1719462649967,174.45,25
1719462649967,174.45,25
1719462651172,174.8,25
1719462651172,174.8,25
1719462651172,174.8,25
1719462651172,174.8,25
1719462655602,175.05,25
1719462656008,174.35,150
1719462656747,174.6,50
1719462656747,174.6,50
1719462658227,172.95,50
1719462658227,172.95,50
1719462660214,172.05,25
1719462660826,171.4,25
1719462660826,171.4,25
1719462661632,171.05,25
1719462662397,171.3,25
1719462663485,171.1,25
1719462663545,171.1,25
1719462704931,169.0,125
1719462704931,169.0,125
1719462706984,168.9,50
1719462707205,168.9,150
1719462708164,169.65,50
1719462708494,168.9,200
1719462708494,168.9,200
1719462709952,169.75,100
1719462710466,169.3,100
1719462711185,169.45,25
1719462711656,168.35,250
1719462712123,168.8,150
1719462713745,167.7,100
1719462714258,167.0,50
1719462715341,166.75,250
1719462715341,166.75,250
1719462715341,166.75,250
1719462717546,166.95,125
1719462717938,167.35,25
1719462718694,166.8,50
1719462718694,166.8,50
1719462720236,167.1,250
1719462720236,167.1,250
1719462720236,167.1,250
1719462721192,165.75,75
1719462721579,165.0,850
1719462722259,163.85,25
1719462723225,163.8,25
1719462723678,163.8,75
1719462723879,164.15,50
1719462725238,164.55,25
1719462725514,165.05,25
1719462725936,164.5,25
1719462726928,164.95,25
1719462727376,165.05,50
1719462728335,164.35,100
1719462728509,164.9,25
1719462729313,164.75,50
1719462730040,165.3,25
1719462730526,165.25,25
1719462731551,164.8,125
1719462731994,165.1,100
1719462732324,165.25,25
1719462733489,165.1,25
1719462734260,165.4,125
1719462735070,165.8,50
1719462735070,165.8,50
1719462736482,166.2,25
1719462736482,166.2,25
1719462737901,166.5,25
1719462738378,166.05,75
1719462738378,166.05,75
1719462739241,166.1,25
1719462739643,166.5,50
1719462741354,166.5,50
1719462741354,166.5,50
1719462743581,165.75,25
1719462743710,166.05,25
1719462744239,166.35,25
1719462745023,165.75,25
1719462745023,165.75,25
1719462746053,165.75,25
1719462746813,166.1,125
1719462746813,166.1,125
1719462748348,165.55,25
1719462748348,165.55,25
1719462749115,165.8,25
1719462749679,166.15,25
1719462749679,166.15,25
1719462750819,166.45,100
1719462750960,166.45,25
1719462751921,166.0,25
1719462752317,165.8,25
1719462753321,165.4,25
1719462753606,165.3,25
1719462753918,165.25,25
1719462754599,165.85,25
1719462755318,165.75,25
1719462755992,165.7,25
1719462757024,164.85,150
1719462757632,164.55,25
1719462758330,165.0,75
1719462759767,164.2,25
1719462759874,165.1,25
1719462760314,164.8,150
1719462761665,164.9,25
1719462762330,164.65,25
1719462762330,164.65,25
1719462764120,165.5,25
1719462764170,165.2,25
1719462764881,165.1,25
1719462765344,165.2,25
1719462766358,164.8,25
1719462766358,164.8,25
1719462768111,165.1,25
1719462768111,165.1,25
1719462768842,164.65,25
1719462769183,164.25,25
1719462770004,164.65,50
1719462771345,164.25,25
1719462771990,162.3,25
1719462772351,162.2,25
1719462772364,162.3,25
1719462773568,161.55,25
1719462773935,161.75,100
1719462775149,161.5,25
1719462775149,161.5,25
1719462776762,160.65,25
1719462777003,161.55,25
1719462777207,161.1,25
1719462778236,161.05,25
1719462778236,161.05,25
1719462779363,161.75,50
1719462780170,161.55,50
1719462780170,161.55,50
1719462780792,161.75,50
1719462781772,161.15,25
1719462781772,161.15,25
1719462782619,160.35,25
1719462783312,160.15,25
1719462783622,160.0,25
1719462783622,160.0,25
1719462785240,159.45,25
1719462785359,159.75,125
1719462786355,160.0,25
1719462786880,159.5,25
1719462786880,159.5,25
1719462788481,159.75,25
1719462788699,159.75,25
1719462789068,159.75,25
1719462790584,158.5,25
1719462791525,158.8,25
1719462791853,158.85,25
1719462792525,158.55,25
1719462793486,159.1,175
1719462793486,159.1,175
1719462794063,159.7,50
1719462795295,158.8,75
1719462795295,158.8,75
1719462796245,158.85,25
1719462796949,160.25,25
1719462796949,160.25,25
1719462798112,160.55,25
1719462798696,160.4,25
1719462798750,160.0,25
1719462800363,158.7,50
1719462801410,158.95,75
1719462801867,158.95,75
1719462801867,158.95,75
1719462803512,158.65,100
1719462803512,158.65,100
1719462804364,159.25,125
1719462805146,159.9,50
1719462805146,159.9,50
1719462806293,160.15,25
1719462807049,160.5,25
1719462807049,160.5,25
1719462808212,160.6,25
1719462808212,160.6,25
1719462809547,161.35,25
1719462810470,161.35,25
1719462810470,161.35,25
1719462810760,161.4,25
1719462811575,161.35,25
1719462812004,161.4,25
1719462812881,161.65,100
1719462813201,161.75,25
1719462813652,161.2,25
1719462814128,160.6,25
1719462815339,160.75,25
1719462815339,160.75,25
1719462816546,160.55,100
1719462817041,160.35,25
1719462817379,160.75,75
1719462818636,161.2,150
1719462819381,161.7,25
1719462820367,162.55,25
1719462820561,163.1,25
1719462820651,163.1,25
1719462822194,163.55,25
1719462822356,162.6,100
1719462823308,163.0,25
1719462823651,163.2,25
1719462824448,163.0,25
1719462825453,162.45,25
1719462825576,162.35,25
1719462825976,162.55,25
1719462825976,162.55,25
1719462827356,162.5,25
1719462828155,162.8,25
1719462828598,162.8,25
1719462829593,162.55,75
1719462830556,162.35,50
1719462830908,162.4,25
1719462832156,162.25,25
1719462832391,162.0,75
1719462832808,161.75,175
1719462833581,161.65,125
1719462834231,162.2,25
1719462835487,161.75,25
1719462836018,162.2,25
1719462837143,162.3,50
1719462837143,162.3,50
1719462837596,162.2,50
1719462838563,162.25,25
1719462839587,162.7,100
1719462840029,162.0,25
1719462840453,162.0,25
1719462840639,162.2,25
1719462840639,162.2,25
1719462842171,162.45,25
1719462842551,161.95,50
1719462842910,162.25,25
1719462842910,162.25,25
1719462844590,161.7,25
1719462845413,161.95,50
1719462845622,162.75,50
1719462846254,162.8,25
1719462846753,163.25,25
1719462846753,163.25,25
1719462848345,163.8,200
1719462848753,163.65,25
1719462849256,163.8,25
1719462849584,164.0,50
1719462850588,163.6,25
1719462851458,163.25,25
1719462851458,163.25,25
1719462853621,163.25,400
1719462855249,163.75,50
1719462856572,163.6,250
1719462857184,163.95,25
1719462857458,163.5,300
1719462858399,163.6,25
1719462858648,163.6,100
1719462859196,163.85,150
1719462859736,163.65,100
1719462860587,163.4,125
1719462861121,163.7,50
1719462862159,162.9,25
1719462862322,163.35,25
1719462863434,163.15,25
1719462864143,163.3,50
1719462865217,163.1,125
1719462865217,163.1,125
1719462865699,162.65,25
1719462866962,163.0,200
1719462867281,163.35,25
1719462868752,163.2,75
1719462869826,164.2,25
1719463136118,162.75,25
1719463137253,161.85,25
1719463139146,161.0,50
1719463139240,161.25,50
1719463319626,160.75,200
1719463320953,160.0,100
1719463321614,159.6,25
1719463322423,159.35,125
1719463322423,159.35,125
1719463323095,159.0,25
1719463324090,159.85,25
1719463324090,159.85,25
1719463324697,159.55,25
1719463324697,159.55,25
1719463326870,159.75,25
1719463326912,160.0,25
1719463326912,160.0,25
1719463326912,160.0,25
1719463331652,160.35,25
1719463332308,159.85,25
1719463332308,159.85,25
1719463334836,160.1,25
1719463335495,160.7,25
1719463337062,160.35,75
1719463337534,159.9,75
1719463339097,160.25,25
1719463339474,160.4,50
1719463339849,160.5,25
1719463339849,160.5,25
1719463341280,160.4,100
1719463341280,160.4,100
1719463343156,160.0,100
1719463343156,160.0,100
1719463344870,161.0,25
1719463345467,160.95,25
1719463345467,160.95,25
1719463345467,160.95,25
1719463347912,161.35,150
1719463347912,161.35,150
1719463349950,161.0,25
1719463350582,160.0,25
1719463350582,160.0,25
1719463351457,160.55,50
1719463352617,160.65,525
1719463352826,160.9,25
1719463353284,160.2,25
1719463353804,160.5,150
1719463353804,160.5,150
1719463355198,159.45,125
1719463355198,159.45,125
1719463356673,159.0,25
1719463357656,158.65,50
1719463358314,158.0,100
1719463358314,158.0,100
1719463360206,157.75,200
1719463360482,158.05,175
1719463360741,158.65,25
1719463361166,158.0,25
1719463362650,159.6,25
1719463362650,159.6,25
1719463364088,159.8,50
1719463364088,159.8,50
1719463364612,159.65,50
1719463364732,159.4,25
1719463364732,159.4,25
1719463367108,159.55,400
1719463367108,159.55,400
1719463367108,159.55,400
1719463367108,159.55,400
1719463371461,159.3,100
1719463372243,158.5,50
1719463372643,158.65,125
1719463374213,158.8,50
1719463374213,158.8,50
1719463376632,159.55,100
1719463378710,159.3,25
1719463379204,159.65,50
1719463379704,160.25,25
1719463379704,160.25,25
1719463379704,160.25,25
1719463381109,161.2,25
1719463381687,161.4,25
1719463382745,161.5,25
1719463384050,161.2,150
1719463384050,161.2,150
1719463384411,159.7,75
1719463385595,160.1,50
1719463385595,160.1,50
1719463386841,159.35,25
1719463387574,159.6,50
1719463387574,159.6,50
1719463388726,160.0,25
1719463388726,160.0,25
1719463388726,160.0,25
1719463388726,160.0,25
1719463393284,161.25,25
1719463393707,160.9,25
1719463393707,160.9,25
1719463395236,161.7,100
1719463395236,161.7,100
1719463395236,161.7,100
1719463398337,162.0,25
1719463398337,162.0,25
1719463400628,161.0,100
1719463400628,161.0,100
1719463401598,161.85,50
1719463402547,161.95,50
1719463402547,161.95,50
1719463403532,161.75,75
1719463404284,162.0,25
1719463404284,162.0,25
1719463404837,161.7,25
1719463404837,161.7,25
1719463406651,162.35,50
1719463407770,162.9,25
1719463407770,162.9,25
1719463408340,163.3,250
1719463409286,162.75,25
1719463409286,162.75,25
1719463410859,164.0,25
1719463410932,164.0,300
1719463411035,164.0,25
1719463412513,163.3,25
1719463413881,163.1,300
1719463413881,163.1,300
1719463414428,162.4,325
1719463415978,163.5,50
1719463415978,163.5,50
1719463416513,163.1,25
1719463417096,163.45,150
1719463417096,163.45,150
1719463418664,163.4,200
1719463418664,163.4,200
1719463420468,163.8,25
1719463420543,164.0,25
1719463421549,163.8,75
1719463422001,163.35,25
1719463422001,163.35,25
1719463423765,164.45,100
1719463424052,164.25,25
1719463424582,163.55,25
1719463425664,163.8,25
1719463425664,163.8,25
1719463427474,163.55,25
1719463427564,163.8,25
1719463428717,167.1,25
1719463429287,166.25,75
1719463429478,167.15,125
1719463430579,165.3,100
1719463430885,165.2,25
1719463431460,165.15,25
1719463432806,168.05,125
1719463432968,167.75,25
1719463434004,166.2,200
1719463434004,166.2,200
1719463435112,166.6,100
1719463435746,166.85,25
1719463437123,166.55,25
1719463437627,166.35,250
1719463438725,165.9,25
1719463438955,166.35,25
1719463439474,166.65,25
1719463440739,165.5,50
1719463440852,165.75,25
1719463440852,165.75,25
1719463441223,166.25,575
1719463442619,165.35,25
1719463442619,165.35,25
1719463444380,165.25,25
1719463444380,165.25,25
1719463444557,165.05,25
1719463445304,164.4,150
1719463446066,165.0,50
1719463447186,165.35,125
1719463447186,165.35,125
1719463448753,165.0,25
1719463449047,165.7,125
1719463449047,165.7,125
1719463450641,165.55,50
1719463450641,165.55,50
1719463452282,165.55,25
1719463452282,165.55,25
1719463452282,165.55,25
1719463455463,164.9,475
1719463455463,164.9,475
1719463455463,164.9,475
1719463458388,164.55,125
1719463458893,164.1,100
1719463459595,165.05,625
1719463459595,165.05,625
1719463462513,164.65,125
1719463462835,165.45,25
1719463463744,164.75,25
1719463463744,164.75,25
1719463465783,165.25,50
1719463465783,165.25,50
1719463466718,165.0,100
1719463467590,164.9,25
1719463468657,164.65,25
1719463468924,164.65,350
1719463469867,164.75,25
1719463470550,163.0,25
1719463470550,163.0,25
1719463471782,162.95,100
1719463471980,163.1,200
1719463473434,163.15,25
1719463473434,163.15,25
1719463474938,163.35,25
1719463475909,162.9,250
1719463476177,162.7,25
1719463476177,162.7,25
1719463477432,162.95,50
1719463478836,164.5,50
1719463478836,164.5,50
1719463480878,165.1,50
1719463480878,165.1,50
1719463480878,165.1,50
1719463483292,165.75,400
1719463483823,165.0,25
1719463483823,165.0,25
1719463483823,165.0,25
1719463486938,165.0,25
1719463487576,165.3,25
1719463487576,165.3,25
1719463489228,164.9,25
1719463489228,164.9,25
1719463489638,165.1,50
1719463489638,165.1,50
1719463492706,166.0,25
1719463493339,165.25,150
1719463494420,165.15,25
1719463494420,165.15,25
1719463495937,165.25,25
1719463495937,165.25,25
1719463496653,165.85,50
1719463497565,165.1,50
1719463497831,165.3,125
1719463497967,165.05,50
1719463499402,165.9,25
1719463499402,165.9,25
1719463500367,165.35,25
1719463500367,165.35,25
1719463501055,164.75,200
1719463501899,165.25,75
1719463502733,165.4,50
1719463502733,165.4,50
1719463503671,165.5,50
1719463503671,165.5,50
1719463505549,165.25,25
1719463505725,166.0,600
1719463506141,166.4,50
1719463506141,166.4,50
1719463507500,166.0,50
1719463507500,166.0,50
1719463508154,165.9,50
1719463508802,165.65,25
1719463509508,164.75,50
1719463510100,165.3,50
1719463511029,166.2,200
1719463511726,166.2,25
1719463511930,166.45,50
1719463513492,166.25,25
1719463514266,165.85,25
1719463514266,165.85,25
1719463515956,166.3,50
1719463515956,166.3,50
1719463517134,166.05,25
1719463517134,166.05,25
1719463518503,166.25,25
1719463518790,166.25,25
1719463518790,166.25,25
1719463519739,166.0,50
1719463520608,165.7,25
1719463520608,165.7,25
1719463521916,165.35,25
1719463522689,165.0,25
1719463522689,165.0,25
1719463523860,164.7,50
1719463524208,164.65,25
1719463524670,163.95,100
1719463525718,163.95,100
1719463526036,164.35,25
1719463526468,164.0,50
1719463527632,163.95,25
1719463528524,164.1,100
1719463528867,163.6,100
1719463529419,164.0,25
1719463530683,163.05,25
1719463531110,163.05,50
1719463531778,163.25,25
1719463532726,162.8,25
1719463532726,162.8,25
1719463533793,163.55,25
1719463534369,162.75,50
1719463534587,163.3,150
1719463534587,163.3,150
1719463536401,162.75,300
1719463536965,162.75,25
1719463537267,161.8,25
1719463537267,161.8,25
1719463538784,162.35,25
1719463538784,162.35,25
1719463539425,162.55,25
1719463540452,162.4,100
1719463540975,162.65,50
1719463541718,162.85,75
1719463542621,162.9,75
1719463543487,162.2,50
1719463544212,162.7,25
1719463544212,162.7,25
1719463545664,162.5,150
1719463545664,162.5,150
1719463546778,162.3,25
1719463547735,162.25,25
1719463548576,162.0,50
1719463549319,161.55,100
1719463549739,160.95,50
1719463550787,161.0,100
1719463550787,161.0,100
1719463550787,161.0,100
1719463553038,162.25,100
1719463553930,162.3,50
1719463553930,162.3,50
1719463554809,162.95,125
1719463555476,163.1,25
1719463555476,163.1,25
1719463556756,162.7,175
1719463556756,162.7,175
1719463558514,162.75,25
1719463558514,162.75,25
1719463558514,162.75,25
1719463560931,162.7,25
1719463560931,162.7,25
1719463562134,163.25,25
1719463562373,162.5,175
1719463564220,163.55,50
1719463564220,163.55,50
1719463564536,164.1,25
1719463565880,163.7,375
1719463565880,163.7,375
1719463566255,163.65,50
1719463566255,163.65,50
1719463569341,164.3,100
1719463569341,164.3,100
1719463570384,164.15,75
1719463570384,164.15,75
1719463572016,163.65,100
1719463572016,163.65,100
1719463573849,164.5,50
1719463573849,164.5,50
1719463574821,164.7,100
1719463574821,164.7,100
1719463576202,164.8,25
1719463577021,164.7,75
1719463577375,164.5,50
1719463578642,164.95,25
1719463578642,164.95,25
1719463579722,165.0,50
1719463580228,165.15,25
1719463580858,164.7,50
1719463580858,164.7,50
1719463582163,165.3,100
1719463583611,165.75,75
1719463583611,165.75,75
1719463583611,165.75,75
1719463587050,165.25,100
1719463587050,165.25,100
1719463587050,165.25,100
1719463589589,165.35,25
1719463590280,165.25,25
1719463590280,165.25,25
1719463590280,165.25,25
1719463591613,165.45,50
1719463592314,165.75,25
1719463592314,165.75,25
1719463593339,165.6,100
1719463593704,165.25,50
1719463593979,165.45,25
1719463594930,165.75,25
1719463595480,165.35,100
1719463595480,165.35,100
1719463596751,166.0,25
1719463597882,166.35,25
1719463597882,166.35,25
1719463598549,165.9,375
1719463598549,165.9,375
1719463598549,165.9,375
1719463602383,165.8,150
1719463602876,165.25,25
1719463602984,165.0,25
1719463603885,164.15,50
1719463604438,163.65,100
1719463604789,163.7,25
1719463605367,163.5,25
1719463606082,163.3,50
1719463606417,163.45,25
1719463607588,163.55,200
1719463608670,163.7,200
1719463608670,163.7,200
1719463609571,164.4,100
1719463610584,164.95,175
1719463611252,164.45,150
1719463611798,164.4,225
1719463612079,165.15,50
1719463612079,165.15,50
1719463613085,164.65,125
1719463614234,164.9,50
1719463614234,164.9,50
1719463615212,165.0,50
1719463615212,165.0,50
1719463616733,164.85,100
1719463616733,164.85,100
1719463618621,165.05,275
1719463618875,165.45,25
1719463619451,165.0,50
1719463619451,165.0,50
1719463620826,165.85,200
1719463621122,166.0,25
1719463621834,166.0,200
1719463622161,166.65,50
1719463623041,166.0,25
1719463623949,165.9,100
1719463623949,165.9,100
1719463624725,165.65,25
1719463624936,166.0,25
1719463624936,166.0,25
1719463627017,166.15,75
1719463627631,166.05,100
1719463627631,166.05,100
1719463628668,165.35,50
1719463628668,165.35,50
1719463630494,165.0,200
1719463630748,165.15,100
1719463631305,165.5,200
1719463631305,165.5,200
1719463632921,165.7,25
1719463633798,165.0,125
1719463634457,165.25,25
1719463634457,165.25,25
1719463635760,165.55,75
1719463636280,165.6,75
1719463636740,165.5,50
1719463637806,164.4,25
1719463637806,164.4,25
1719463640253,164.65,25
1719463640253,164.65,25
1719463640253,164.65,25
1719463644148,163.65,25
1719463644148,163.65,25
1719463645251,163.95,25
1719463645654,163.9,50
1719463646197,164.25,50
1719463646540,164.2,25
1719463647576,165.5,25
1719463647576,165.5,25
1719463649047,165.4,75
1719463649047,165.4,75
1719463649047,165.4,75
1719463649047,165.4,75
1719463649047,165.4,75
1719463654503,166.35,25
1719463654503,166.35,25
1719463655676,166.4,25
1719463655676,166.4,25
1719463656649,166.5,25
1719463656649,166.5,25
1719463658642,166.1,25
1719463658871,165.9,275
1719463658871,165.9,275
1719463660393,166.4,100
1719463661184,166.45,25
1719463661184,166.45,25
1719463661986,166.0,25
1719463662679,166.1,125
1719463663427,165.9,25
1719463663427,165.9,25
1719463664774,166.75,25
1719463665944,166.95,25
1719463665944,166.95,25
1719463667777,166.45,25
1719463667777,166.45,25
1719463668791,166.85,25
1719463669434,166.9,25
1719463669434,166.9,25
1719463670521,167.0,25
1719463670521,167.0,25
1719463671728,166.55,25
1719463671728,166.55,25
1719463673075,166.15,25
1719463673531,165.4,75
1719463674341,165.0,25
1719463674341,165.0,25
1719463676084,166.25,25
1719463676084,166.25,25
1719463676576,166.75,125
1719463676883,166.75,25
1719463678551,166.25,25
1719463678983,166.5,25
1719463679735,166.8,25
1719463680678,167.0,25
1719463680678,167.0,25
1719463681627,166.6,75
1719463682440,166.35,25
1719463682440,166.35,25
1719463683296,166.2,25
1719463684347,166.75,25
1719463684804,166.75,100
1719463685170,166.6,75
1719463685893,166.45,25
1719463686976,165.85,25
1719463687909,165.3,25
1719463687909,165.3,25
1719463688345,165.75,25
1719463689505,165.75,125
1719463689505,165.75,125
1719463690161,166.15,25
1719463690161,166.15,25
1719463691863,166.8,50
1719463691863,166.8,50
1719463693240,166.9,25
1719463693240,166.9,25
1719463695814,166.2,50
1719463696024,167.0,25
1719463696800,167.15,50
1719463696800,167.15,50
1719463698883,165.2,25
1719463699443,165.25,75
1719463699674,165.15,50
1719463700495,166.15,25
1719463701276,165.75,25
1719463701276,165.75,25
1719463702294,165.75,150
1719463702294,165.75,150
1719463703579,165.4,75
1719463704235,165.7,25
1719463704235,165.7,25
1719463705682,165.0,50
1719463705682,165.0,50
1719463706593,165.0,25
1719463707845,164.8,50
1719463708297,165.4,200
1719463708297,165.4,200
1719463710459,165.15,25
1719463710794,164.7,25
1719463711354,164.65,100
1719463711354,164.65,100
1719463712257,163.6,50
1719463712257,163.6,50
1719463713718,164.1,25
1719463713718,164.1,25
1719463714826,164.95,300
1719463715414,164.95,25
1719463715414,164.95,25
1719463716641,164.05,100
1719463717732,163.8,25
1719463718929,164.1,125
1719463719551,163.6,25
1719463719551,163.6,25
1719463720455,163.55,225
1719463720455,163.55,225
1719463722627,163.25,25
1719463722627,163.25,25
1719463723294,164.0,25
1719463723983,163.2,50
1719463724529,163.25,50
1719463724529,163.25,50
1719463724969,163.65,75
1719463726455,163.85,150
1719463726455,163.85,150
1719463726455,163.85,150
1719463729243,165.0,25
1719463729602,165.45,25
1719463729602,165.45,25
1719463730350,165.45,100
1719463730350,165.45,100
1719463730350,165.45,100
1719463734452,165.15,25
1719463734452,165.15,25
1719463735891,164.7,125
1719463735891,164.7,125
1719463735891,164.7,125
1719463738366,163.85,25
1719463738655,163.9,25
1719463738965,164.05,50
1719463738965,164.05,50
1719463740684,163.95,25
1719463741437,163.25,25
1719463741437,163.25,25
1719463742742,163.8,25
1719463742742,163.8,25
1719463743600,164.25,25
1719463744536,164.1,25
1719463744536,164.1,25
1719463744962,164.05,75
1719463746489,163.85,25
1719463746769,164.6,25
1719463747309,164.15,25
1719463747309,164.15,25
1719463749007,164.1,25
1719463749507,164.25,50
1719463749507,164.25,50
1719463750175,164.15,25
1719463750175,164.15,25
1719463751404,164.2,25
1719463752602,163.0,50
1719463752602,163.0,50
1719463753447,163.6,75
1719463754685,163.85,25
1719463754685,163.85,25
1719463755740,163.95,25
1719463756282,164.05,25
1719463756327,164.05,25
1719463757512,163.5,25
1719463757512,163.5,25
1719463758657,163.35,25
1719463759497,162.5,50
1719463759891,162.0,25
1719463760424,161.85,25
1719463761081,161.2,25
1719463761081,161.2,25
1719463762857,161.25,50
1719463762857,161.25,50
1719463764113,162.0,25
1719463764299,161.5,25
1719463764897,162.1,150
1719463765788,162.0,25
1719463766307,162.35,150
1719463766644,162.7,25
1719463767957,162.65,25
1719463768678,162.85,25
1719463768678,162.85,25
1719463770378,163.0,50
1719463770378,163.0,50
1719463771329,163.1,50
1719463771329,163.1,50
1719463772164,163.0,50
1719463772164,163.0,50
1719463773707,162.15,50
1719463774284,162.1,100
1719463774665,161.6,50
1719463774665,161.6,50
1719463774665,161.6,50
1719463776475,161.05,200
1719463776987,161.0,25
1719463777220,160.65,25
1719463777220,160.65,25
1719463777220,160.65,25
1719463779879,161.25,100
1719463780949,162.0,300
1719463780949,162.0,300
1719463782851,162.1,25
1719463782851,162.1,25
1719463784000,161.85,25
1719463784000,161.85,25
1719463785440,161.7,50
1719463785440,161.7,50
1719463786464,162.25,25
1719463786750,162.2,25
1719463786750,162.2,25
1719463789082,161.95,175
1719463789082,161.95,175
1719463789760,162.15,25
1719463791083,161.25,125
1719463791083,161.25,125
1719463791967,161.25,225
1719463791967,161.25,225
1719463793611,161.05,75
1719463794162,160.85,50
1719463794162,160.85,50
1719463795833,161.15,100
1719463795833,161.15,100
1719463797093,161.6,100
1719463797495,161.35,50
1719463797495,161.35,50
1719463797495,161.35,50
1719463797495,161.35,50
1719463801329,161.75,100
1719463801439,161.55,75
1719463802052,161.05,25
1719463802052,161.05,25
1719463803621,162.2,50
1719463804387,161.15,50
1719463804387,161.15,50
1719463806230,162.0,25
1719463806844,161.85,125
1719463807301,162.0,25
1719463807301,162.0,25
1719463808570,161.6,25
1719463808570,161.6,25
1719463810834,161.0,25
1719463810983,160.7,25
1719463811787,161.35,50
1719463812188,161.4,25
1719463813195,159.6,25
1719463814104,159.55,275
1719463814765,159.25,75
1719463814838,159.3,50
1719463816044,159.75,150
1719463816366,159.35,25
1719463816834,159.85,25
1719463817673,160.6,25
1719463817673,160.6,25
1719463819151,161.35,25
1719463819151,161.35,25
1719463819811,160.35,25
1719463820451,160.8,225
1719463820451,160.8,225
1719463823118,160.7,25
1719463823118,160.7,25
1719463824136,160.7,25
1719463824136,160.7,25
1719463824136,160.7,25
1719463824136,160.7,25
1719463828923,161.55,25
1719463829897,162.2,100
1719463830853,162.3,25
1719463830853,162.3,25
1719463830853,162.3,25
1719463831721,161.9,50
1719463832627,161.25,75
1719463833011,161.0,275
1719463833011,161.0,275
1719463833011,161.0,275
1719463836033,161.5,25
1719463836033,161.5,25
1719463837284,162.15,25
1719463837284,162.15,25
1719463838705,162.25,25
1719463838705,162.25,25
1719463840169,162.8,25
1719463840169,162.8,25
1719463841955,163.3,50
1719463842977,163.1,50
1719463843156,164.15,25
1719463843620,163.9,25
1719463844709,163.5,150
1719463844709,163.5,150
1719463845208,164.2,25
1719463846328,163.85,25
1719463846660,164.15,50
1719463847696,163.95,50
1719463847696,163.95,50
1719463848849,163.75,25
1719463848849,163.75,25
1719463849932,164.0,25
1719463850450,163.85,50
1719463851080,164.2,250
1719463851080,164.2,250
1719463853136,164.05,25
1719463853136,164.05,25
1719463854724,164.45,25
1719463854724,164.45,25
1719463855040,164.25,100
1719463855040,164.25,100
1719463857489,164.85,275
1719463857749,164.5,350
1719463858048,164.1,100
1719463858905,163.0,200
1719463859715,162.8,25
1719463859715,162.8,25
1719463860238,162.0,150
1719463860238,162.0,150
1719463860238,162.0,150
1719463861897,162.2,25
1719463861897,162.2,25
1719463863909,162.3,25
1719463864534,162.05,125
1719463864534,162.05,125
1719463865875,162.85,25
1719463865875,162.85,25
1719463867785,163.7,50
1719463867785,163.7,50
1719463869105,163.7,25
1719463869833,163.2,25
1719463870891,162.85,25
1719463871392,162.85,25
1719463871956,162.8,25
1719463872651,162.75,25
1719463873108,163.05,25
1719463873893,163.4,25
1719463874596,163.15,25
1719463874989,163.15,25
1719463875626,164.0,50
1719463876450,164.1,100
1719463876450,164.1,100
1719463878119,162.6,150
1719463878119,162.6,150
1719463878939,162.2,50
1719463878939,162.2,50
1719463880758,162.4,25
1719463880914,162.1,100
1719463880914,162.1,100
1719463882422,162.0,25
1719463882422,162.0,25
1719463884371,161.85,100
1719463884371,161.85,100
1719463885432,161.85,100
1719463885940,161.2,25
1719463886447,161.8,250
1719463886447,161.8,250
1719463888145,161.1,250
1719463888145,161.1,250
1719463889527,161.25,25
1719463889527,161.25,25
1719463889970,161.3,25
1719463890534,161.1,25
1719463890534,161.1,25
1719463891346,161.55,75
1719463891346,161.55,75
1719463891346,161.55,75
1719463891346,161.55,75
1719463895444,162.25,25
1719463896244,162.4,175
1719463896244,162.4,175
1719463896244,162.4,175
1719463898996,162.5,150
1719463898996,162.5,150
1719463898996,162.5,150
1719463898996,162.5,150
1719463898996,162.5,150
1719463898996,162.5,150
1719463907298,161.5,25
1719463907968,160.95,50
1719463908028,161.45,250
1719463908446,161.45,100
1719463909887,161.35,175
1719463910974,160.8,25
1719463910974,160.8,25
1719463910974,160.8,25
1719463910974,160.8,25
1719463910974,160.8,25
1719463917506,160.75,100
1719463917632,160.75,25
1719463917632,160.75,25
1719463919427,160.8,50
1719463919863,161.35,50
1719463920278,161.45,150
1719463920278,161.45,150
1719463920278,161.45,150
1719463922277,161.85,25
1719463922709,161.4,25
1719463923335,161.65,25
1719463923335,161.65,25
1719463924545,161.7,25
1719463925771,162.1,25
1719463926138,161.55,25
1719463926138,161.55,25
1719463927216,161.75,25
1719463927216,161.75,25
1719463927216,161.75,25
1719463930179,161.8,25
1719463930179,161.8,25
1719463933358,161.0,75
1719463933596,160.8,25
1719463933596,160.8,25
1719463935391,160.0,25
1719463935515,159.0,1500
1719463935515,159.0,1500
1719463938374,161.25,25
1719463938423,161.0,25
1719463938423,161.0,25
1719463938423,161.0,25
1719463940202,161.35,25
1719463941318,161.55,25
1719463941318,161.55,25
1719463941318,161.55,25
1719463941318,161.55,25
1719463941318,161.55,25
1719463946759,161.4,75
1719463946759,161.4,75
1719463946759,161.4,75
1719463950195,161.55,50
1719463950195,161.55,50
1719463950195,161.55,50
1719463952497,162.25,25
1719463952497,162.25,25
1719463953539,162.25,25
1719463953539,162.25,25
1719463955372,162.0,25
1719463956276,162.4,25
1719463956276,162.4,25
1719463956977,163.0,25
1719463957432,162.5,25
1719463958302,162.7,25
1719463958302,162.7,25
1719463958302,162.7,25
1719463960124,163.45,25
1719463960283,163.05,25
1719463961423,163.7,75
1719463961423,163.7,75
1719463962461,163.55,275
1719463962461,163.55,275
1719463963959,163.05,75
1719463964713,163.55,50
1719463965178,162.9,25
1719463966451,162.85,200
1719463966451,162.85,200
1719463967693,162.6,25
1719463967693,162.6,25
1719463968812,163.25,100
1719463970009,163.55,25
1719463970502,163.1,50
1719463971264,163.75,25
1719463971264,163.75,25
1719463972242,163.25,25
1719463972242,163.25,25
1719463972242,163.25,25
1719463976179,163.45,50
1719463976327,163.35,100
1719463976327,163.35,100
1719463978257,163.5,25
1719463978374,163.15,50
1719463979020,162.8,25
1719463979923,162.2,50
1719463979923,162.2,50
1719463981332,162.4,25
1719463981332,162.4,25
1719463982185,162.05,25
1719463982860,162.05,25
1719463982860,162.05,25
1719463984570,162.8,25
1719463984570,162.8,25
1719463985472,163.1,100
1719463985986,162.95,125
1719463985986,162.95,125
1719463986916,163.05,75
1719463987668,163.3,50
1719463987668,163.3,50
1719463989507,163.0,25
1719463989507,163.0,25
1719463990556,163.5,125
1719463990556,163.5,125
1719463991881,162.8,150
1719463991881,162.8,150
1719463994344,163.75,75
1719463994344,163.75,75
1719463995727,163.05,25
1719463995727,163.05,25
1719463995727,163.05,25
1719463998774,163.25,25
1719463999689,163.75,25
1719463999939,164.0,100
1719464000715,164.3,25
1719464000715,164.3,25
1719464002673,163.4,25
1719464002673,163.4,25
1719464003732,163.0,25
1719464003989,163.1,425
1719464004892,163.9,50
1719464006227,164.2,25
1719464006227,164.2,25
1719464006753,163.65,25
1719464006753,163.65,25
1719464008507,163.9,125
1719464008738,163.55,25
1719464009757,164.0,25
1719464010752,163.5,25
1719464010752,163.5,25
1719464010752,163.5,25
1719464012176,164.25,25
1719464012769,163.95,25
1719464013126,164.1,25
1719464013126,164.1,25
1719464013126,164.1,25
1719464016283,164.1,25
1719464016283,164.1,25
1719464017414,163.75,125
1719464017414,163.75,125
1719464019529,163.5,75
1719464019529,163.5,75
1719464020934,163.0,25
1719464021491,162.25,25
1719464021491,162.25,25
1719464022965,161.8,50
1719464022965,161.8,50
1719464025934,163.45,250
1719464025934,163.45,250
1719464026998,163.35,25
1719464026998,163.35,25
1719464026998,163.35,25
1719464030318,163.35,25
1719464031361,163.95,75
1719464031361,163.95,75
1719464031361,163.95,75
1719464034437,164.35,25
1719464034437,164.35,25
1719464034437,164.35,25
1719464037543,164.2,100
1719464037862,164.55,25
1719464037862,164.55,25
1719464038882,164.9,75
1719464040015,165.0,25
1719464040015,165.0,25
1719464041571,164.5,25
1719464042113,164.75,50
1719464043068,165.05,100
1719464043114,165.2,25
1719464043114,165.2,25
1719464044706,165.5,25
1719464045626,164.9,150
1719464046637,165.15,25
1719464046637,165.15,25
1719464047194,165.7,300
1719464047194,165.7,300
1719464049283,165.55,25
1719464049457,165.45,25
1719464050198,165.4,50
1719464050198,165.4,50
1719464052115,165.35,100
1719464052859,165.2,50
1719464052859,165.2,50
1719464053816,165.4,150
1719464054869,165.15,200
1719464055698,164.55,25
1719464055698,164.55,25
1719464057037,164.2,25
1719464057331,163.75,25
1719464057331,163.75,25
1719464057331,163.75,25
1719464057331,163.75,25
1719464062701,165.75,125
1719464063271,165.65,75
1719464063271,165.65,75
1719464063457,166.1,75
1719464063457,166.1,75
1719464065334,166.0,25
1719464066660,166.15,25
1719464067700,165.75,200
1719464067700,165.75,200
1719464069627,165.9,25
1719464069627,165.9,25
1719464069627,165.9,25
1719464069627,165.9,25
1719464072786,165.75,50
1719464073164,166.0,75
1719464075087,165.95,150
1719464075087,165.95,150
1719464078212,166.2,100
1719464078212,166.2,100
1719464079237,166.2,75
1719464079837,166.25,25
1719464079837,166.25,25
1719464079837,166.25,25
1719464082576,166.5,50
1719464082766,166.1,75
1719464082766,166.1,75
1719464084455,166.75,25
1719464085127,167.1,25
1719464085127,167.1,25
1719464086462,166.45,75
1719464086462,166.45,75
1719464087093,166.75,100
1719464087950,166.85,25
1719464088302,167.1,25
1719464088837,167.0,25
1719464090320,166.4,100
1719464091259,166.7,25
1719464091468,166.6,175
1719464091468,166.6,175
1719464093010,165.0,150
1719464093010,165.0,150
1719464093865,164.8,25
1719464095115,164.55,50
1719464095115,164.55,50
1719464095115,164.55,50
1719464095115,164.55,50
1719464099774,165.5,25
1719464100179,165.25,25
1719464100179,165.25,25
1719464100614,165.65,25
1719464100614,165.65,25
1719464101771,165.25,175
1719464101771,165.25,175
1719464102202,165.15,25
1719464102202,165.15,25
1719464105121,164.8,25
1719464105121,164.8,25
1719464106910,164.75,25
1719464107828,165.5,25
1719464108279,165.0,50
1719464108279,165.0,50
1719464108882,165.2,50
1719464108882,165.2,50
1719464108882,165.2,50
1719464111968,165.6,25
1719464112935,165.55,25
1719464112935,165.55,25
1719464113750,165.3,250
1719464113750,165.3,250
1719464113750,165.3,250
1719464117907,165.45,25
1719464118119,165.0,50
1719464118588,165.35,25
1719464119252,165.0,25
1719464119861,164.8,25
1719464119861,164.8,25
1719464121138,164.0,50
1719464121203,164.05,25
1719464121918,163.8,25
1719464122474,164.75,25
1719464123360,164.95,25
1719464123871,165.15,250
1719464123871,165.15,250
1719464125924,165.0,200
1719464125957,165.05,25
1719464126343,164.85,25
1719464127021,165.3,25
1719464127567,165.1,25
1719464128574,165.2,25
1719464128828,164.9,50
1719464130078,164.7,25
1719464130078,164.7,25
1719464130078,164.7,25
1719464131701,165.2,25
1719464131701,165.2,25
1719464132534,165.6,25
1719464133006,165.95,25
1719464133608,165.75,25
1719464134035,165.9,25
1719464134035,165.9,25
1719464135635,166.15,100
1719464136297,166.2,25
1719464136297,166.2,25
1719464136297,166.2,25
1719464138917,166.45,25
1719464140075,167.2,50
1719464140254,167.35,50
1719464140254,167.35,50
1719464140254,167.35,50
1719464142104,167.0,50
1719464142914,166.5,50
1719464143587,165.75,25
1719464144190,165.5,25
1719464145240,165.3,50
1719464146591,165.4,25
1719464146591,165.4,25
1719464146916,165.4,225
1719464147696,165.35,50
1719464148701,165.2,175
1719464149132,165.15,75
1719464149868,165.15,75
1719464149868,165.15,75
1719464151086,165.0,25
1719464151086,165.0,25
1719464152053,164.6,200
1719464152519,165.2,100
1719464152519,165.2,100
1719464154707,165.1,25
1719464155138,165.55,25
1719464155138,165.55,25
1719464155782,166.0,75
1719464156788,166.25,50
1719464156788,166.25,50
1719464158123,166.15,150
1719464158123,166.15,150
1719464159890,166.6,25
1719464160113,165.9,225
1719464160113,165.9,225
1719464160113,165.9,225
1719464160113,165.9,225
1719464162350,166.15,25
1719464162595,166.15,25
1719464162595,166.15,25
1719464163771,165.35,25
1719464164986,165.1,150
1719464164986,165.1,150
1719464164986,165.1,150
1719464168138,165.4,25
1719464168138,165.4,25
1719464170081,165.0,25
1719464170081,165.0,25
1719464171129,165.0,25
1719464171275,165.0,25
1719464171275,165.0,25
1719464172703,165.45,25
1719464173556,164.65,25
1719464173817,165.05,175
1719464175066,165.5,25
1719464175315,165.1,25
1719464175606,165.0,50
1719464175606,165.0,50
1719464177448,165.9,50
1719464178630,165.65,25
1719464178630,165.65,25
1719464180782,165.0,25
1719464180782,165.0,25
1719464182772,164.9,50
1719464182772,164.9,50
1719464182772,164.9,50
1719464186689,164.95,50
1719464186689,164.95,50
1719464187907,164.9,50
1719464188355,165.6,50
1719464188708,165.4,25
1719464189175,165.3,25
1719464189800,165.3,25
1719464190291,165.15,25
1719464190291,165.15,25
1719464190291,165.15,25
1719464191619,166.1,25
1719464192088,165.65,25
1719464193790,165.8,50
1719464194645,165.1,25
1719464194980,165.1,25
1719464194980,165.1,25
1719464196054,165.0,25
1719464196650,164.5,25
1719464196650,164.5,25
1719464197748,165.15,50
1719464198485,164.4,25
1719464198882,164.85,25
1719464198882,164.85,25
1719464200793,165.5,100
1719464201253,166.0,25
1719464201253,166.0,25
1719464202760,166.15,25
1719464203254,166.0,25
1719464203784,165.75,25
1719464204055,165.5,25
1719464205205,165.05,25
1719464205291,165.05,25
1719464205868,165.15,25
1719464206481,165.45,25
1719464207145,165.8,25
1719464207890,165.25,25
1719464207890,165.25,25
1719464207890,165.25,25
1719464207890,165.25,25
1719464212804,164.95,100
1719464212804,164.95,100
1719464213979,165.25,100
1719464213979,165.25,100
1719464215611,165.25,300
1719464216446,165.2,50
1719464216446,165.2,50
1719464218349,164.1,150
1719464218349,164.1,150
1719464219077,163.1,125
1719464220118,163.35,175
1719464220405,162.6,25
1719464220509,162.6,150
1719464220887,163.15,25
1719464221836,163.1,75
1719464221836,163.1,75
1719464222388,163.5,25
1719464222388,163.5,25
1719464222388,163.5,25
1719464226061,162.0,150
1719464226061,162.0,150
1719464227306,162.4,50
1719464227978,161.6,50
1719464227978,161.6,50
1719464229474,161.35,100
1719464229994,161.2,25
1719464230676,161.0,100
1719464231952,160.8,50
1719464232139,160.95,75
1719464232906,161.6,25
1719464232906,161.6,25
1719464235267,161.45,50
1719464235267,161.45,50
1719464236538,161.0,25
1719464236538,161.0,25
1719464237312,161.5,50
1719464238073,161.2,25
1719464238073,161.2,25
1719464240260,161.3,25
1719464241030,161.35,300
1719464241030,161.35,300
1719464242234,161.45,25
1719464243009,161.35,50
1719464243009,161.35,50
1719464243009,161.35,50
1719464246768,159.95,75
1719464247022,159.1,525
1719464247022,159.1,525
1719464248383,157.55,25
1719464248383,157.55,25
1719464249371,156.65,50
1719464250024,157.65,150
1719464250475,158.65,75
1719464250475,158.65,75
1719464251548,157.1,50
1719464252058,158.3,300
1719464252058,158.3,300
1719464253150,157.3,175
1719464253647,156.85,150
1719464254105,156.05,50
1719464255180,157.0,200
1719464256032,157.35,25
1719464256032,157.35,25
1719464257651,156.5,100
1719464257949,156.95,75
1719464257949,156.95,75
1719464258975,156.0,75
1719464260388,157.45,25
1719464260388,157.45,25
1719464260900,157.35,25
1719464261956,157.45,25
1719464262395,157.2,25
1719464263196,157.05,25
1719464263550,156.95,25
1719464263550,156.95,25
1719464265332,157.1,25
1719464265876,156.5,50
1719464267009,157.6,25
1719464267009,157.6,25
1719464267270,157.1,50
1719464268591,156.55,25
1719464268591,156.55,25
1719464270143,156.3,50
1719464270143,156.3,50
1719464270556,156.45,125
1719464272049,157.25,50
1719464272049,157.25,50
1719464272511,157.5,50
1719464272511,157.5,50
1719464273926,157.6,100
1719464275025,158.0,25
1719464275025,158.0,25
1719464276774,157.25,100
1719464276936,156.9,25
1719464276936,156.9,25
1719464278105,157.7,25
1719464278105,157.7,25
1719464279507,158.0,25
1719464280441,158.95,25
1719464280858,158.0,25
1719464281395,157.6,25
1719464281395,157.6,25
1719464282151,157.65,25
1719464282570,157.4,25
1719464282570,157.4,25
1719464284297,157.35,150
1719464284297,157.35,150
1719464285636,157.55,50
1719464286064,157.35,25
1719464286524,157.6,200
1719464286524,157.6,200
1719464287472,157.55,175
1719464287472,157.55,175
1719464289748,157.35,275
1719464289748,157.35,275
1719464290824,157.8,175
1719464291498,157.15,25
1719464292232,155.35,150
1719464292775,155.3,100
1719464293424,156.0,25
1719464294078,155.75,75
1719464294078,155.75,75
1719464295573,156.05,125
1719464296082,156.0,50
1719464296995,157.15,25
1719464297423,156.05,125
1719464298070,156.0,25
1719464298728,156.0,100
1719464299065,155.25,50
1719464300283,155.75,50
1719464300283,155.75,50
1719464301224,156.3,25
1719464301550,155.8,25
1719464301550,155.8,25
1719464302970,156.45,50
1719464302970,156.45,50
1719464304097,156.7,50
1719464305419,156.7,50
1719464306053,157.0,25
1719464307197,156.55,25
1719464307812,156.25,25
1719464307812,156.25,25
1719464309419,155.9,25
1719464310332,155.0,75
1719464310858,155.55,75
1719464311075,155.8,25
1719464312045,155.65,50
1719464312045,155.65,50
1719464313153,155.45,50
1719464313153,155.45,50
1719464314566,153.85,75
1719464315360,154.2,50
1719464316023,154.0,100
1719464317031,153.7,50
1719464317447,153.5,50
1719464318244,154.05,50
1719464318748,154.5,50
1719464319049,154.4,50
1719464320315,153.9,400
1719464320980,154.35,50
1719464322004,153.9,25
1719464322246,154.65,175
1719464323097,154.35,50
1719464323769,153.75,25
1719464324085,153.75,100
1719464325150,154.2,50
1719464326442,154.5,50
1719464327120,154.65,25
1719464327244,154.8,50
1719464328066,155.7,50
1719464328450,156.45,100
1719464329222,157.05,75
1719464330208,156.8,25
1719464330361,157.0,25
1719464330361,157.0,25
1719464332080,156.0,25
1719464333736,155.05,100
1719464333736,155.05,100
1719464334770,155.15,50
1719464334770,155.15,50
1719464336431,155.85,50
1719464336431,155.85,50
1719464336431,155.85,50
1719464339728,155.3,125
1719464340378,155.6,25
1719464340752,155.8,150
1719464340752,155.8,150
1719464342158,156.1,25
1719464342158,156.1,25
1719464342890,156.15,25
1719464343788,155.7,25
1719464344453,156.1,100
1719464345128,156.1,300
1719464345128,156.1,300
1719464346100,156.15,25
1719464346873,155.6,50
1719464348214,155.65,25
1719464348214,155.65,25
1719464348214,155.65,25
1719464351221,156.25,25
1719464352163,156.2,50
1719464352163,156.2,50
1719464352553,155.95,25
1719464353573,156.55,25
1719464354127,156.55,100
1719464354127,156.55,100
1719464356266,155.65,50
1719464357007,156.2,25
1719464357007,156.2,25
1719464357806,156.0,25
1719464358611,156.45,25
1719464358611,156.45,25
1719464360477,155.6,50
1719464360477,155.6,50
1719464361045,156.25,75
1719464362069,155.05,25
1719464362069,155.05,25
1719464365289,155.7,25
1719464365408,155.75,25
1719464366326,155.65,50
1719464367141,155.75,25
1719464367141,155.75,25
1719464367895,156.5,25
1719464368797,156.4,50
1719464368797,156.4,50
1719464368797,156.4,50
1719464368797,156.4,50
1719464371662,156.25,50
1719464371662,156.25,50
1719464373422,155.8,25
1719464373823,156.1,50
1719464373885,155.7,25
1719464373885,155.7,25
1719464375946,156.2,50
1719464376348,156.0,50
1719464376348,156.0,50
1719464376348,156.0,50
1719464379074,156.3,75
1719464379180,156.5,500
1719464379621,156.45,75
1719464379621,156.45,75
1719464381202,155.9,25
1719464381202,155.9,25
1719464382701,155.85,100
1719464382701,155.85,100
1719464384056,157.05,175
1719464384056,157.05,175
1719464386933,157.1,25
1719464386933,157.1,25
1719464387568,156.9,50
1719464387924,156.95,50
1719464387924,156.95,50
1719464389632,157.05,25
1719464390543,156.8,250
1719464392167,156.3,50
1719464393500,156.85,75
1719464393500,156.85,75
1719464394046,155.9,75
1719464394684,156.45,25
1719464395361,156.95,25
1719464395361,156.95,25
1719464397058,156.75,25
1719464398075,155.85,25
1719464398488,155.8,25
1719464398488,155.8,25
1719464400049,155.9,100
1719464400591,156.0,25
1719464400798,156.1,75
1719464401011,156.1,300
1719464401954,157.0,25
1719464403108,157.05,25
1719464403883,156.3,300
1719464403883,156.3,300
1719464405159,156.6,50
1719464405597,156.3,50
1719464405907,155.95,25
1719464407046,156.25,50
1719464407046,156.25,50
1719464408267,156.3,25
1719464408907,156.05,25
1719464409223,156.1,375
1719464409921,156.25,50
1719464409921,156.25,50
1719464411477,156.5,100
1719464411873,156.55,50
1719464412746,156.65,25
1719464413369,157.25,100
1719464413369,157.25,100
1719464415020,156.65,50
1719464415580,156.85,25
1719464415580,156.85,25
1719464417327,157.0,25
1719464418077,156.4,25
1719464418982,156.45,50
1719464419204,156.55,50
1719464420009,156.05,25
1719464420009,156.05,25
1719464421474,156.6,125
1719464421929,156.75,100
1719464421929,156.75,100
1719464423296,156.85,100
1719464423920,156.8,50
1719464424131,156.8,50
1719464424131,156.8,50
1719464426116,156.5,100
1719464426511,156.5,175
1719464426815,156.15,50
1719464428311,156.55,25
1719464429055,156.2,75
1719464429055,156.2,75
1719464429055,156.2,75
1719464429055,156.2,75
1719464432309,156.05,25
1719464432790,156.5,50
1719464434023,156.2,25
1719464434023,156.2,25
1719464434596,155.6,25
1719464434596,155.6,25
1719464436403,155.6,50
1719464437249,155.95,75
1719464438111,155.1,450
1719464438498,154.95,125
1719464439490,155.7,100
1719464440356,154.9,25
1719464440356,154.9,25
1719464441508,155.45,25
1719464441905,155.5,100
1719464441905,155.5,100
1719464444916,156.15,25
1719464445276,156.25,25
1719464445276,156.25,25
1719464446170,155.6,25
1719464447293,156.0,625
1719464447293,156.0,625
1719464447924,156.55,75
1719464447924,156.55,75
1719464449463,156.45,25
1719464450414,156.4,50
1719464450742,156.5,75
1719464450986,156.15,125
1719464450986,156.15,125
1719464452908,155.85,75
1719464453496,156.0,575
1719464453593,156.55,75
1719464454329,157.1,200
1719464455445,156.55,100
1719464455445,156.55,100
1719464456575,156.1,50
1719464456784,156.55,100
1719464457455,156.75,25
1719464457455,156.75,25
1719464459508,156.5,25
1719464460312,156.85,50
1719464460312,156.85,50
1719464460312,156.85,50
1719464461543,157.3,50
1719464462285,156.6,25
1719464462285,156.6,25
1719464463415,157.25,25
1719464463974,157.1,25
1719464463974,157.1,25
1719464465353,157.45,50
1719464465353,157.45,50
1719464466212,157.25,25
1719464466590,156.65,25
1719464466590,156.65,25
1719464467813,157.0,25
1719464468968,156.9,25
1719464469196,157.1,50
1719464469979,156.55,50
1719464469979,156.55,50
1719464470735,156.9,25
1719464471884,156.35,50
1719464473788,156.0,1000
1719464474798,156.25,100
1719464475593,155.8,50
1719464475642,156.2,50
1719464476283,156.15,50
1719464477209,156.25,25
1719464477209,156.25,25
1719464478956,156.9,50
1719464478956,156.9,50
1719464478956,156.9,50
1719464482409,157.3,50
1719464482726,157.25,100
1719464483955,157.0,25
1719464483955,157.0,25
1719464485590,156.5,200
1719464485590,156.5,200
1719464485777,157.0,25
1719464487182,157.15,25
1719464487182,157.15,25
1719464488459,157.2,25
1719464488459,157.2,25
1719464489447,157.3,100
1719464490221,157.25,25
1719464490221,157.25,25
1719464490221,157.25,25
1719464491318,157.0,50
1719464491318,157.0,50
1719464494055,157.0,75
1719464494856,157.05,125
1719464495512,157.45,25
1719464496037,157.15,25
1719464496634,156.85,25
1719464496634,156.85,25
1719464498898,156.75,25
1719464499497,156.0,75
1719464500275,155.9,25
1719464500619,155.25,75
1719464501063,155.9,25
1719464502047,156.3,100
1719464502047,156.3,100
1719464502047,156.3,100
1719464504175,156.5,25
1719464504776,156.3,25
1719464505399,156.85,25
1719464506206,157.0,50
1719464507391,157.2,25
1719464507391,157.2,25
1719464507391,157.2,25
1719464507391,157.2,25
1719464511403,157.2,25
1719464512105,156.55,25
1719464512105,156.55,25
1719464512716,156.9,100
1719464513903,157.45,25
1719464513903,157.45,25
1719464514513,157.0,50
1719464514513,157.0,50
1719464514513,157.0,50
1719464517782,157.2,25
1719464518536,157.65,75
1719464518979,157.6,500
1719464518979,157.6,500
1719464518979,157.6,500
1719464518979,157.6,500
1719464521184,156.85,50
1719464522142,157.5,175
1719464522478,158.0,75
1719464522833,158.35,25
1719464522833,158.35,25
1719464524556,158.8,25
1719464525736,158.05,25
1719464526088,158.05,50
1719464527236,157.45,50
1719464527236,157.45,50
1719464528464,157.3,100
1719464528982,157.5,100
1719464528982,157.5,100
1719464529437,157.55,25
1719464529437,157.55,25
1719464530805,158.05,25
1719464531626,157.6,25
1719464531626,157.6,25
1719464533028,157.65,25
1719464533028,157.65,25
1719464535179,158.15,50
1719464535179,158.15,50
1719464536665,158.0,25
1719464536665,158.0,25
1719464537603,158.35,125
1719464537804,158.35,75
1719464538816,158.5,25
1719464538816,158.5,25
1719464540315,158.55,25
1719464540624,158.0,25
1719464540624,158.0,25
1719464540624,158.0,25
1719464540624,158.0,25
1719464544156,158.45,25
1719464544368,159.0,25
1719464545212,159.0,25
1719464545212,159.0,25
1719464545212,159.0,25
1719464547606,158.95,25
1719464547606,158.95,25
1719464549272,159.1,100
1719464550277,159.8,50
1719464550706,160.0,25
1719464550799,160.0,75
1719464551114,159.65,25
1719464551114,159.65,25
1719464551114,159.65,25
1719464554138,159.25,50
1719464555045,159.65,75
1719464555764,159.0,25
1719464555820,159.0,975
1719464556717,159.2,25
1719464556717,159.2,25
1719464558970,159.25,25
1719464558970,159.25,25
1719464558970,159.25,25
1719464560864,159.3,50
1719464560864,159.3,50
1719464562688,159.5,50
1719464562688,159.5,50
1719464564970,160.4,75
1719464565551,159.8,25
1719464565551,159.8,25
1719464566021,159.5,25
1719464567242,160.15,100
1719464567242,160.15,100
1719464567242,160.15,100
1719464569597,159.45,25
1719464569597,159.45,25
1719464571320,160.05,25
1719464571697,159.95,50
1719464571697,159.95,50
1719464573269,159.65,25
1719464573269,159.65,25
1719464575679,160.0,50
1719464576128,160.15,50
1719464577465,159.5,25
1719464577465,159.5,25
1719464578416,159.95,25
1719464579108,159.5,25
1719464579202,159.25,25
1719464580041,159.8,25
1719464580676,159.9,50
1719464580676,159.9,50
1719464581072,160.0,25
1719464582052,159.7,900
1719464582523,159.3,175
1719464583581,159.65,25
1719464584060,159.65,25
1719464584060,159.65,25
1719464584577,159.75,50
1719464584577,159.75,50
1719464585903,159.45,250
1719464585903,159.45,250
1719464588454,160.0,25
1719464588845,160.85,25
1719464588845,160.85,25
1719464590562,161.0,25
1719464590889,162.75,100
1719464591249,162.6,25
1719464592130,163.6,75
1719464592130,163.6,75
1719464593197,162.8,100
1719464593197,162.8,100
1719464594358,162.65,50
1719464595466,162.45,25
1719464595820,162.65,50
1719464596383,162.25,25
1719464597235,162.15,25
1719464597955,162.5,200
1719464598441,162.8,25
1719464598441,162.8,25
1719464599925,164.2,25
1719464600524,164.2,25
1719464601791,167.0,200
1719464602099,167.25,25
1719464602721,166.95,25
1719464603505,167.3,75
1719464604029,167.1,200
1719464604314,167.55,25
1719464605256,167.0,75
1719464605949,166.25,25
1719464605949,166.25,25
1719464607412,170.95,25
1719464607586,170.5,25
1719464608403,169.6,25
1719464609149,170.05,175
1719464609248,169.95,50
1719464610487,172.7,25
1719464610912,172.4,175
1719464611830,176.0,25
1719464611949,177.9,50
1719464612384,178.55,50
1719464612881,184.0,25
1719464613865,190.65,75
1719464614284,187.45,50
1719464614284,187.45,50
1719464614597,188.2,25
1719464616459,183.75,275
1719464617007,181.65,125
1719464617007,181.65,125
1719464618676,179.9,25
1719464618908,179.1,25
1719464619677,178.25,25
1719464620694,179.15,50
1719464621141,178.85,25
1719464622441,178.75,100
1719464622519,178.15,75
1719464623352,176.4,50
1719464624114,177.45,25
1719464624395,176.05,50
1719464625584,175.0,25
1719464625979,175.85,25
1719464626572,176.6,50
1719464627300,177.15,50
1719464627627,177.55,25
1719464628412,175.2,25
1719464629089,173.3,25
1719464629599,174.45,50
1719464630413,174.8,50
1719464630770,174.2,25
1719464631329,174.45,50
1719464632357,174.1,25
1719464632524,175.1,25
1719464633377,176.05,75
1719464634241,177.15,25
1719464634399,177.1,50
1719464635320,178.5,150
1719464635987,180.0,175
1719464636599,182.05,25
1719464637423,181.95,50
1719464637620,181.65,100
1719464638601,180.25,150
1719464639217,180.65,150
1719464639780,179.1,25
1719464640436,179.9,75
1719464640436,179.9,75
1719464640436,179.9,75
1719464641630,180.35,150
1719464642419,180.0,100
1719464642419,180.0,100
1719464643303,178.15,50
1719464644166,178.0,50
1719464644166,178.0,50
1719464645279,177.85,25
1719464645950,178.5,50
1719464646634,177.15,25
1719464647338,175.55,25
1719464647506,176.2,50
1719464648410,175.0,250
1719464648410,175.0,250
1719464649160,176.85,25
1719464650730,177.5,50
1719464651437,178.8,25
1719464652270,179.15,50
1719464653104,178.4,25
1719464653844,178.45,50
1719464654386,179.35,50
1719464655628,179.5,50
1719464655628,179.5,50
1719464656372,179.55,25
1719464657146,179.7,25
1719464658565,179.4,25
1719464658565,179.4,25
1719464659352,177.5,50
1719464660185,176.4,25
1719464660185,176.4,25
1719464661255,176.25,25
1719464662082,176.95,50
1719464662082,176.95,50
1719464663436,178.95,25
1719464663689,178.0,25
1719464664462,180.0,25
1719464665752,178.15,25
1719464666248,178.25,25
1719464667399,178.95,25
1719464668050,178.75,50
1719464669009,179.7,25
1719464669451,179.5,50
1719464670505,177.3,25
1719464670505,177.3,25
1719464671751,177.5,25
1719464672371,177.4,25
1719464672580,177.55,25
1719464673782,177.65,25
1719464673782,177.65,25
1719464674980,177.1,50
1719464675660,176.05,25
1719464676303,177.4,200
1719464676893,176.55,100
1719464678595,177.45,100
1719464678981,177.15,100
1719464679164,177.65,25
1719464680695,178.35,25
1719464681180,178.9,25
1719464681180,178.9,25
1719464682813,178.6,75
1719464683636,178.15,50
1719464683636,178.15,50
1719464684276,177.1,50
1719464685356,178.0,25
1719464685611,177.55,25
1719464686246,177.75,50
1719464686961,177.9,25
1719464688114,179.6,25
1719464688977,178.0,25
1719464688977,178.0,25
1719464690325,179.3,25
1719464690856,179.1,25
1719464691480,180.0,50
1719464692186,179.75,25
1719464692483,180.05,225
1719464693238,179.55,50
1719464693238,179.55,50
1719464694343,181.05,100
1719464695442,182.55,250
1719464695888,182.15,175
1719464696455,182.65,50
1719464697414,182.75,25
1719464697414,182.75,25
1719464697906,182.35,50
1719464699107,184.0,25
1719464699724,185.0,25
1719464700550,185.4,25
1719464700839,185.45,25
1719464701635,186.6,75
1719464702452,187.2,300
1719464702622,187.95,25
1719464703305,187.35,25
1719464704031,186.6,125
1719464704424,188.35,50
1719464705203,187.8,175
1719464705815,186.15,100
1719464706628,186.35,75
1719464707412,186.25,75
1719464707412,186.25,75
1719464708851,185.5,50
1719464708851,185.5,50
1719464709238,185.1,50
1719464709927,184.9,25
1719464710629,184.0,200
1719464711460,183.7,250
1719464712530,182.75,450
1719464713335,182.95,25
1719464714163,183.3,25
1719464714163,183.3,25
1719464715457,181.05,25
1719464715457,181.05,25
1719464716511,180.9,50
1719464717145,181.5,25
1719464717524,181.8,25
1719464718074,181.8,25
1719464718589,181.35,100
1719464719476,181.4,25
1719464720693,181.7,25
1719464721548,182.85,125
1719464722443,183.7,25
1719464723684,185.45,50
1719464723915,184.75,200
1719464724436,183.45,50
1719464725677,184.1,25
1719464725677,184.1,25
1719464726622,184.5,25
1719464727350,184.05,25
1719464728518,185.0,50
1719464728518,185.0,50
1719464729368,185.15,25
1719464729937,184.15,50
1719464730689,183.65,50
1719464730870,183.95,25
1719464731350,183.35,25
1719464732478,184.6,25
1719464732478,184.6,25
1719464733103,183.0,25
1719464733611,182.6,225
1719464734331,182.4,75
1719464735477,182.85,25
1719464735773,182.65,25
1719464736472,183.4,25
1719464737321,183.45,25
1719464738490,182.55,25
1719464739041,181.6,50
1719464739467,181.75,25
1719464740437,182.45,25
1719464740710,182.2,200
1719464741189,181.0,125
1719464741874,181.15,100
1719464741874,181.15,100
1719464743871,182.4,75
1719464744029,182.6,25
1719464744029,182.6,25
1719464745412,182.4,25
1719464745412,182.4,25
1719464746302,181.8,25
1719464746302,181.8,25
1719464747831,181.0,25
1719464747925,181.4,25
1719464748984,181.65,125
1719464749604,180.25,25
1719464750466,179.55,100
1719464750802,180.25,25
1719464751246,179.55,50
1719464751527,179.05,25
1719464753016,179.65,325
1719464753865,179.8,25
1719464754352,178.9,25
1719464755293,179.4,75
1719464755293,179.4,75
1719464756680,177.4,25
1719464756680,177.4,25
1719464758692,177.95,25
1719464759222,177.65,25
1719464759477,177.7,25
1719464759995,177.25,25
1719464759995,177.25,25
1719464759995,177.25,25
1719464761311,178.9,350
1719464762513,180.0,200
1719464762817,180.1,25
1719464763434,179.95,75
1719464763434,179.95,75
1719464765465,181.45,25
1719464765465,181.45,25
1719464765465,181.45,25
1719464768474,181.45,25
1719464768979,180.2,25
1719464769338,179.85,25
1719464770343,178.15,25
1719464770343,178.15,25
1719464771317,178.4,25
1719464771317,178.4,25
1719464772758,178.1,25
1719464773393,177.55,75
1719464774055,178.25,75
1719464774055,178.25,75
1719464775361,179.2,275
1719464775361,179.2,275
1719464776353,179.45,50
1719464776712,180.0,25
1719464776712,180.0,25
1719464778092,180.2,25
1719464778092,180.2,25
1719464778092,180.2,25
1719464781659,179.75,25
1719464782406,180.45,25
1719464783655,180.55,25
1719464784270,179.7,25
1719464784479,179.45,25
1719464785382,179.3,50
1719464785826,179.2,25
1719464786514,177.6,50
1719464787106,176.75,300
1719464787106,176.75,300
1719464788112,177.55,75
1719464788112,177.55,75
1719464789457,177.95,100
1719464790715,177.2,25
1719464792200,180.0,25
1719464792200,180.0,25
1719464792799,180.55,75
1719464793496,180.6,50
1719464794124,180.95,25
1719464794124,180.95,25
1719464795188,180.05,25
1719464795848,181.6,350
1719464796359,180.55,25
1719464797337,179.25,100
1719464797337,179.25,100
1719464798271,179.6,25
1719464798271,179.6,25
1719464799578,178.3,25
1719464800092,179.05,75
1719464800092,179.05,75
1719464800092,179.05,75
1719464802842,178.1,25
1719464803140,177.75,25
1719464803140,177.75,25
1719464804866,179.25,150
1719464805250,179.0,175
1719464805250,179.0,175
1719464807252,178.0,25
1719464807337,178.0,175
1719464807678,178.05,25
1719464807797,178.1,25
1719464809194,178.05,25
1719464809194,178.05,25
1719464810425,178.95,25
1719464810425,178.95,25
1719464811290,178.85,25
1719464812334,180.0,75
1719464812612,180.0,100
1719464812858,180.5,50
1719464812858,180.5,50
1719464815810,178.6,75
1719464815810,178.6,75
1719464815810,178.6,75
1719464815810,178.6,75
1719464815810,178.6,75
1719464821014,179.65,25
1719464821208,180.05,25
1719464822563,178.4,25
1719464822838,178.3,175
1719464824001,179.45,150
1719464824001,179.45,150
1719464825289,180.0,25
1719464825289,180.0,25
1719464826663,180.5,500
1719464827360,181.0,25
1719464827360,181.0,25
1719464828526,180.15,25
1719464828836,179.75,25
1719464829757,177.8,25
1719464830664,176.45,25
1719464830888,176.5,25
1719464831237,175.0,25
1719464832147,176.1,25
1719464832692,175.3,100
1719464832692,175.3,100
1719464833980,175.85,25
1719464834501,176.05,50
1719464835417,176.05,75
1719464835417,176.05,75
1719464836257,177.7,25
1719464836820,177.0,175
1719464838582,177.35,50
1719464839309,175.95,25
1719464839309,175.95,25
1719464839757,175.35,25
1719464839757,175.35,25
1719464841700,175.35,75
1719464841874,175.8,25
1719464841874,175.8,25
1719464843304,175.0,50
1719464843901,174.65,100
1719464843901,174.65,100
1719464845842,174.75,100
1719464846246,175.05,25
1719464847459,175.0,25
1719464848296,175.65,50
1719464849356,174.5,25
1719464849356,174.5,25
1719464849356,174.5,25
1719464851524,175.15,25
1719464851687,175.25,25
1719464851687,175.25,25
1719464854117,173.85,75
1719464854253,174.0,50
1719464854253,174.0,50
1719464854253,174.0,50
1719464857331,173.25,25
1719464857759,172.1,50
1719464858433,173.25,25
1719464858670,173.25,25
1719464858670,173.25,25
1719464860507,173.25,25
1719464860772,173.3,25
1719464860772,173.3,25
1719464862403,173.9,25
1719464862743,173.75,25
1719464863509,175.0,25
1719464864005,175.9,50
1719464864583,175.9,25
1719464865721,175.25,75
1719464865721,175.25,75
1719464865721,175.25,75
1719464868234,173.75,25
1719464868234,173.75,25
1719464870244,173.75,100
1719464870244,173.75,100
1719464871588,173.25,50
1719464871588,173.25,50
1719464871588,173.25,50
1719464875685,173.5,350
1719464875685,173.5,350
1719464876758,172.85,50
1719464877773,173.4,25
1719464877773,173.4,25
1719464877964,173.25,100
1719464879372,174.25,850
1719464879434,173.4,25
1719464880163,174.05,25
1719464880728,175.0,25
1719464881073,175.25,25
1719464881987,174.85,50
1719464882641,174.9,50
1719464883566,174.05,50
1719464883927,174.65,25
1719464883927,174.65,25
1719464885477,175.85,25
1719464885477,175.85,25
1719464886937,175.6,50
1719464886937,175.6,50
1719464886937,175.6,50
1719464890002,174.3,50
1719464890002,174.3,50
1719464891617,176.15,25
1719464892189,176.65,125
1719464892189,176.65,125
1719464893721,176.8,25
1719464894162,177.8,25
1719464894162,177.8,25
1719464894162,177.8,25
1719464896664,177.45,25
1719464897170,177.6,25
1719464898759,177.45,25
1719464899117,177.0,25
1719464899117,177.0,25
1719464900830,178.4,200
1719464900830,178.4,200
1719464900830,178.4,200
1719464904269,176.95,125
1719464904699,175.25,175
1719464905702,174.15,50
1719464905794,173.75,175
1719464906644,173.0,50
1719464906644,173.0,50
1719464906644,173.0,50
1719464909356,174.0,25
1719464910524,170.65,175
1719464910524,170.65,175
1719464911317,171.4,100
1719464912577,171.55,300
1719464912577,171.55,300
1719464915007,172.7,300
1719464915708,173.1,75
1719464915708,173.1,75
1719464916356,173.05,25
1719464917510,174.8,175
1719464917510,174.8,175
1719464917809,175.05,25
1719464919033,173.65,25
1719464919033,173.65,25
1719464919751,173.2,125
1719464919751,173.2,125
1719464921281,173.95,75
1719464921281,173.95,75
1719464922849,173.95,50
1719464923231,174.1,125
1719464923967,174.6,25
1719464923967,174.6,25
1719464925216,175.0,75
1719464925216,175.0,75
1719464925216,175.0,75
1719464925216,175.0,75
1719464929653,174.8,25
1719464929653,174.8,25
1719464929653,174.8,25
1719464933056,175.25,50
1719464933056,175.25,50
1719464933056,175.25,50
1719464936799,176.95,25
1719464936799,176.95,25
1719464938079,176.4,25
1719464939145,175.0,200
1719464939196,174.45,75
1719464939196,174.45,75
1719464940142,175.1,75
1719464940142,175.1,75
1719464940142,175.1,75
1719464941873,174.0,425
1719464942716,174.3,125
1719464944080,174.95,75
1719464944080,174.95,75
1719464944345,174.65,25
1719464945534,175.05,25
1719464945584,174.85,25
1719464945584,174.85,25
1719464945584,174.85,25
1719464945584,174.85,25
1719464949771,176.95,150
1719464950686,177.25,75
1719464950686,177.25,75
1719464951506,177.6,25
1719464952609,177.85,25
1719464953205,178.05,50
1719464953926,177.7,25
1719464954941,178.1,100
1719464954941,178.1,100
1719464956799,177.15,125
1719464957185,176.25,50
1719464957185,176.25,50
1719464957185,176.25,50
1719464957185,176.25,50
1719464957185,176.25,50
1719464964485,177.2,25
1719464964823,177.25,25
1719464964823,177.25,25
1719464966968,176.1,25
1719464967405,175.75,150
1719464967405,175.75,150
1719464967405,175.75,150
1719464969709,177.25,25
1719464969709,177.25,25
1719464969709,177.25,25
1719464971822,177.25,25
1719464972676,177.75,50
1719464972676,177.75,50
1719464974790,176.9,50
1719464974790,176.9,50
1719464974790,176.9,50
1719464974790,176.9,50
1719464981046,178.15,50
1719464981939,178.15,25
1719464981939,178.15,25
1719464983933,178.4,25
1719464984304,178.05,75
1719464985722,177.35,50
1719464985873,177.7,25
1719464986469,177.5,125
1719464987299,177.25,75
1719464987299,177.25,75
1719464989008,177.9,50
1719464989008,177.9,50
1719464990034,178.45,25
1719464990034,178.45,25
1719464992374,179.05,25
1719464992374,179.05,25
1719464992374,179.05,25
1719464994926,178.2,50
1719464994926,178.2,50
1719464994926,178.2,50
1719464998478,178.5,25
1719464998925,179.05,25
1719464999967,178.1,50
1719464999967,178.1,50
1719464999967,178.1,50
1719464999967,178.1,50
1719465003110,177.35,250
1719465003548,177.45,350
1719465003816,178.05,25
1719465003816,178.05,25
1719465005843,176.75,25
1719465005843,176.75,25
1719465005843,176.75,25
1719465009261,177.85,100
1719465009826,179.0,100
1719465010042,179.1,75
1719465010042,179.1,75
1719465010042,179.1,75
1719465013435,179.35,225
1719465013697,178.95,100
1719465013697,178.95,100
1719465014964,179.2,50
1719465014964,179.2,50
1719465017030,179.0,25
1719465017030,179.0,25
1719465018662,179.3,125
1719465018662,179.3,125
1719465019739,179.05,25
1719465020185,178.0,150
1719465020185,178.0,150
1719465021392,178.35,50
1719465022624,179.0,25
1719465023461,180.15,25
1719465023685,179.2,250
1719465024726,181.2,25
1719465025549,182.0,75
1719465026070,183.5,75
1719465026306,183.0,25
1719465027673,180.55,50
1719465028346,180.0,25
1719465029041,178.85,125
1719465029041,178.85,125
1719465029041,178.85,125
1719465029041,178.85,125
1719465032747,178.9,25
1719465033434,178.45,25
1719465033434,178.45,25
1719465035792,178.0,25
1719465035792,178.0,25
1719465036552,177.3,50
1719465036552,177.3,50
1719465036552,177.3,50
1719465039690,177.7,25
1719465040436,178.2,25
1719465040757,178.4,50
1719465040757,178.4,50
1719465040757,178.4,50
1719465040757,178.4,50
1719465040757,178.4,50
1719465046676,178.0,100
1719465047387,178.45,300
1719465047387,178.45,300
1719465047387,178.45,300
1719465050122,176.9,25
1719465050575,177.4,50
1719465050575,177.4,50
1719465052525,177.8,50
1719465052525,177.8,50
1719465053772,176.0,25
1719465054110,175.9,50
1719465054110,175.9,50
1719465055476,177.4,50
1719465055858,177.6,50
1719465056521,177.65,25
1719465057518,179.0,50
1719465057518,179.0,50
1719465058172,180.35,25
1719465059252,181.7,150
1719465059252,181.7,150
1719465060566,182.1,25
1719465060566,182.1,25
1719465060566,182.1,25
1719465061909,180.55,25
1719465061909,180.55,25
1719465061909,180.55,25
1719465061909,180.55,25
1719465061909,180.55,25
1719465068016,182.0,25
1719465068016,182.0,25
1719465070794,181.5,100
1719465071252,180.4,100
1719465071252,180.4,100
1719465072177,180.4,75
1719465072730,181.5,225
1719465072730,181.5,225
1719465074532,180.8,25
1719465076197,180.35,50
1719465076197,180.35,50
1719465076197,180.35,50
1719465078360,180.0,25
1719465078360,180.0,25
1719465079942,179.6,75
1719465081025,179.7,150
1719465081025,179.7,150
1719465082866,180.85,25
1719465083866,181.15,25
1719465083866,181.15,25
1719465083866,181.15,25
1719465086625,181.15,75
1719465086625,181.15,75
1719465088225,181.8,25
1719465089057,181.55,75
1719465089591,181.25,50
1719465090426,181.55,25
1719465090722,182.0,125
1719465090722,182.0,125
1719465091367,181.45,25
1719465092739,182.4,175
1719465093614,183.05,25
1719465094303,182.75,25
1719465094303,182.75,25
1719465094303,182.75,25
1719465094303,182.75,25
1719465098881,182.75,50
1719465099250,183.65,100
1719465099250,183.65,100
1719465101051,183.45,50
1719465101051,183.45,50
1719465101445,184.0,100
1719465102392,184.5,75
1719465102392,184.5,75
1719465103810,183.6,225
1719465104378,183.0,25
1719465105366,183.35,25
1719465106061,183.6,50
1719465106061,183.6,50
1719465107779,183.4,50
1719465107779,183.4,50
1719465108847,183.6,200
1719465108847,183.6,200
1719465109913,183.7,225
1719465110196,183.6,25
1719465110806,183.9,300
1719465110806,183.9,300
1719465111874,183.4,150
1719465111874,183.4,150
1719465113695,183.75,75
1719465113929,184.15,75
1719465115012,184.75,25
1719465115012,184.75,25
1719465116543,185.0,25
1719465117514,184.65,300
1719465117918,184.6,25
1719465118156,185.6,25
1719465119555,185.1,75
1719465120559,183.8,250
1719465120804,184.2,25
1719465120804,184.2,25
1719465121800,184.1,25
1719465122200,183.3,25
1719465122816,182.9,25
1719465123307,182.15,150
1719465124343,181.8,100
1719465124343,181.8,100
1719465124343,181.8,100
1719465126877,183.25,50
1719465127654,182.9,75
1719465127654,182.9,75
1719465127654,182.9,75
1719465129470,184.1,25
1719465130402,183.3,75
1719465131264,184.2,75
1719465131264,184.2,75
1719465131979,184.3,25
1719465132763,183.55,25
1719465133075,183.35,25
1719465134373,182.85,25
1719465134702,182.5,25
1719465134950,182.8,25
1719465134950,182.8,25
1719465134950,182.8,25
1719465138759,183.35,25
1719465138759,183.35,25
1719465140013,181.95,250
1719465140848,183.0,25
1719465140848,183.0,25
1719465142182,184.0,25
1719465143032,183.3,175
1719465143508,184.2,250
1719465144250,185.0,175
1719465145521,182.65,25
1719465146414,182.8,75
1719465146414,182.8,75
1719465146414,182.8,75
1719465148725,182.05,25
1719465148725,182.05,25
1719465150192,180.65,250
1719465150192,180.65,250
1719465150192,180.65,250
1719465151958,180.8,25
1719465152614,180.75,175
1719465153032,180.65,25
1719465153032,180.65,25
1719465154488,180.55,25
1719465155914,181.2,25
1719465155914,181.2,25
1719465155914,181.2,25
1719465158276,182.0,25
1719465158975,181.55,100
1719465158975,181.55,100
1719465159749,181.95,50
1719465159749,181.95,50
1719465162925,180.6,25
1719465163598,181.0,25
1719465163598,181.0,25
1719465165969,180.65,25
1719465165969,180.65,25
1719465167167,181.4,25
1719465167167,181.4,25
1719465168651,181.5,25
1719465169590,182.35,25
1719465170142,183.0,25
1719465170142,183.0,25
1719465170142,183.0,25
1719465170142,183.0,25
1719465170142,183.0,25
1719465170142,183.0,25
1719465179182,182.95,25
1719465179182,182.95,25
1719465180102,182.85,25
1719465180510,182.7,25
1719465180510,182.7,25
1719465180510,182.7,25
1719465181751,182.45,25
1719465181751,182.45,25
1719465183286,181.35,100
1719465183570,181.45,50
1719465184080,181.2,50
1719465184901,181.95,100
1719465185874,181.45,75
1719465185874,181.45,75
1719465187486,181.0,25
1719465187486,181.0,25
1719465188182,181.95,50
1719465188182,181.95,50
1719465191231,182.6,100
1719465191376,182.6,75
1719465192358,180.75,50
1719465192358,180.75,50
1719465193470,180.75,25
1719465194297,180.8,75
1719465194297,180.8,75
1719465194297,180.8,75
1719465198571,182.0,25
1719465198571,182.0,25
1719465199869,183.0,25
1719465199869,183.0,25
1719465201437,183.65,25
1719465202622,185.0,25
1719465202917,185.95,25
1719465203305,187.0,50
1719465204397,186.65,100
1719465204397,186.65,100
1719465205422,186.05,25
1719465205422,186.05,25
1719465206635,185.75,25
1719465207832,187.55,25
1719465209523,186.65,25
1719465209523,186.65,25
1719465209523,186.65,25
1719465211456,186.95,50
1719465211627,186.5,25
1719465212657,187.55,125
1719465212657,187.55,125
1719465213700,189.45,75
1719465214331,189.3,75
1719465214331,189.3,75
1719465216186,196.6,100
1719465216989,195.8,25
1719465217754,196.6,300
1719465218254,195.85,300
1719465218535,197.05,150
1719465219530,196.55,25
1719465219530,196.55,25
1719465220672,198.8,50
1719465221302,200.2,25
1719465221566,200.6,50
1719465222428,198.65,25
1719465222817,197.85,275
1719465223624,197.9,25
1719465224680,200.0,25
1719465224680,200.0,25
1719465225811,197.75,25
1719465226249,198.8,25
1719465226758,199.4,25
1719465227719,203.1,150
1719465227719,203.1,150
1719465228601,203.6,100
1719465229200,209.85,75
1719465229200,209.85,75
1719465230410,203.0,100
1719465231229,202.75,25
1719465231878,202.55,75
1719465232700,201.8,25
1719465232700,201.8,25
1719465233845,202.25,50
1719465234755,202.0,125
1719465234755,202.0,125
1719465235553,203.4,25
1719465236176,205.0,50
1719465236882,207.9,125
1719465237799,208.75,75
1719465238363,206.85,200
1719465238990,206.8,50
1719465240868,210.0,200
1719465241275,210.2,50
1719465241652,209.75,50
1719465242894,209.25,50
1719465242894,209.25,50
1719465243380,209.2,25
1719465244475,206.85,25
1719465244475,206.85,25
1719465245396,206.8,125
1719465246023,206.85,25
1719465246023,206.85,25
1719465247694,205.85,25
1719465248678,205.55,300
1719465249631,207.95,50
1719465249631,207.95,50
1719465250556,208.25,25
1719465251187,209.7,25
1719465252064,208.0,100
1719465252671,210.2,25
1719465253005,212.1,25
1719465253504,213.1,25
1719465254206,210.45,300
1719465254206,210.45,300
1719465255515,210.1,25
1719465255883,208.4,25
1719465256678,208.8,250
1719465257670,208.95,150
1719465257966,208.15,150
1719465258696,208.7,25
1719465259681,211.0,125
1719465259770,210.8,25
1719465260599,210.05,75
1719465261177,209.55,25
1719465261686,209.1,25
1719465262942,208.2,25
1719465263614,210.35,25
1719465264631,210.0,25
1719465264631,210.0,25
1719465265507,208.85,75
1719465266314,207.55,25
1719465266525,207.1,25
1719465267563,206.6,25
1719465267765,206.4,75
1719465268393,207.5,25
1719465269896,210.35,800
1719465270704,211.8,25
1719465271422,212.2,25
1719465272061,213.0,25
1719465273077,211.0,150
1719465273901,212.4,75
1719465274411,213.0,25
1719465274411,213.0,25
1719465275561,210.6,25
1719465275947,211.25,25
1719465275947,211.25,25
1719465277794,209.3,25
1719465278709,209.85,50
1719465279744,209.85,50
1719465279991,209.7,125
1719465280506,210.6,75
1719465280506,210.6,75
1719465281603,209.8,150
1719465282227,208.75,75
1719465282227,208.75,75
1719465283483,207.6,75
1719465284751,207.85,25
1719465285207,209.3,625
1719465285924,210.0,75
1719465286888,209.25,25
1719465287835,208.55,50
1719465287943,208.5,25
1719465288677,208.65,100
1719465289035,209.8,25
1719465289914,209.0,25
1719465290408,210.0,25
1719465291367,208.9,75
1719465291367,208.9,75
1719465292250,209.2,50
1719465292948,207.5,25
1719465292948,207.5,25
1719465294805,207.35,25
1719465294805,207.35,25
1719465295945,206.6,50
1719465295945,206.6,50
1719465296872,207.45,25
1719465297878,208.8,25
1719465297981,209.25,25
1719465298136,208.65,25
1719465299146,208.5,25
1719465300645,210.2,50
1719465300645,210.2,50
1719465301123,211.4,50
1719465301123,211.4,50
1719465302301,211.85,25
1719465302301,211.85,25
1719465303921,211.15,25
1719465304800,212.2,25
1719465305109,213.0,50
1719465305694,216.0,25
1719465306138,216.85,300
1719465306713,216.0,25
1719465307498,215.0,50
1719465307733,214.7,75
1719465308302,215.2,50
1719465309447,214.4,25
1719465309786,214.9,150
1719465310305,213.9,50
1719465311396,215.1,25
1719465311790,216.0,50
1719465312339,216.05,25
1719465312339,216.05,25
1719465313373,214.7,25
1719465314515,215.55,25
1719465314754,216.05,25
1719465315543,215.0,75
1719465316464,214.6,25
1719465316718,214.55,50
1719465317642,213.0,25
1719465317642,213.0,25
1719465318729,214.35,25
1719465319584,215.05,25
1719465319774,213.75,50
1719465320424,213.55,25
1719465321492,212.25,75
1719465321492,212.25,75
1719465322413,212.05,100
1719465322413,212.05,100
1719465323387,213.85,25
1719465324660,212.75,25
1719465324766,212.75,50
1719465325326,212.3,100
1719465326414,213.8,25
1719465326754,214.15,25
1719465327870,214.35,50
1719465327870,214.35,50
1719465328868,214.65,25
1719465329690,212.9,25
1719465330618,212.0,25
1719465331033,211.9,475
1719465331516,210.9,75
1719465331516,210.9,75
1719465332902,211.55,50
1719465332902,211.55,50
1719465333919,209.0,25
1719465334745,210.7,25
1719465334745,210.7,25
1719465335873,210.65,75
1719465336500,210.55,25
1719465336500,210.55,25
1719465337624,213.2,25
1719465337624,213.2,25
1719465338331,214.1,50
1719465339736,215.4,50
1719465339766,215.55,75
1719465340891,215.05,25
