time,price,volume
1719461501493,117.85,25
1719461501493,117.85,25
1719461505139,117.25,50
1719461505139,117.25,50
1719461505139,117.25,50
1719461507985,117.2,25
1719461508580,117.25,25
1719461508580,117.25,25
1719461510151,117.1,100
1719461510151,117.1,100
1719461510151,117.1,100
1719461512607,117.35,25
1719461512607,117.35,25
1719461514552,116.75,25
1719461515056,117.0,25
1719461515056,117.0,25
1719461516450,116.05,25
1719461517131,116.15,25
1719461517523,116.2,25
1719461518117,117.15,175
1719461518117,117.15,175
1719461519129,117.3,50
1719461519129,117.3,50
1719461521371,117.0,50
1719461521719,117.55,25
1719461521719,117.55,25
1719461523023,117.4,75
1719461523930,117.1,25
1719461523930,117.1,25
1719461524803,117.6,25
1719461525368,117.2,50
1719461526076,117.8,225
1719461526076,117.8,225
1719461527826,118.95,25
1719461527826,118.95,25
1719461529249,118.3,100
1719461530129,118.5,25
1719461530129,118.5,25
1719461530129,118.5,25
1719461530129,118.5,25
1719461530129,118.5,25
1719461530129,118.5,25
1719461538942,118.25,50
1719461538942,118.25,50
1719461540582,118.95,25
1719461540582,118.95,25
1719461540582,118.95,25
1719461544112,119.7,25
1719461544545,119.6,150
1719461544545,119.6,150
1719461545806,120.45,400
1719461545806,120.45,400
1719461548652,118.65,225
1719461548652,118.65,225
1719461549498,119.25,25
1719461549498,119.25,25
1719461549498,119.25,25
1719461552330,119.1,50
1719461552995,119.15,100
1719461552995,119.15,100
1719461554397,118.7,25
1719461555215,118.9,25
1719461555215,118.9,25
1719461556341,119.05,50
1719461556341,119.05,50
1719461558854,118.6,75
1719461559171,118.7,25
1719461559171,118.7,25
1719461561281,118.95,25
1719461561570,118.7,100
1719461561570,118.7,100
1719461563115,120.0,150
1719461563115,120.0,150
1719461564394,120.45,150
1719461564606,120.75,25
1719461565413,120.6,25
1719461566471,120.1,25
1719461566471,120.1,25
1719461568363,120.25,25
1719461568363,120.25,25
1719461568363,120.25,25
1719461568363,120.25,25
1719461568363,120.25,25
1719461575334,120.3,25
1719461575334,120.3,25
1719461575984,119.95,25
1719461576145,120.1,25
1719461576145,120.1,25
1719461577563,119.75,25
1719461577563,119.75,25
1719461579070,119.9,25
1719461580408,120.2,25
1719461580408,120.2,25
1719461580408,120.2,25
1719461583108,119.55,25
1719461583991,119.15,75
1719461584595,119.45,75
1719461585613,120.05,75
1719461585613,120.05,75
1719461586090,120.15,25
1719461587117,120.7,50
1719461587532,120.6,50
1719461588121,120.9,25
1719461588121,120.9,25
1719461588121,120.9,25
1719461591425,121.15,25
1719461591425,121.15,25
1719461592601,121.25,75
1719461593826,120.9,25
1719461593826,120.9,25
1719461593826,120.9,25
1719461597437,120.8,150
1719461597508,120.25,150
1719461597508,120.25,150
1719461599413,120.5,25
1719461600319,120.0,425
1719461600319,120.0,425
1719461600319,120.0,425
1719461602957,119.9,50
1719461603187,120.4,150
1719461603187,120.4,150
1719461603187,120.4,150
1719461606026,119.85,25
1719461606026,119.85,25
1719461608488,121.0,50
1719461608488,121.0,50
1719461609369,120.4,75
1719461609369,120.4,75
1719461609369,120.4,75
1719461610965,120.25,75
1719461611788,120.0,25
1719461611903,120.35,50
1719461611903,120.35,50
1719461611903,120.35,50
1719461614960,120.5,25
1719461614960,120.5,25
1719461616744,120.4,50
1719461616744,120.4,50
1719461617617,120.9,25
1719461618145,120.8,50
1719461618145,120.8,50
1719461619475,120.65,25
1719461619765,120.25,25
1719461619765,120.25,25
1719461621348,120.0,25
1719461621348,120.0,25
1719461623809,119.9,25
1719461623809,119.9,25
1719461624737,119.2,50
1719461624737,119.2,50
1719461626248,119.25,125
1719461626248,119.25,125
1719461626248,119.25,125
1719461626248,119.25,125
1719461631903,119.6,25
1719461632392,119.05,75
1719461632601,118.95,25
1719461633040,118.85,25
1719461633040,118.85,25
1719461633040,118.85,25
1719461637363,119.15,25
1719461638455,119.3,25
1719461638455,119.3,25
1719461638455,119.3,25
1719461638455,119.3,25
1719461638455,119.3,25
1719461638455,119.3,25
1719461638455,119.3,25
1719461647139,119.3,50
1719461647460,119.7,275
1719461647460,119.7,275
1719461647460,119.7,275
1719461649519,120.0,25
1719461649519,120.0,25
1719461649519,120.0,25
1719461652609,119.3,25
1719461653482,118.65,50
1719461653482,118.65,50
1719461653482,118.65,50
1719461656245,119.15,100
1719461656245,119.15,100
1719461658720,119.6,25
1719461659115,119.95,25
1719461659115,119.95,25
1719461660263,119.9,50
1719461660263,119.9,50
1719461661107,120.2,25
1719461661107,120.2,25
1719461662914,120.8,25
1719461663705,121.15,75
1719461663705,121.15,75
1719461663705,121.15,75
1719461663705,121.15,75
1719461663705,121.15,75
1719461668047,119.15,575
1719461668447,119.05,550
1719461668447,119.05,550
1719461670006,119.2,50
1719461670006,119.2,50
1719461670845,119.1,25
1719461670845,119.1,25
1719461672622,119.6,25
1719461673655,119.2,125
1719461673655,119.2,125
1719461673655,119.2,125
1719461676887,119.35,25
1719461677293,118.65,375
1719461677293,118.65,375
1719461677293,118.65,375
1719461679828,119.75,150
1719461679828,119.75,150
1719461681912,118.9,50
1719461682209,119.4,25
1719461682209,119.4,25
1719461682209,119.4,25
1719461687560,119.1,25
1719461687560,119.1,25
1719461688583,119.3,50
1719461688583,119.3,50
1719461689577,118.7,75
1719461689854,119.0,200
1719461690995,118.35,25
1719461691186,118.5,25
1719461692485,119.0,50
1719461692485,119.0,50
1719461693537,119.3,75
1719461693537,119.3,75
1719461693537,119.3,75
1719461693537,119.3,75
1719461693537,119.3,75
1719461700038,119.45,50
1719461700038,119.45,50
1719461700038,119.45,50
1719461701038,118.8,50
1719461701291,118.8,25
1719461702416,117.3,75
1719461702416,117.3,75
1719461702416,117.3,75
1719461704724,118.05,25
1719461705073,118.45,100
1719461705816,118.8,25
1719461706215,118.65,25
1719461706215,118.65,25
1719461707947,120.1,150
1719461709102,119.45,25
1719461710301,119.1,25
1719461710301,119.1,25
1719461710924,118.5,75
1719461711054,118.45,75
1719461711054,118.45,75
1719461711054,118.45,75
1719461711054,118.45,75
1719461715937,119.1,50
1719461715937,119.1,50
1719461715937,119.1,50
1719461720372,117.5,25
1719461720372,117.5,25
1719461722533,118.35,50
1719461724064,118.3,75
1719461747680,115.2,25
1719461747680,115.2,25
1719461751025,114.45,100
1719461751455,114.6,50
1719461752250,114.15,25
1719461752250,114.15,25
1719461754140,115.0,25
1719461754184,114.75,25
1719461754184,114.75,25
1719461754184,114.75,25
1719461756973,114.4,125
1719461756973,114.4,125
1719461758145,115.1,25
1719461758899,114.35,50
1719461758899,114.35,50
1719461759910,114.35,25
1719461760499,114.85,25
1719461760641,114.3,25
1719461760641,114.3,25
1719461761357,115.2,75
1719461762172,114.4,25
1719461762172,114.4,25
1719461762172,114.4,25
1719461764968,114.0,100
1719461765770,115.0,25
1719461765770,115.0,25
1719461766173,114.95,25
1719461766173,114.95,25
1719461768103,114.5,75
1719461768282,114.65,25
1719461768282,114.65,25
1719461769368,114.7,25
1719461770916,114.4,25
1719461771527,114.7,25
1719461772481,115.25,75
1719461772828,115.05,100
1719461773742,114.95,25
1719461774289,115.35,25
1719461774846,115.35,50
1719461775664,115.15,275
1719461775664,115.15,275
1719461776457,115.25,100
1719461776457,115.25,100
1719461777894,114.95,225
1719461779295,115.0,100
1719461779728,115.05,25
1719461780637,115.0,25
1719461780637,115.0,25
1719461781241,114.75,300
1719461782445,114.8,50
1719461782756,114.7,200
1719461782756,114.7,200
1719461784392,114.65,25
1719461784392,114.65,25
1719461786296,114.0,25
1719461786710,113.05,25
1719461786710,113.05,25
1719461787562,113.0,25
1719461788963,112.75,25
1719461788963,112.75,25
1719461790136,112.8,25
1719461790136,112.8,25
1719461790665,113.1,100
1719461790665,113.1,100
1719461791379,113.75,25
1719461792179,113.4,100
1719461792644,114.15,50
1719461793599,114.2,50
1719461793599,114.2,50
1719461793599,114.2,50
1719461796862,113.8,25
1719461796862,113.8,25
1719461798039,113.6,25
1719461798840,113.1,100
1719461798840,113.1,100
1719461798840,113.1,100
1719461798840,113.1,100
1719461798840,113.1,100
1719461805739,113.8,25
1719461805739,113.8,25
1719461805739,113.8,25
1719461809750,113.9,75
1719461810221,114.1,150
1719461810221,114.1,150
1719461811993,113.55,125
1719461811993,113.55,125
1719461811993,113.55,125
1719461817225,114.9,25
1719461817225,114.9,25
1719461818263,114.9,25
1719461818263,114.9,25
1719461819706,115.0,25
1719461819706,115.0,25
1719461820798,114.7,25
1719461820798,114.7,25
1719461822919,115.0,150
1719461822919,115.0,150
1719461825266,115.6,25
1719461825266,115.6,25
1719461826731,115.55,150
1719461826731,115.55,150
1719461827716,115.8,25
1719461828249,115.9,100
1719461828249,115.9,100
1719461829987,115.4,100
1719461829987,115.4,100
1719461831171,116.05,150
1719461831171,116.05,150
1719461833331,115.0,25
1719461833331,115.0,25
1719461835015,114.9,50
1719461835015,114.9,50
1719461837175,115.25,125
1719461837469,115.1,75
1719461837469,115.1,75
1719461837469,115.1,75
1719461837469,115.1,75
1719461837469,115.1,75
1719461842918,116.15,25
1719461842918,116.15,25
1719461842918,116.15,25
1719461846124,115.9,100
1719461846690,116.0,25
1719461846690,116.0,25
1719461846690,116.0,25
1719461849757,116.2,200
1719461849864,116.35,75
1719461849864,116.35,75
1719461849864,116.35,75
1719461849864,116.35,75
1719461849864,116.35,75
1719461854403,116.5,25
1719461854781,116.65,25
1719461855994,116.35,25
1719461855994,116.35,25
1719461855994,116.35,25
1719461860535,117.1,100
1719461860535,117.1,100
1719461860535,117.1,100
1719461862880,116.75,75
1719461862880,116.75,75
1719461865483,116.9,25
1719461865847,116.65,100
1719461866505,116.2,25
1719461867453,116.9,100
1719461867453,116.9,100
1719461868758,117.1,25
1719461868758,117.1,25
1719461868758,117.1,25
1719461871123,117.35,25
1719461871833,117.3,275
1719461871833,117.3,275
1719461871833,117.3,275
1719461874597,118.3,125
1719461874597,118.3,125
1719461876277,118.0,250
1719461876698,118.1,150
1719461876698,118.1,150
1719461876698,118.1,150
1719461879684,118.3,25
1719461880272,117.8,100
1719461880272,117.8,100
1719461881874,119.2,25
1719461882540,118.5,25
1719461882540,118.5,25
1719461883284,118.3,25
1719461883920,118.45,75
1719461883920,118.45,75
1719461885505,118.15,25
1719461885505,118.15,25
1719461886283,118.0,25
1719461886283,118.0,25
1719461886283,118.0,25
1719461890827,118.6,25
1719461890827,118.6,25
1719461890827,118.6,25
1719461894263,118.7,25
1719461894263,118.7,25
1719461895496,118.7,50
1719461895696,118.65,25
1719461895696,118.65,25
1719461897101,118.3,50
1719461897101,118.3,50
1719461899268,118.8,50
1719461899268,118.8,50
1719461901911,118.0,25
1719461901911,118.0,25
1719461901911,118.0,25
1719461901911,118.0,25
1719461907045,118.8,200
1719461907045,118.8,200
1719461907045,118.8,200
1719461907045,118.8,200
1719461910960,119.0,50
1719461911533,119.3,175
1719461911533,119.3,175
1719461913056,118.8,25
1719461913056,118.8,25
1719461913056,118.8,25
1719461917039,119.35,150
1719461917039,119.35,150
1719461917039,119.35,150
1719461917039,119.35,150
1719461922266,118.0,100
1719461922266,118.0,100
1719461923504,118.65,50
1719461923736,118.2,225
1719461923736,118.2,225
1719461923736,118.2,225
1719461923736,118.2,225
1719461927798,118.3,25
1719461928503,117.9,25
1719461928895,117.9,25
1719461928895,117.9,25
1719461930542,118.2,50
1719461930542,118.2,50
1719461930542,118.2,50
1719461930542,118.2,50
1719461930542,118.2,50
1719461936606,119.1,125
1719461937568,118.8,25
1719461937568,118.8,25
1719461938292,118.7,300
1719461938743,118.8,50
1719461938743,118.8,50
1719461940035,118.3,25
1719461940035,118.3,25
1719461940035,118.3,25
1719461941487,117.85,25
1719461941690,118.0,25
1719461941690,118.0,25
1719461944108,118.0,25
1719461944108,118.0,25
1719461944108,118.0,25
1719461944108,118.0,25
1719461948320,117.4,25
1719461948320,117.4,25
1719461950011,117.0,25
1719461950398,117.0,625
1719461950895,117.2,25
1719461950895,117.2,25
1719461950895,117.2,25
1719461950895,117.2,25
1719461954922,117.55,25
1719461954922,117.55,25
1719461956639,117.1,25
1719461956639,117.1,25
1719461958869,116.4,25
1719461959231,116.25,25
1719461959602,116.4,25
1719461960827,115.45,25
1719461960827,115.45,25
1719461961996,114.55,25
1719461962417,114.8,25
1719461962417,114.8,25
1719461963528,114.35,25
1719461964122,114.65,25
1719461964122,114.65,25
1719461966084,114.9,25
1719461966803,115.15,25
1719461966803,115.15,25
1719461967951,115.45,25
1719461967951,115.45,25
1719461970418,115.1,25
1719461970418,115.1,25
1719461970667,115.4,25
1719461970667,115.4,25
1719461971802,115.05,300
1719461972759,114.95,25
1719461974055,115.55,25
1719461974261,115.5,25
1719461974673,115.55,300
1719461975617,115.45,25
1719461975617,115.45,25
1719461976858,115.6,175
1719461977206,115.6,25
1719461977899,115.45,25
1719461978855,116.0,25
1719461979033,116.1,300
1719461979792,115.9,25
1719461980761,115.75,25
1719461981193,115.7,100
1719461981797,115.7,25
1719461982177,115.6,25
1719461982177,115.6,25
1719461983540,114.8,25
1719461984301,114.2,25
1719461984894,114.25,25
1719461985568,114.55,25
1719461986141,114.65,25
1719461986610,114.3,250
1719461987818,114.65,25
1719461988558,114.65,25
1719461988558,114.65,25
1719461989629,114.75,25
1719461990603,114.75,25
1719461990603,114.75,25
1719461991419,114.65,50
1719461992860,114.75,25
1719461993606,114.7,25
1719461994220,114.65,25
1719461994220,114.65,25
1719461995967,114.3,25
1719461995967,114.3,25
1719461996794,115.4,25
1719461996998,115.3,100
1719461998767,115.25,25
1719461999285,114.95,25
1719461999853,114.8,25
1719462000353,114.9,25
1719462000763,114.9,25
1719462001205,114.55,25
1719462001973,114.45,25
1719462002409,113.9,25
1719462003661,114.45,75
1719462004335,114.5,25
1719462005002,114.25,25
1719462005941,114.1,25
1719462005941,114.1,25
1719462007048,113.45,25
1719462007605,113.6,25
1719462007605,113.6,25
1719462008632,113.15,25
1719462009243,113.25,25
1719462009243,113.25,25
1719462010389,113.35,25
1719462011043,113.45,25
1719462011583,114.2,25
1719462012495,113.75,25
1719462013618,113.6,25
1719462014244,113.8,25
1719462014745,113.65,50
1719462015674,113.45,25
1719462015674,113.45,25
1719462016821,113.45,25
1719462017879,112.8,50
1719462019051,113.3,25
1719462019198,113.3,25
1719462019776,113.4,25
1719462020565,113.2,25
1719462020565,113.2,25
1719462021822,113.85,25
1719462022626,114.35,25
1719462023457,114.55,25
1719462024397,114.55,25
1719462024964,114.75,25
1719462025821,114.75,125
1719462026455,114.5,25
1719462027348,114.85,25
1719462028109,115.1,25
1719462029182,114.55,25
1719462029182,114.55,25
1719462029182,114.55,25
1719462029182,114.55,25
1719462032273,114.05,25
1719462032273,114.05,25
1719462033196,114.25,25
1719462033196,114.25,25
1719462036017,114.5,25
1719462036350,114.55,350
1719462036350,114.55,350
1719462039194,114.5,125
1719462039194,114.5,125
1719462039194,114.5,125
1719462041820,115.2,25
1719462041820,115.2,25
1719462043724,115.0,50
1719462043860,115.0,25
1719462044223,115.3,150
1719462044223,115.3,150
1719462045823,115.15,75
1719462045823,115.15,75
1719462045823,115.15,75
1719462048692,114.8,25
1719462048692,114.8,25
1719462050063,114.8,25
1719462050718,114.25,25
1719462050718,114.25,25
1719462051739,114.55,25
1719462052563,114.0,75
1719462053480,114.1,50
1719462054389,114.6,25
1719462054389,114.6,25
1719462055478,114.15,25
1719462055478,114.15,25
1719462057260,114.8,25
1719462057819,114.85,25
1719462058012,114.9,25
1719462058012,114.9,25
1719462058012,114.9,25
1719462058012,114.9,25
1719462061279,114.7,25
1719462061608,114.5,25
1719462061608,114.5,25
1719462061608,114.5,25
1719462066145,115.45,25
1719462066145,115.45,25
1719462066145,115.45,25
1719462066145,115.45,25
1719462066145,115.45,25
1719462071738,115.45,125
1719462071738,115.45,125
1719462073268,115.8,250
1719462073268,115.8,250
1719462073268,115.8,250
1719462073268,115.8,250
1719462073268,115.8,250
1719462080682,115.1,25
1719462080682,115.1,25
1719462081513,115.35,25
1719462082755,116.55,25
1719462082755,116.55,25
1719462083143,116.55,25
1719462083143,116.55,25
1719462083143,116.55,25
1719462083143,116.55,25
1719462083143,116.55,25
1719462089930,116.2,50
1719462089930,116.2,50
1719462090699,116.05,25
1719462090699,116.05,25
1719462091439,116.3,75
1719462091439,116.3,75
1719462094022,116.75,250
1719462094022,116.75,250
1719462095796,116.2,25
1719462095796,116.2,25
1719462095796,116.2,25
1719462098866,116.05,325
1719462099485,116.15,25
1719462099485,116.15,25
1719462100879,115.85,75
1719462101306,116.3,25
1719462101306,116.3,25
1719462102667,116.25,25
1719462102667,116.25,25
1719462102667,116.25,25
1719462104940,116.1,25
1719462104940,116.1,25
1719462104940,116.1,25
1719462104940,116.1,25
1719462110056,115.0,50
1719462110056,115.0,50
1719462110056,115.0,50
1719462114219,115.1,50
1719462114219,115.1,50
1719462115531,115.0,25
1719462115531,115.0,25
1719462116573,115.1,25
1719462116573,115.1,25
1719462118851,115.6,50
1719462118851,115.6,50
1719462118851,115.6,50
1719462121375,115.6,25
1719462121375,115.6,25
1719462121724,115.8,25
1719462122558,116.2,75
1719462122558,116.2,75
1719462122558,116.2,75
1719462124907,116.1,150
1719462124907,116.1,150
1719462124907,116.1,150
1719462124907,116.1,150
1719462130307,116.2,25
1719462130513,116.15,25
1719462130513,116.15,25
1719462130513,116.15,25
1719462130513,116.15,25
1719462134883,115.6,50
1719462134883,115.6,50
1719462134883,115.6,50
1719462134883,115.6,50
1719462140043,117.0,50
1719462141028,116.95,150
1719462141028,116.95,150
1719462142046,116.75,50
1719462142441,117.05,25
1719462142441,117.05,25
1719462142441,117.05,25
1719462142441,117.05,25
1719462147094,116.65,25
1719462147548,116.35,25
1719462148581,116.1,50
1719462149580,116.2,25
1719462149580,116.2,25
1719462149580,116.2,25
1719462150928,116.8,100
1719462150928,116.8,100
1719462150928,116.8,100
1719462150928,116.8,100
1719462155220,116.8,75
1719462155220,116.8,75
1719462156593,116.85,25
1719462157382,116.75,25
1719462157382,116.75,25
1719462158137,116.45,50
1719462158137,116.45,50
1719462159906,117.0,25
1719462159906,117.0,25
1719462161843,116.9,25
1719462161843,116.9,25
1719462161843,116.9,25
1719462161843,116.9,25
1719462161843,116.9,25
1719462168523,117.25,25
1719462169577,118.1,75
1719462169577,118.1,75
1719462169577,118.1,75
1719462169577,118.1,75
1719462173382,116.8,100
1719462174226,117.05,25
1719462174226,117.05,25
1719462174226,117.05,25
1719462174226,117.05,25
1719462174226,117.05,25
1719462174226,117.05,25
1719462174226,117.05,25
1719462174226,117.05,25
1719462183159,117.9,25
1719462183812,118.45,100
1719462183812,118.45,100
1719462183812,118.45,100
1719462187187,118.1,175
1719462187187,118.1,175
1719462187187,118.1,175
1719462187187,118.1,175
1719462187187,118.1,175
1719462187187,118.1,175
1719462187187,118.1,175
1719462187187,118.1,175
1719462187187,118.1,175
1719462198609,118.25,25
1719462198762,118.55,25
1719462198762,118.55,25
1719462198762,118.55,25
1719462198762,118.55,25
1719462204142,117.0,25
1719462204482,116.75,225
1719462204482,116.75,225
1719462205825,117.2,150
1719462205825,117.2,150
1719462207151,117.0,150
1719462207151,117.0,150
1719462209547,117.45,25
1719462209641,117.0,50
1719462209889,117.2,100
1719462209889,117.2,100
1719462210965,117.7,25
1719462210965,117.7,25
1719462212479,117.95,25
1719462212479,117.95,25
1719462212479,117.95,25
1719462212479,117.95,25
1719462216609,117.7,25
1719462217257,117.4,125
1719462217611,117.25,50
1719462217611,117.25,50
1719462218840,117.4,25
1719462218840,117.4,25
1719462218840,117.4,25
1719462223179,117.7,50
1719462223179,117.7,50
1719462223179,117.7,50
1719462223179,117.7,50
1719462223179,117.7,50
1719462230483,118.05,50
1719462230483,118.05,50
1719462231707,117.8,25
1719462231707,117.8,25
1719462231707,117.8,25
1719462231707,117.8,25
1719462231707,117.8,25
1719462231707,117.8,25
1719462240212,117.95,25
1719462240383,117.65,25
1719462240383,117.65,25
1719462240383,117.65,25
1719462242174,117.7,100
1719462242174,117.7,100
1719462244395,116.8,25
1719462244395,116.8,25
1719462244395,116.8,25
1719462246775,116.25,150
1719462246775,116.25,150
1719462251072,117.25,125
1719462252305,117.95,50
1719462252738,118.1,25
1719462252738,118.1,25
1719462252738,118.1,25
1719462255862,118.0,25
1719462255862,118.0,25
1719462257928,118.0,25
1719462257928,118.0,25
1719462257928,118.0,25
1719462257928,118.0,25
1719462263152,117.65,25
1719462263152,117.65,25
1719462263152,117.65,25
1719462263152,117.65,25
1719462268082,117.05,25
1719462268082,117.05,25
1719462268082,117.05,25
1719462271138,117.35,100
1719462271138,117.35,100
1719462272569,117.3,25
1719462272569,117.3,25
1719462273706,117.6,25
1719462274195,117.0,50
1719462274195,117.0,50
1719462275824,117.0,25
1719462275824,117.0,25
1719462276852,116.85,50
1719462277697,116.25,25
1719462277697,116.25,25
1719462279405,116.45,25
1719462279405,116.45,25
1719462280263,116.0,250
1719462281083,115.95,50
1719462281083,115.95,50
1719462281083,115.95,50
1719462281083,115.95,50
1719462284969,116.3,50
1719462284969,116.3,50
1719462284969,116.3,50
1719462289854,115.25,50
1719462290856,115.0,25
1719462291475,114.85,100
1719462291807,114.7,50
1719462292579,114.8,25
1719462293623,115.2,25
1719462293623,115.2,25
1719462296301,115.6,25
1719462296301,115.6,25
1719462296301,115.6,25
1719462299835,115.4,25
1719462300646,115.45,125
1719462301465,115.45,25
1719462302121,115.3,50
1719462302121,115.3,50
1719462303654,115.4,25
1719462303654,115.4,25
1719462303654,115.4,25
1719462303654,115.4,25
1719462309651,115.65,25
1719462309816,115.7,25
1719462309816,115.7,25
1719462309816,115.7,25
1719462312028,114.65,150
1719462312870,113.75,200
1719462314229,114.35,25
1719462314898,114.15,25
1719462314898,114.15,25
1719462316016,114.3,25
1719462316396,114.8,25
1719462316587,114.75,25
1719462317123,114.35,25
1719462317123,114.35,25
1719462318678,114.7,25
1719462318678,114.7,25
1719462320047,114.3,25
1719462320047,114.3,25
1719462323137,114.7,25
1719462323137,114.7,25
1719462324406,114.3,500
1719462324406,114.3,500
1719462324406,114.3,500
1719462328043,114.0,25
1719462328043,114.0,25
1719462328735,113.45,25
1719462328735,113.45,25
1719462328735,113.45,25
1719462331237,113.5,350
1719462331237,113.5,350
1719462332592,114.4,25
1719462332825,114.3,25
1719462333168,114.0,25
1719462334058,113.8,225
1719462334840,114.1,25
1719462334840,114.1,25
1719462334840,114.1,25
1719462337154,114.0,25
1719462337393,114.35,25
1719462338753,114.5,250
1719462338753,114.5,250
1719462338753,114.5,250
1719462338753,114.5,250
1719462338753,114.5,250
1719462338753,114.5,250
1719462338753,114.5,250
1719462348694,115.25,300
1719462348694,115.25,300
1719462348694,115.25,300
1719462348694,115.25,300
1719462353985,114.85,25
1719462355108,114.8,25
1719462355108,114.8,25
1719462356419,114.7,175
1719462356419,114.7,175
1719462356419,114.7,175
1719462356419,114.7,175
1719462356419,114.7,175
1719462356419,114.7,175
1719462356419,114.7,175
1719462364717,114.8,175
1719462364787,115.05,50
1719462364787,115.05,50
1719462364787,115.05,50
1719462367709,115.85,25
1719462368107,115.8,25
1719462368107,115.8,25
1719462371480,115.15,75
1719462372156,114.7,25
1719462372156,114.7,25
1719462372156,114.7,25
1719462372156,114.7,25
1719462377190,114.95,175
1719462377190,114.95,175
1719462377190,114.95,175
1719462377190,114.95,175
1719462382889,115.5,100
1719462382889,115.5,100
1719462383339,115.7,25
1719462383339,115.7,25
1719462385062,115.35,50
1719462385062,115.35,50
1719462385062,115.35,50
1719462385062,115.35,50
1719462385062,115.35,50
1719462385062,115.35,50
1719462385062,115.35,50
1719462385062,115.35,50
1719462385062,115.35,50
1719462398311,114.4,50
1719462399522,114.0,50
1719462399858,113.5,150
1719462400135,112.75,150
1719462400845,112.3,900
1719462400845,112.3,900
1719462400845,112.3,900
1719462404255,111.0,25
1719462404255,111.0,25
1719462404890,111.15,75
1719462405494,111.6,25
1719462406436,111.6,150
1719462406436,111.6,150
1719462406436,111.6,150
1719462408612,110.0,50
1719462408973,109.65,250
1719462409636,110.05,200
1719462409958,110.7,150
1719462411452,110.35,50
1719462411452,110.35,50
1719462412515,110.35,25
1719462412857,110.25,25
1719462413207,110.4,25
1719462414167,109.9,25
1719462414167,109.9,25
1719462415112,108.6,300
1719462416352,108.2,100
1719462416352,108.2,100
1719462416352,108.2,100
1719462418137,108.4,25
1719462418137,108.4,25
1719462419016,107.8,25
1719462419016,107.8,25
1719462420126,107.35,50
1719462420482,107.1,150
1719462421027,107.3,225
1719462421156,106.65,150
1719462421965,105.9,25
1719462422914,106.05,50
1719462423403,105.7,275
1719462424503,106.7,125
1719462424776,107.05,25
1719462425352,107.25,125
1719462426516,107.45,25
1719462426720,107.2,25
1719462427131,107.35,25
1719462428302,108.25,150
1719462428302,108.25,150
1719462429398,107.2,100
1719462429398,107.2,100
1719462430936,108.0,50
1719462431157,107.65,175
1719462431157,107.65,175
1719462432732,107.8,25
1719462432922,108.1,100
1719462432922,108.1,100
1719462432922,108.1,100
1719462435353,107.1,50
1719462435879,106.85,100
1719462435879,106.85,100
1719462438201,106.75,100
1719462439057,106.55,150
1719462439057,106.55,150
1719462440041,106.85,50
1719462440809,107.5,25
1719462440809,107.5,25
1719462442596,106.9,25
1719462442971,106.85,25
1719462442971,106.85,25
1719462444609,106.0,50
1719462444841,106.0,50
1719462444841,106.0,50
1719462445734,105.55,25
1719462446476,105.65,25
1719462447060,105.9,50
1719462448047,105.85,50
1719462448047,105.85,50
1719462448047,105.85,50
1719462448047,105.85,50
1719462450955,107.35,25
1719462451670,106.5,250
1719462451670,106.5,250
1719462452131,106.7,150
1719462452984,107.25,50
1719462452984,107.25,50
1719462452984,107.25,50
1719462456118,106.5,100
1719462456118,106.5,100
1719462457985,106.35,25
1719462457985,106.35,25
1719462459003,106.7,25
1719462459729,106.8,50
1719462460250,106.45,25
1719462460250,106.45,25
1719462462526,105.55,25
1719462462991,105.5,25
1719462462991,105.5,25
1719462462991,105.5,25
1719462465688,104.85,25
1719462465942,104.6,25
1719462466725,104.5,25
1719462466725,104.5,25
1719462467682,104.4,25
1719462468556,104.25,200
1719462468556,104.25,200
1719462470714,102.9,100
1719462471026,103.0,75
1719462471549,103.2,175
1719462472348,102.6,25
1719462472709,102.2,25
1719462474371,102.45,25
1719462474919,102.6,25
1719462475006,102.25,25
1719462475580,102.0,50
1719462476617,101.4,25
1719462477243,101.15,150
1719462477740,101.6,25
1719462477740,101.6,25
1719462479115,102.3,125
1719462479850,102.25,25
1719462479850,102.25,25
1719462480556,101.55,25
1719462481216,101.35,25
1719462481522,100.95,25
1719462482393,100.8,25
1719462483262,100.3,100
1719462484165,100.7,25
1719462484868,100.8,225
1719462484868,100.8,225
1719462485783,100.75,25
1719462486577,101.35,50
1719462487374,101.5,25
1719462488554,101.45,50
1719462489055,101.6,25
1719462489637,101.7,25
1719462490352,101.7,200
1719462490352,101.7,200
1719462493162,101.65,25
1719462493162,101.65,25
1719462494167,101.3,25
1719462494167,101.3,25
1719462495262,101.05,50
1719462495863,101.75,25
1719462495863,101.75,25
1719462497144,100.45,50
1719462498017,101.2,25
1719462498017,101.2,25
1719462498681,101.0,25
1719462499505,101.75,50
1719462500808,101.7,25
1719462500808,101.7,25
1719462502078,101.05,25
1719462502858,100.75,50
1719462502858,100.75,50
1719462504791,100.35,25
1719462504791,100.35,25
1719462505703,100.35,25
1719462506384,100.1,25
1719462506384,100.1,25
1719462506894,99.8,100
1719462508115,99.55,25
1719462508115,99.55,25
1719462508977,100.2,75
1719462510163,100.35,25
1719462510315,100.1,25
1719462511258,100.0,25
1719462511623,100.0,25
1719462511928,99.7,25
1719462513203,99.5,50
1719462513575,99.2,50
1719462514294,99.4,150
1719462514294,99.4,150
1719462516037,100.0,25
1719462516464,99.25,50
1719462517176,99.55,50
1719462518098,99.75,25
1719462518293,99.8,50
1719462519156,100.15,25
1719462519915,99.9,50
1719462521174,100.35,25
1719462521174,100.35,25
1719462522294,100.8,25
1719462523324,100.45,75
1719462523575,100.8,25
1719462524144,100.25,150
1719462525184,100.35,25
1719462525410,100.05,75
1719462525904,100.6,225
1719462525904,100.6,225
1719462527100,99.85,50
1719462527100,99.85,50
1719462528757,100.7,25
1719462529769,100.55,25
1719462529769,100.55,25
1719462529769,100.55,25
1719462532915,100.05,25
1719462533356,100.25,25
1719462533569,100.25,25
1719462533569,100.25,25
1719462533569,100.25,25
1719462535684,100.5,25
1719462536160,100.45,25
1719462536160,100.45,25
1719462537444,100.2,150
1719462537899,100.0,25
1719462537899,100.0,25
1719462540083,100.0,50
1719462540083,100.0,50
1719462540083,100.0,50
1719462540991,100.2,225
1719462541791,100.25,25
1719462542150,99.8,75
1719462543144,99.85,200
1719462543144,99.85,200
1719462544406,100.0,25
1719462544406,100.0,25
1719462546554,100.55,25
1719462546885,100.35,25
1719462546885,100.35,25
1719462548122,100.55,25
1719462548122,100.55,25
1719462549490,100.05,25
1719462549490,100.05,25
1719462550681,100.05,50
1719462550864,100.0,25
1719462551646,99.75,50
1719462551646,99.75,50
1719462552968,99.95,25
1719462552968,99.95,25
1719462554146,99.8,25
1719462554836,99.9,150
1719462554836,99.9,150
1719462555501,99.45,25
1719462556526,99.2,225
1719462556526,99.2,225
1719462558120,99.25,100
1719462558310,99.05,50
1719462558704,99.45,25
1719462559780,99.4,150
1719462559780,99.4,150
1719462561748,99.2,200
1719462561748,99.2,200
1719462562194,98.85,25
1719462563172,99.45,75
1719462563464,99.35,25
1719462564438,99.3,25
1719462564438,99.3,25
1719462564438,99.3,25
1719462565666,99.35,25
1719462565666,99.35,25
1719462567027,99.4,100
1719462567027,99.4,100
1719462567027,99.4,100
1719462567027,99.4,100
1719462571472,98.0,25
1719462571472,98.0,25
1719462572835,98.8,50
1719462572835,98.8,50
1719462573695,99.0,25
1719462575332,99.1,25
1719462575439,99.2,25
1719462576393,99.3,25
1719462576725,99.45,25
1719462577407,99.9,25
1719462578392,100.4,25
1719462578392,100.4,25
1719462578825,100.25,25
1719462579739,100.3,25
1719462579739,100.3,25
1719462583362,100.05,50
1719462583484,100.4,25
1719462584005,99.95,25
1719462584005,99.95,25
1719462586217,99.4,25
1719462586656,99.6,125
1719462586656,99.6,125
1719462588035,99.6,25
1719462588035,99.6,25
1719462588999,99.4,25
1719462590125,98.9,125
1719462590125,98.9,125
1719462591343,99.05,75
1719462591343,99.05,75
1719462591343,99.05,75
1719462593697,99.35,25
1719462594035,99.4,50
1719462594035,99.4,50
1719462594035,99.4,50
1719462597334,99.25,50
1719462598054,99.25,50
1719462598566,99.4,50
1719462598930,98.75,25
1719462600377,98.2,150
1719462600608,98.15,150
1719462601076,97.6,25
1719462601624,97.35,25
1719462602225,97.9,50
1719462603519,98.45,25
1719462604693,99.0,25
1719462605170,99.0,25
1719462605170,99.0,25
1719462606256,99.45,100
1719462606540,99.3,25
1719462606540,99.3,25
1719462608269,99.3,25
1719462608501,99.0,25
1719462608765,98.5,25
1719462610261,99.6,25
1719462610261,99.6,25
1719462611141,99.2,150
1719462611141,99.2,150
1719462612353,99.3,50
1719462612353,99.3,50
1719462614038,99.1,50
1719462614746,98.8,25
1719462614746,98.8,25
1719462615916,98.3,50
1719462616956,98.75,50
1719462616956,98.75,50
1719462617522,98.65,25
1719462617522,98.65,25
1719462619315,99.35,25
1719462619315,99.35,25
1719462619315,99.35,25
1719462619315,99.35,25
1719462623671,99.6,25
1719462624084,99.5,125
1719462624982,99.2,125
1719462624982,99.2,125
1719462626254,99.6,25
1719462626503,99.75,25
1719462626503,99.75,25
1719462628254,99.0,25
1719462628522,99.0,25
1719462628522,99.0,25
1719462630038,99.3,25
1719462630038,99.3,25
1719462630527,99.0,25
1719462631253,98.9,25
1719462631753,99.05,25
1719462631753,99.05,25
1719462633253,98.55,25
1719462633503,98.65,25
1719462634285,98.15,450
1719462635253,98.45,25
1719462636079,98.4,25
1719462637004,98.85,25
1719462637004,98.85,25
1719462638503,98.45,25
1719462638503,98.45,25
1719462638753,98.65,25
1719462640254,99.2,25
1719462640254,99.2,25
1719462640503,99.2,25
1719462642040,99.0,25
1719462642254,99.05,25
1719462642503,99.15,25
1719462642503,99.15,25
1719462644254,99.65,25
1719462644586,99.4,25
1719462646254,98.85,25
1719462646254,98.85,25
1719462647080,98.5,25
1719462648254,98.85,25
1719462648254,98.85,25
1719462649089,98.35,75
1719462650254,99.15,25
1719462650426,98.8,25
1719462650787,98.85,25
1719462652040,98.8,25
1719462652040,98.8,25
1719462653142,98.75,50
1719462653503,99.0,25
1719462654040,99.1,25
1719462654323,99.05,50
1719462654323,99.05,50
1719462656257,98.85,25
1719462657004,99.0,25
1719462657253,99.0,25
1719462658254,98.1,25
1719462658504,98.25,25
1719462659253,98.1,25
1719462660254,97.5,25
1719462660503,97.2,25
1719462661253,97.1,25
1719462662040,96.9,25
1719462662503,97.0,25
1719462663624,97.25,50
1719462663624,97.25,50
1719462700867,96.55,50
1719462705604,95.9,25
1719462706460,96.1,25
1719462706903,95.9,25
1719462707298,95.6,25
1719462708085,96.1,25
1719462708085,96.1,25
1719462709502,95.7,50
1719462710115,96.05,25
1719462710412,96.2,25
1719462711166,96.1,25
1719462711631,95.55,25
1719462711631,95.55,25
1719462713198,95.15,25
1719462713750,95.0,50
1719462714323,94.3,50
1719462715431,94.4,100
1719462716498,94.85,25
1719462716498,94.85,25
1719462717570,94.4,25
1719462718483,94.45,25
1719462718625,94.4,225
1719462718625,94.4,225
1719462719788,94.75,125
1719462719788,94.75,125
1719462721179,93.35,125
1719462722138,92.45,25
1719462722289,92.9,50
1719462723391,92.45,25
1719462723924,92.5,75
1719462724111,92.45,25
1719462725526,92.95,50
1719462725595,93.25,25
1719462726212,93.45,100
1719462727147,93.5,300
1719462727147,93.5,300
1719462728027,93.35,25
1719462728027,93.35,25
1719462729466,93.55,25
1719462729800,93.75,25
1719462730517,94.05,150
1719462731638,93.85,50
1719462732154,94.3,25
1719462732274,94.25,50
1719462733143,94.6,25
1719462733143,94.6,25
1719462734927,94.25,100
1719462735263,94.7,25
1719462735263,94.7,25
1719462736329,94.7,50
1719462737166,94.8,25
1719462737248,94.75,50
1719462738758,94.5,25
1719462739018,94.3,25
1719462739657,94.8,50
1719462740516,94.65,25
1719462740516,94.65,25
1719462742246,95.0,50
1719462743494,94.5,25
1719462743494,94.5,25
1719462744736,94.1,25
1719462744736,94.1,25
1719462744736,94.1,25
1719462747504,94.5,25
1719462747504,94.5,25
1719462748993,94.1,25
1719462748993,94.1,25
1719462748993,94.1,25
1719462750857,94.25,50
1719462751347,94.5,50
1719462752120,94.0,25
1719462752120,94.0,25
1719462753286,93.8,25
1719462753750,93.85,50
1719462754363,94.05,125
1719462755428,94.25,25
1719462755428,94.25,25
1719462756669,93.85,25
1719462756975,93.35,150
1719462757349,93.15,25
1719462758256,93.1,75
1719462758256,93.1,75
1719462759921,93.25,100
1719462760259,93.3,50
1719462761482,93.35,25
1719462761482,93.35,25
1719462762490,93.15,75
1719462763536,93.6,25
1719462763536,93.6,25
1719462764320,93.85,75
1719462764732,93.45,25
1719462764732,93.45,25
1719462766963,93.5,25
1719462766963,93.5,25
1719462768507,93.3,50
1719462768845,93.1,25
1719462769138,92.85,125
1719462769138,92.85,125
1719462771172,92.65,25
1719462771901,91.7,25
1719462771901,91.7,25
1719462772931,91.05,25
1719462772931,91.05,25
1719462774188,91.6,50
1719462774188,91.6,50
1719462775738,92.05,25
1719462776330,90.45,75
1719462776939,91.4,25
1719462778246,91.3,125
1719462778246,91.3,125
1719462779215,91.2,100
1719462780170,91.4,250
1719462780170,91.4,250
1719462780170,91.4,250
1719462781711,90.9,50
1719462781711,90.9,50
1719462782463,90.9,200
1719462783206,90.7,25
1719462783206,90.7,25
1719462784529,90.05,125
1719462785463,90.35,100
1719462785463,90.35,100
1719462786220,90.25,50
1719462787194,90.0,175
1719462787371,90.25,75
1719462788541,90.45,25
1719462788701,90.35,100
1719462788701,90.35,100
1719462789925,89.85,150
1719462790643,89.65,25
1719462791396,89.5,25
1719462791655,89.4,100
1719462792533,89.6,25
1719462792533,89.6,25
1719462793929,90.1,25
1719462794222,89.55,125
1719462794948,90.15,25
1719462795450,89.75,25
1719462795835,89.6,75
1719462797121,90.3,25
1719462797540,90.35,25
1719462798932,90.3,25
1719462798932,90.3,25
1719462798932,90.3,25
1719462802880,89.7,75
1719462803725,89.85,50
1719462803725,89.85,50
1719462803725,89.85,50
1719462806200,90.05,50
1719462806524,90.4,25
1719462808333,90.85,50
1719462808724,90.65,25
1719462809573,91.2,25
1719462810358,91.2,25
1719462810575,91.2,50
1719462811696,91.15,50
1719462812350,91.2,25
1719462813371,91.05,75
1719462813856,90.4,575
1719462814043,90.25,25
1719462814043,90.25,25
1719462815729,90.55,175
1719462816584,90.15,175
1719462817228,90.25,75
1719462817455,90.45,25
1719462817963,90.8,25
1719462817963,90.8,25
1719462818999,91.05,25
1719462818999,91.05,25
1719462820832,91.75,25
1719462821037,91.8,25
1719462822264,92.1,25
1719462822533,91.9,50
1719462822719,92.1,25
1719462823703,92.0,25
1719462823703,92.0,25
1719462825511,91.6,25
1719462826041,91.6,25
1719462827296,91.65,25
1719462827296,91.65,25
1719462828036,91.8,125
1719462828036,91.8,125
1719462828036,91.8,125
1719462830742,91.4,125
1719462830742,91.4,125
1719462833345,91.1,25
1719462833345,91.1,25
1719462835383,91.3,50
1719462835383,91.3,50
1719462835659,91.45,50
1719462835659,91.45,50
1719462835659,91.45,50
1719462839352,91.7,75
1719462840185,91.2,50
1719462840185,91.2,50
1719462840185,91.2,50
1719462842391,91.4,50
1719462843195,91.65,25
1719462843760,91.35,25
1719462843760,91.35,25
1719462845205,91.6,25
1719462845591,91.7,25
1719462846251,92.5,25
1719462846526,92.6,50
1719462848130,92.85,50
1719462848914,92.7,25
1719462849185,93.2,75
1719462850510,92.9,175
1719462850657,92.55,25
1719462851420,92.4,325
1719462851420,92.4,325
1719462852709,92.85,225
1719462853626,92.75,25
1719462853626,92.75,25
1719462854384,93.05,25
1719462855112,92.7,25
1719462855112,92.7,25
1719462856089,92.55,50
1719462856619,92.95,150
1719462857541,92.8,50
1719462858636,92.6,50
1719462858636,92.6,50
1719462860196,92.9,25
1719462860196,92.9,25
1719462860853,92.6,25
1719462860853,92.6,25
1719462863441,92.5,25
1719462863441,92.5,25
1719462863441,92.5,25
1719462866271,92.6,25
1719462867101,92.55,50
1719462867101,92.55,50
1719462869043,92.75,25
1719462869247,93.05,25
1719463137547,91.8,25
1719463137547,91.8,25
1719463138741,91.3,425
1719463139122,90.7,75
1719463139122,90.7,75
1719463320412,90.3,25
1719463320897,90.15,25
1719463320897,90.15,25
1719463320897,90.15,25
1719463323308,89.65,75
1719463323308,89.65,75
1719463325973,90.25,150
1719463325973,90.25,150
1719463328069,90.7,75
1719463328069,90.7,75
1719463328069,90.7,75
1719463328069,90.7,75
1719463332309,90.25,25
1719463332309,90.25,25
1719463332309,90.25,25
1719463332309,90.25,25
1719463337409,90.3,300
1719463337409,90.3,300
1719463338239,90.4,25
1719463338239,90.4,25
1719463340118,90.35,50
1719463340118,90.35,50
1719463340118,90.35,50
1719463343146,90.2,50
1719463343146,90.2,50
1719463344786,90.85,25
1719463344786,90.85,25
1719463344786,90.85,25
1719463348066,91.0,50
1719463348850,91.25,75
1719463349305,90.6,100
1719463349305,90.6,100
1719463350082,90.9,75
1719463350082,90.9,75
1719463350082,90.9,75
1719463350082,90.9,75
1719463353939,90.3,25
1719463353939,90.3,25
1719463354381,90.4,25
1719463355193,89.9,150
1719463355193,89.9,150
1719463356186,89.65,100
1719463357080,89.3,25
1719463357080,89.3,25
1719463358314,89.0,50
1719463358314,89.0,50
1719463358314,89.0,50
1719463362685,89.75,50
1719463362685,89.75,50
1719463363798,90.5,25
1719463363798,90.5,25
1719463364674,90.0,25
1719463364674,90.0,25
1719463367245,89.9,25
1719463367245,89.9,25
1719463368962,89.85,350
1719463369265,89.55,50
1719463369265,89.55,50
1719463369265,89.55,50
1719463369265,89.55,50
1719463369265,89.55,50
1719463369265,89.55,50
1719463376555,90.0,75
1719463377191,89.85,75
1719463378911,90.4,350
1719463378911,90.4,350
1719463379467,90.5,225
1719463379467,90.5,225
1719463379467,90.5,225
1719463379467,90.5,225
1719463383807,91.35,50
1719463383807,91.35,50
1719463384718,90.15,150
1719463385047,90.0,125
1719463385047,90.0,125
1719463386679,90.1,25
1719463387628,89.8,25
1719463387628,89.8,25
1719463388667,90.0,25
1719463389195,90.25,50
1719463389195,90.25,50
1719463389195,90.25,50
1719463391963,90.85,25
1719463391963,90.85,25
1719463391963,90.85,25
1719463395252,91.45,25
1719463395252,91.45,25
1719463396418,91.5,25
1719463397860,91.6,25
1719463397860,91.6,25
1719463397860,91.6,25
1719463399657,91.15,25
1719463400775,91.2,25
1719463400775,91.2,25
1719463400775,91.2,25
1719463404323,91.7,50
1719463404323,91.7,50
1719463404323,91.7,50
1719463404323,91.7,50
1719463406768,92.0,25
1719463406768,92.0,25
1719463406768,92.0,25
1719463410527,92.6,25
1719463410917,92.9,100
1719463411318,92.3,75
1719463411318,92.3,75
1719463411318,92.3,75
1719463414481,92.2,75
1719463414481,92.2,75
1719463416915,92.85,25
1719463417642,92.7,25
1719463417642,92.7,25
1719463418137,92.65,50
1719463418137,92.65,50
1719463418137,92.65,50
1719463418137,92.65,50
1719463423073,92.9,25
1719463423073,92.9,25
1719463423073,92.9,25
1719463426557,92.6,25
1719463426557,92.6,25
1719463428170,93.0,25
1719463428758,93.9,50
1719463429479,94.25,100
1719463429479,94.25,100
1719463431466,92.95,25
1719463432093,93.4,25
1719463432163,93.6,125
1719463433158,94.2,25
1719463433825,94.05,25
1719463434296,93.65,150
1719463434890,93.8,25
1719463435480,93.7,25
1719463435810,93.6,25
1719463436507,93.5,25
1719463437630,93.6,25
1719463437630,93.6,25
1719463438086,93.6,25
1719463438954,93.65,25
1719463439783,93.55,25
1719463439966,93.6,25
1719463439966,93.6,25
1719463441315,93.7,25
1719463441315,93.7,25
1719463442510,93.2,100
1719463442510,93.2,100
1719463444433,93.0,25
1719463444644,93.25,100
1719463444644,93.25,100
1719463445555,93.0,25
1719463445799,93.25,125
1719463446647,93.25,25
1719463447188,93.3,150
1719463447188,93.3,150
1719463448887,93.05,25
1719463448887,93.05,25
1719463448887,93.05,25
1719463452271,93.4,50
1719463452648,93.0,125
1719463452648,93.0,125
1719463454564,93.0,100
1719463454564,93.0,100
1719463455493,92.65,25
1719463456196,92.95,25
1719463456630,92.95,25
1719463457871,92.9,100
1719463457871,92.9,100
1719463458626,92.95,25
1719463458626,92.95,25
1719463460857,93.25,50
1719463460857,93.25,50
1719463462720,93.0,25
1719463462720,93.0,25
1719463462720,93.0,25
1719463466627,93.45,25
1719463466627,93.45,25
1719463466627,93.45,25
1719463470251,92.1,75
1719463470568,91.65,225
1719463470568,91.65,225
1719463471121,91.3,200
1719463471121,91.3,200
1719463471121,91.3,200
1719463473986,91.8,25
1719463474335,91.5,25
1719463475383,92.25,25
1719463475383,92.25,25
1719463477303,91.8,75
1719463477303,91.8,75
1719463477303,91.8,75
1719463480703,92.95,75
1719463480703,92.95,75
1719463480703,92.95,75
1719463483293,93.55,150
1719463483293,93.55,150
1719463486327,92.65,25
1719463486327,92.65,25
1719463486634,92.9,50
1719463486634,92.9,50
1719463486634,92.9,50
1719463489718,92.95,25
1719463490050,92.8,25
1719463490050,92.8,25
1719463490050,92.8,25
1719463490050,92.8,25
1719463490050,92.8,25
1719463496659,93.5,25
1719463497851,92.8,25
1719463497851,92.8,25
1719463498693,93.4,25
1719463498693,93.4,25
1719463498693,93.4,25
1719463498693,93.4,25
1719463498693,93.4,25
1719463498693,93.4,25
1719463505692,93.5,725
1719463506137,93.8,25
1719463506137,93.8,25
1719463506137,93.8,25
1719463509521,92.8,25
1719463509521,92.8,25
1719463510954,93.7,50
1719463510954,93.7,50
1719463511970,94.0,75
1719463511970,94.0,75
1719463511970,94.0,75
1719463511970,94.0,75
1719463511970,94.0,75
1719463511970,94.0,75
1719463511970,94.0,75
1719463523005,93.0,50
1719463523005,93.0,50
1719463523005,93.0,50
1719463527877,92.65,50
1719463527877,92.65,50
1719463528477,92.65,25
1719463528477,92.65,25
1719463528477,92.65,25
1719463530762,92.15,75
1719463530762,92.15,75
1719463532121,91.8,25
1719463532121,91.8,25
1719463532121,91.8,25
1719463532121,91.8,25
1719463537124,91.35,150
1719463537124,91.35,150
1719463537124,91.35,150
1719463539848,91.85,25
1719463539848,91.85,25
1719463539848,91.85,25
1719463539848,91.85,25
1719463546028,91.75,150
1719463546292,91.85,100
1719463546292,91.85,100
1719463546292,91.85,100
1719463546292,91.85,100
1719463550234,91.25,25
1719463550234,91.25,25
1719463550234,91.25,25
1719463553286,91.75,50
1719463554100,91.9,175
1719463554100,91.9,175
1719463556314,91.95,100
1719463556688,92.1,50
1719463557195,92.0,25
1719463557195,92.0,25
1719463558486,92.1,125
1719463558486,92.1,125
1719463560363,92.05,50
1719463560363,92.05,50
1719463560363,92.05,50
1719463560363,92.05,50
1719463564508,92.8,25
1719463564508,92.8,25
1719463565177,93.05,200
1719463565177,93.05,200
1719463567850,93.2,25
1719463568239,92.85,75
1719463568239,92.85,75
1719463570512,93.0,100
1719463571079,92.55,25
1719463571079,92.55,25
1719463571463,92.55,75
1719463571463,92.55,75
1719463571463,92.55,75
1719463576035,93.1,25
1719463576035,93.1,25
1719463578045,93.3,50
1719463578045,93.3,50
1719463578045,93.3,50
1719463580069,93.4,25
1719463580069,93.4,25
1719463582548,93.45,25
1719463582690,93.45,75
1719463582690,93.45,75
1719463582690,93.45,75
1719463585822,93.3,150
1719463586420,93.35,25
1719463586420,93.35,25
1719463586420,93.35,25
1719463586420,93.35,25
1719463586420,93.35,25
1719463586420,93.35,25
1719463586420,93.35,25
1719463586420,93.35,25
1719463586420,93.35,25
1719463586420,93.35,25
1719463599257,94.0,25
1719463599859,93.95,75
1719463599859,93.95,75
1719463601261,94.0,25
1719463601569,94.0,50
1719463603055,93.0,150
1719463604226,92.5,25
1719463604900,92.1,25
1719463604900,92.1,25
1719463605703,91.85,25
1719463605703,91.85,25
1719463607139,92.05,50
1719463607139,92.05,50
1719463607139,92.05,50
1719463610712,93.4,25
1719463610712,93.4,25
1719463610712,93.4,25
1719463610712,93.4,25
1719463615918,93.45,25
1719463615918,93.45,25
1719463617174,93.2,25
1719463617797,92.8,75
1719463617797,92.8,75
1719463619617,93.45,25
1719463619617,93.45,25
1719463619617,93.45,25
1719463621036,94.0,100
1719463621036,94.0,100
1719463622216,94.35,25
1719463622663,93.65,25
1719463622663,93.65,25
1719463624841,93.75,100
1719463624841,93.75,100
1719463625438,94.1,25
1719463626246,93.95,25
1719463626246,93.95,25
1719463627448,94.05,25
1719463627448,94.05,25
1719463627448,94.05,25
1719463628417,93.6,150
1719463628417,93.6,150
1719463630461,93.4,25
1719463630461,93.4,25
1719463630461,93.4,25
1719463630461,93.4,25
1719463635536,93.6,25
1719463635536,93.6,25
1719463637026,92.85,75
1719463638313,93.3,25
1719463638313,93.3,25
1719463638486,93.45,25
1719463639751,93.45,25
1719463639751,93.45,25
1719463641419,92.5,75
1719463641419,92.5,75
1719463642680,92.85,25
1719463642680,92.85,25
1719463644264,92.7,100
1719463644264,92.7,100
1719463645355,92.8,25
1719463645355,92.8,25
1719463647505,93.7,25
1719463647505,93.7,25
1719463649708,94.0,25
1719463650086,93.85,100
1719463650086,93.85,100
1719463650086,93.85,100
1719463650086,93.85,100
1719463654260,94.2,125
1719463654260,94.2,125
1719463655142,94.05,150
1719463655142,94.05,150
1719463657814,93.75,250
1719463657814,93.75,250
1719463657814,93.75,250
1719463657814,93.75,250
1719463662578,94.2,25
1719463662578,94.2,25
1719463662578,94.2,25
1719463665167,94.05,25
1719463666307,94.0,25
1719463666307,94.0,25
1719463667089,94.0,25
1719463668255,94.1,25
1719463668255,94.1,25
1719463670576,94.2,25
1719463670576,94.2,25
1719463671733,93.9,25
1719463672992,93.75,25
1719463673246,94.05,25
1719463673531,93.5,25
1719463673531,93.5,25
1719463675983,94.35,25
1719463675983,94.35,25
1719463675983,94.35,25
1719463679215,94.05,25
1719463679215,94.05,25
1719463679215,94.05,25
1719463680743,94.4,25
1719463681188,94.3,100
1719463681188,94.3,100
1719463682630,94.25,25
1719463682630,94.25,25
1719463683803,94.3,25
1719463684314,94.4,25
1719463684314,94.4,25
1719463685379,94.1,150
1719463686104,93.75,25
1719463686742,93.7,200
1719463687139,93.6,75
1719463687139,93.6,75
1719463687139,93.6,75
1719463691223,94.15,50
1719463691223,94.15,50
1719463692663,94.25,75
1719463692663,94.25,75
1719463695081,94.2,25
1719463695248,94.15,25
1719463695938,94.35,25
1719463696880,94.4,25
1719463697036,94.2,25
1719463697036,94.2,25
1719463699016,93.2,75
1719463699720,93.65,25
1719463699720,93.65,25
1719463699720,93.65,25
1719463699720,93.65,25
1719463703685,93.5,25
1719463703818,93.75,300
1719463704720,93.05,25
1719463704720,93.05,25
1719463705253,93.45,25
1719463705253,93.45,25
1719463706810,92.85,25
1719463706810,92.85,25
1719463706810,92.85,25
1719463706810,92.85,25
1719463706810,92.85,25
1719463711713,93.0,25
1719463712184,92.35,25
1719463712184,92.35,25
1719463714232,93.15,125
1719463714232,93.15,125
1719463715203,93.5,25
1719463715428,93.2,125
1719463715428,93.2,125
1719463715428,93.2,125
1719463719550,92.4,125
1719463720012,92.0,75
1719463720012,92.0,75
1719463722934,91.8,25
1719463722934,91.8,25
1719463722934,91.8,25
1719463725143,92.65,25
1719463725448,92.25,50
1719463725448,92.25,50
1719463725448,92.25,50
1719463728381,92.6,50
1719463728381,92.6,50
1719463730175,93.15,125
1719463731145,92.85,75
1719463731145,92.85,75
1719463731145,92.85,75
1719463731145,92.85,75
1719463735718,92.85,25
1719463735718,92.85,25
1719463735718,92.85,25
1719463738963,92.25,275
1719463739627,92.7,25
1719463739627,92.7,25
1719463739627,92.7,25
1719463739627,92.7,25
1719463742865,92.6,25
1719463742865,92.6,25
1719463742865,92.6,25
1719463742865,92.6,25
1719463747412,92.25,25
1719463747412,92.25,25
1719463748996,92.6,25
1719463748996,92.6,25
1719463751496,92.35,25
1719463751496,92.35,25
1719463753177,92.3,75
1719463754626,92.4,25
1719463754626,92.4,25
1719463754626,92.4,25
1719463757087,92.25,50
1719463757393,92.0,25
1719463757393,92.0,25
1719463759496,91.55,25
1719463760062,90.85,75
1719463760603,90.95,25
1719463761333,90.9,25
1719463761333,90.9,25
1719463761333,90.9,25
1719463761333,90.9,25
1719463761333,90.9,25
1719463767850,91.8,25
1719463767850,91.8,25
1719463767850,91.8,25
1719463767850,91.8,25
1719463771314,91.95,50
1719463771314,91.95,50
1719463771314,91.95,50
1719463771314,91.95,50
1719463775667,90.75,50
1719463775667,90.75,50
1719463775667,90.75,50
1719463779115,90.95,250
1719463779115,90.95,250
1719463779115,90.95,250
1719463782275,91.3,75
1719463782275,91.3,75
1719463782275,91.3,75
1719463782275,91.3,75
1719463782275,91.3,75
1719463788413,91.45,25
1719463788413,91.45,25
1719463788413,91.45,25
1719463792077,90.85,25
1719463792077,90.85,25
1719463793621,90.55,75
1719463794720,90.6,50
1719463794720,90.6,50
1719463795281,90.45,25
1719463795535,90.55,25
1719463795535,90.55,25
1719463798019,91.05,25
1719463798019,91.05,25
1719463799192,90.95,25
1719463800056,91.1,25
1719463800380,91.0,25
1719463800931,90.95,25
1719463801442,90.85,25
1719463801844,90.85,25
1719463803319,91.2,25
1719463803319,91.2,25
1719463803319,91.2,25
1719463803319,91.2,25
1719463809822,90.55,25
1719463810255,90.6,25
1719463810255,90.6,25
1719463813191,90.0,100
1719463813191,90.0,100
1719463813191,90.0,100
1719463813191,90.0,100
1719463817222,90.35,25
1719463817482,90.85,25
1719463817482,90.85,25
1719463819116,91.0,100
1719463819116,91.0,100
1719463819116,91.0,100
1719463822014,90.45,125
1719463823184,90.75,25
1719463823184,90.75,25
1719463826109,90.2,25
1719463826109,90.2,25
1719463827354,90.6,100
1719463827499,90.8,25
1719463827499,90.8,25
1719463828890,91.2,150
1719463828890,91.2,150
1719463828890,91.2,150
1719463828890,91.2,150
1719463833184,90.9,100
1719463833184,90.9,100
1719463833184,90.9,100
1719463836677,91.15,25
1719463838073,91.75,100
1719463838073,91.75,100
1719463838073,91.75,100
1719463838073,91.75,100
1719463843056,92.5,50
1719463843056,92.5,50
1719463843534,92.85,25
1719463843534,92.85,25
1719463846494,92.65,125
1719463846494,92.65,125
1719463846494,92.65,125
1719463846494,92.65,125
1719463846494,92.65,125
1719463846494,92.65,125
1719463854463,93.0,175
1719463854463,93.0,175
1719463854463,93.0,175
1719463857073,93.3,125
1719463857616,92.8,100
1719463857616,92.8,100
1719463858920,91.9,325
1719463858920,91.9,325
1719463858920,91.9,325
1719463858920,91.9,325
1719463862493,91.35,25
1719463862493,91.35,25
1719463862493,91.35,25
1719463866218,92.3,25
1719463866218,92.3,25
1719463866218,92.3,25
1719463869647,92.55,50
1719463870240,92.3,25
1719463870240,92.3,25
1719463870240,92.3,25
1719463872897,92.1,50
1719463872897,92.1,50
1719463872897,92.1,50
1719463875776,92.55,150
1719463875776,92.55,150
1719463878319,91.95,25
1719463878707,91.65,225
1719463878707,91.65,225
1719463878707,91.65,225
1719463881369,91.7,25
1719463881369,91.7,25
1719463882383,91.35,75
1719463882819,91.45,75
1719463883515,91.6,25
1719463883515,91.6,25
1719463883515,91.6,25
1719463886768,91.35,25
1719463886768,91.35,25
1719463888148,90.85,50
1719463888148,90.85,50
1719463888982,90.7,75
1719463888982,90.7,75
1719463888982,90.7,75
1719463888982,90.7,75
1719463893144,90.95,25
1719463893144,90.95,25
1719463894429,90.95,200
1719463894429,90.95,200
1719463894429,90.95,200
1719463894429,90.95,200
1719463894429,90.95,200
1719463894429,90.95,200
1719463894429,90.95,200
1719463894429,90.95,200
1719463894429,90.95,200
1719463894429,90.95,200
1719463894429,90.95,200
1719463911219,90.6,75
1719463911219,90.6,75
1719463911219,90.6,75
1719463914703,90.6,25
1719463914703,90.6,25
1719463915473,90.65,75
1719463916703,90.65,25
1719463916703,90.65,25
1719463916703,90.65,25
1719463916703,90.65,25
1719463916703,90.65,25
1719463916703,90.65,25
1719463916703,90.65,25
1719463924986,91.35,125
1719463924986,91.35,125
1719463924986,91.35,125
1719463924986,91.35,125
1719463924986,91.35,125
1719463924986,91.35,125
1719463933215,90.85,100
1719463933215,90.85,100
1719463934722,90.7,25
1719463935031,90.3,25
1719463935031,90.3,25
1719463936298,89.7,25
1719463936876,90.4,25
1719463937866,90.9,150
1719463938247,91.0,25
1719463938247,91.0,25
1719463938247,91.0,25
1719463941811,90.95,50
1719463941811,90.95,50
1719463941811,90.95,50
1719463941811,90.95,50
1719463941811,90.95,50
1719463941811,90.95,50
1719463941811,90.95,50
1719463941811,90.95,50
1719463941811,90.95,50
1719463941811,90.95,50
1719463941811,90.95,50
1719463956910,92.4,75
1719463956910,92.4,75
1719463956910,92.4,75
1719463960410,92.4,75
1719463960410,92.4,75
1719463960410,92.4,75
1719463963820,92.25,25
1719463963820,92.25,25
1719463965831,92.2,25
1719463965831,92.2,25
1719463967531,91.95,75
1719463967531,91.95,75
1719463967531,91.95,75
1719463967531,91.95,75
1719463973608,92.75,25
1719463973608,92.75,25
1719463975998,92.55,50
1719463975998,92.55,50
1719463978329,92.3,25
1719463978329,92.3,25
1719463979334,91.95,25
1719463979334,91.95,25
1719463979334,91.95,25
1719463980795,91.85,50
1719463981633,92.0,25
1719463981729,91.95,25
1719463981729,91.95,25
1719463985149,92.1,25
1719463985149,92.1,25
1719463985149,92.1,25
1719463985149,92.1,25
1719463989761,92.6,75
1719463989867,92.35,25
1719463989867,92.35,25
1719463989867,92.35,25
1719463989867,92.35,25
1719463989867,92.35,25
1719463989867,92.35,25
1719463989867,92.35,25
1719463989867,92.35,25
1719464000704,93.25,25
1719464000886,93.1,50
1719464001477,93.1,100
1719464001477,93.1,100
1719464001477,93.1,100
1719464004473,92.7,50
1719464004473,92.7,50
1719464004473,92.7,50
1719464004473,92.7,50
1719464004473,92.7,50
1719464004473,92.7,50
1719464004473,92.7,50
1719464011997,92.85,125
1719464011997,92.85,125
1719464011997,92.85,125
1719464011997,92.85,125
1719464017417,92.5,25
1719464017492,92.35,100
1719464017492,92.35,100
1719464019626,92.5,25
1719464019626,92.5,25
1719464021482,91.55,25
1719464021482,91.55,25
1719464021482,91.55,25
1719464021482,91.55,25
1719464021482,91.55,25
1719464021482,91.55,25
1719464021482,91.55,25
1719464021482,91.55,25
1719464021482,91.55,25
1719464021482,91.55,25
1719464021482,91.55,25
1719464021482,91.55,25
1719464021482,91.55,25
1719464039885,92.85,25
1719464039885,92.85,25
1719464039885,92.85,25
1719464039885,92.85,25
1719464039885,92.85,25
1719464039885,92.85,25
1719464039885,92.85,25
1719464039885,92.85,25
1719464039885,92.85,25
1719464039885,92.85,25
1719464053190,93.6,50
1719464053190,93.6,50
1719464054078,93.4,25
1719464054078,93.4,25
1719464055371,92.8,100
1719464055371,92.8,100
1719464057241,92.15,25
1719464057241,92.15,25
1719464059937,92.9,50
1719464059937,92.9,50
1719464059937,92.9,50
1719464059937,92.9,50
1719464065316,93.65,100
1719464065316,93.65,100
1719464065316,93.65,100
1719464065316,93.65,100
1719464065316,93.65,100
1719464065316,93.65,100
1719464065316,93.65,100
1719464072319,93.8,25
1719464072319,93.8,25
1719464072319,93.8,25
1719464072319,93.8,25
1719464078079,93.7,25
1719464078167,93.8,25
1719464078167,93.8,25
1719464080076,93.8,50
1719464080076,93.8,50
1719464080076,93.8,50
1719464083102,93.95,25
1719464083102,93.95,25
1719464083939,94.0,100
1719464084383,94.3,75
1719464084383,94.3,75
1719464084383,94.3,75
1719464084383,94.3,75
1719464084383,94.3,75
1719464090489,93.65,25
1719464090899,93.9,25
1719464090899,93.9,25
1719464093453,93.05,25
1719464093532,93.1,25
1719464093964,92.8,25
1719464095117,92.7,25
1719464096147,92.7,25
1719464096469,92.7,25
1719464096469,92.7,25
1719464096469,92.7,25
1719464099426,93.3,50
1719464099426,93.3,50
1719464099426,93.3,50
1719464101503,93.5,25
1719464101503,93.5,25
1719464102543,92.7,25
1719464103427,92.95,75
1719464103427,92.95,75
1719464104237,92.95,50
1719464104916,92.85,25
1719464104916,92.85,25
1719464104916,92.85,25
1719464104916,92.85,25
1719464104916,92.85,25
1719464104916,92.85,25
1719464104916,92.85,25
1719464104916,92.85,25
1719464115614,93.1,25
1719464115614,93.1,25
1719464118096,93.15,25
1719464118583,93.2,25
1719464118893,93.1,25
1719464120027,92.8,50
1719464120027,92.8,50
1719464121145,92.3,25
1719464121458,92.4,25
1719464121458,92.4,25
1719464121458,92.4,25
1719464124683,93.1,100
1719464124862,93.05,225
1719464124862,93.05,225
1719464125713,93.0,25
1719464125713,93.0,25
1719464128408,93.0,25
1719464128408,93.0,25
1719464129482,92.95,25
1719464129482,92.95,25
1719464129482,92.95,25
1719464129482,92.95,25
1719464129482,92.95,25
1719464129482,92.95,25
1719464129482,92.95,25
1719464129482,92.95,25
1719464138858,94.0,475
1719464139548,94.45,25
1719464139990,94.35,25
1719464140233,94.3,100
1719464140528,94.4,100
1719464141458,94.3,100
1719464141458,94.3,100
1719464141458,94.3,100
1719464145219,92.9,100
1719464145219,92.9,100
1719464145219,92.9,100
1719464145219,92.9,100
1719464145219,92.9,100
1719464151059,92.9,25
1719464151059,92.9,25
1719464151059,92.9,25
1719464151059,92.9,25
1719464151059,92.9,25
1719464157600,94.15,25
1719464158169,93.8,25
1719464158169,93.8,25
1719464158169,93.8,25
1719464158169,93.8,25
1719464161913,93.8,100
1719464161913,93.8,100
1719464161913,93.8,100
1719464164024,93.35,75
1719464164024,93.35,75
1719464165853,93.4,125
1719464165853,93.4,125
1719464165853,93.4,125
1719464165853,93.4,125
1719464165853,93.4,125
1719464173515,92.9,25
1719464173515,92.9,25
1719464173515,92.9,25
1719464173515,92.9,25
1719464177307,93.55,25
1719464177307,93.55,25
1719464177307,93.55,25
1719464180931,93.0,25
1719464180931,93.0,25
1719464183399,92.95,25
1719464183730,92.85,25
1719464184191,92.35,25
1719464184191,92.35,25
1719464184191,92.35,25
1719464185831,92.7,25
1719464185831,92.7,25
1719464188837,93.35,50
1719464188837,93.35,50
1719464190673,93.5,25
1719464191109,93.8,25
1719464192067,93.65,25
1719464192067,93.65,25
1719464192067,93.65,25
1719464192067,93.65,25
1719464192067,93.65,25
1719464192067,93.65,25
1719464199020,92.95,25
1719464199020,92.95,25
1719464199020,92.95,25
1719464199020,92.95,25
1719464205106,93.15,25
1719464205423,93.55,25
1719464205643,93.55,25
1719464205643,93.55,25
1719464207380,93.4,25
1719464208222,93.2,25
1719464208222,93.2,25
1719464208222,93.2,25
1719464208222,93.2,25
1719464208222,93.2,25
1719464208222,93.2,25
1719464217127,92.95,25
1719464218973,92.0,100
1719464219312,92.1,75
1719464219848,91.95,25
1719464219848,91.95,25
1719464219848,91.95,25
1719464219848,91.95,25
1719464219848,91.95,25
1719464219848,91.95,25
1719464228149,90.95,25
1719464228149,90.95,25
1719464230542,90.6,25
1719464230542,90.6,25
1719464230707,90.45,25
1719464231748,90.35,25
1719464231748,90.35,25
1719464231748,90.35,25
1719464231748,90.35,25
1719464237646,90.85,25
1719464237646,90.85,25
1719464239743,90.95,25
1719464239743,90.95,25
1719464239743,90.95,25
1719464239743,90.95,25
1719464244614,90.5,50
1719464244614,90.5,50
1719464246825,89.8,75
1719464247062,89.55,25
1719464247062,89.55,25
1719464248366,88.55,50
1719464248898,88.2,125
1719464248898,88.2,125
1719464250592,89.1,150
1719464250741,88.25,25
1719464252261,88.55,25
1719464253058,88.85,125
1719464253382,88.4,25
1719464254140,87.75,25
1719464254807,88.15,150
1719464254807,88.15,150
1719464254807,88.15,150
1719464257798,87.9,25
1719464257798,87.9,25
1719464259111,88.05,25
1719464260244,88.35,25
1719464260244,88.35,25
1719464260244,88.35,25
1719464262778,88.5,225
1719464262924,88.55,150
1719464263307,88.0,125
1719464264247,88.4,100
1719464264247,88.4,100
1719464266804,88.3,25
1719464266804,88.3,25
1719464266804,88.3,25
1719464266804,88.3,25
1719464271125,88.35,25
1719464271125,88.35,25
1719464273160,88.6,150
1719464273160,88.6,150
1719464274127,88.75,150
1719464274127,88.75,150
1719464275934,88.35,25
1719464275934,88.35,25
1719464278140,88.85,25
1719464279019,88.85,25
1719464279019,88.85,25
1719464280019,89.2,25
1719464280019,89.2,25
1719464282296,88.15,75
1719464282406,88.0,25
1719464282406,88.0,25
1719464282406,88.0,25
1719464286851,88.85,25
1719464286851,88.85,25
1719464286851,88.85,25
1719464289999,88.6,50
1719464289999,88.6,50
1719464291377,88.35,25
1719464292233,87.1,25
1719464292828,87.35,25
1719464293464,87.9,25
1719464293464,87.9,25
1719464295212,87.9,25
1719464295344,87.6,50
1719464295344,87.6,50
1719464296648,88.2,25
1719464296648,88.2,25
1719464297477,88.0,25
1719464297477,88.0,25
1719464297477,88.0,25
1719464302320,88.15,25
1719464303402,88.15,550
1719464303402,88.15,550
1719464304411,87.9,250
1719464304411,87.9,250
1719464306242,88.6,50
1719464307198,88.25,75
1719464307198,88.25,75
1719464307659,87.9,25
1719464307659,87.9,25
1719464309363,88.2,25
1719464310319,87.5,25
1719464310319,87.5,25
1719464311154,87.65,25
1719464311755,87.55,25
1719464313142,87.65,50
1719464313142,87.65,50
1719464314512,87.0,25
1719464315309,87.0,200
1719464315654,87.25,25
1719464315654,87.25,25
1719464317115,87.0,25
1719464317115,87.0,25
1719464317825,87.25,50
1719464317825,87.25,50
1719464319362,87.55,25
1719464319735,86.9,25
1719464319735,86.9,25
1719464320792,87.15,25
1719464321604,87.15,25
1719464321604,87.15,25
1719464323345,86.95,25
1719464323822,86.8,25
1719464324499,87.05,25
1719464325402,87.55,100
1719464325611,87.7,25
1719464325611,87.7,25
1719464326553,87.1,25
1719464326553,87.1,25
1719464328086,88.4,25
1719464328886,88.7,25
1719464329416,88.95,25
1719464330010,89.25,25
1719464330010,89.25,25
1719464331316,88.25,25
1719464331930,88.05,150
1719464331930,88.05,150
1719464333879,87.5,25
1719464333879,87.5,25
1719464336137,87.9,75
1719464336137,87.9,75
1719464336137,87.9,75
1719464339161,88.3,100
1719464339618,87.85,25
1719464339618,87.85,25
1719464339618,87.85,25
1719464339618,87.85,25
1719464342721,88.0,25
1719464342721,88.0,25
1719464344400,88.35,25
1719464345200,88.4,25
1719464345200,88.4,25
1719464346102,88.5,25
1719464346869,88.1,25
1719464346869,88.1,25
1719464348513,88.1,25
1719464348967,88.5,25
1719464349067,88.5,25
1719464350170,88.35,25
1719464350409,88.0,100
1719464350409,88.0,100
1719464352404,88.25,25
1719464352558,88.3,25
1719464352558,88.3,25
1719464354153,88.35,25
1719464354153,88.35,25
1719464356654,88.3,75
1719464356654,88.3,75
1719464358504,88.3,50
1719464358504,88.3,50
1719464360263,88.25,25
1719464360663,88.45,25
1719464361318,87.9,25
1719464361318,87.9,25
1719464361318,87.9,25
1719464364269,88.0,50
1719464364509,87.9,50
1719464364509,87.9,50
1719464364509,87.9,50
1719464368021,88.55,25
1719464368021,88.55,25
1719464369734,88.3,25
1719464369734,88.3,25
1719464369734,88.3,25
1719464371608,88.3,25
1719464371757,88.3,25
1719464371757,88.3,25
1719464373195,88.2,25
1719464373195,88.2,25
1719464373195,88.2,25
1719464376540,88.55,75
1719464376540,88.55,75
1719464376540,88.55,75
1719464376540,88.55,75
1719464381156,88.1,50
1719464381156,88.1,50
1719464382697,88.15,25
1719464382697,88.15,25
1719464384068,89.0,25
1719464384261,88.8,25
1719464384261,88.8,25
1719464386056,89.15,125
1719464386056,89.15,125
1719464388029,89.35,25
1719464388029,89.35,25
1719464389425,88.8,25
1719464389425,88.8,25
1719464389425,88.8,25
1719464393080,88.8,50
1719464393080,88.8,50
1719464394596,88.5,100
1719464394596,88.5,100
1719464394596,88.5,100
1719464398078,88.0,100
1719464398078,88.0,100
1719464398078,88.0,100
1719464398078,88.0,100
1719464401056,88.25,25
1719464401540,88.7,25
1719464401540,88.7,25
1719464402512,88.7,25
1719464403662,88.7,25
1719464403662,88.7,25
1719464403662,88.7,25
1719464406793,88.15,175
1719464406793,88.15,175
1719464406793,88.15,175
1719464409482,88.35,25
1719464409663,88.05,25
1719464409663,88.05,25
1719464409663,88.05,25
1719464409663,88.05,25
1719464409663,88.05,25
1719464417181,88.55,25
1719464417181,88.55,25
1719464417181,88.55,25
1719464417181,88.55,25
1719464422318,88.8,25
1719464422513,88.75,25
1719464423313,88.75,25
1719464423902,88.95,25
1719464424129,88.7,25
1719464425318,88.8,25
1719464425426,88.7,25
1719464426471,88.4,25
1719464427043,88.65,25
1719464427043,88.65,25
1719464428296,88.65,25
1719464429056,88.7,25
1719464429056,88.7,25
1719464430330,88.55,25
1719464430526,88.5,25
1719464430712,88.65,25
1719464430912,88.55,25
1719464432370,88.05,25
1719464433785,88.25,25
1719464433785,88.25,25
1719464433785,88.25,25
1719464435941,88.05,125
1719464435941,88.05,125
1719464438111,87.65,75
1719464438111,87.65,75
1719464438111,87.65,75
1719464438111,87.65,75
1719464438111,87.65,75
1719464438111,87.65,75
1719464446845,88.05,75
1719464446845,88.05,75
1719464446845,88.05,75
1719464446845,88.05,75
1719464446845,88.05,75
1719464453052,88.35,150
1719464453163,88.3,50
1719464454141,88.7,150
1719464454141,88.7,150
1719464454141,88.7,150
1719464455900,88.35,25
1719464455900,88.35,25
1719464455900,88.35,25
1719464455900,88.35,25
1719464455900,88.35,25
1719464460868,88.6,75
1719464461398,88.75,300
1719464461970,88.95,75
1719464463097,89.0,50
1719464463097,89.0,50
1719464464407,88.75,25
1719464465256,88.85,25
1719464465256,88.85,25
1719464466807,88.25,25
1719464466807,88.25,25
1719464466807,88.25,25
1719464469610,88.5,25
1719464469610,88.5,25
1719464471656,88.0,25
1719464471656,88.0,25
1719464471656,88.0,25
1719464471656,88.0,25
1719464471656,88.0,25
1719464477988,88.15,25
1719464478956,88.1,150
1719464478956,88.1,150
1719464482211,88.55,75
1719464482211,88.55,75
1719464482211,88.55,75
1719464485121,88.15,25
1719464485121,88.15,25
1719464486369,88.5,25
1719464486369,88.5,25
1719464486369,88.5,25
1719464486369,88.5,25
1719464486369,88.5,25
1719464486369,88.5,25
1719464492948,88.25,25
1719464492948,88.25,25
1719464492948,88.25,25
1719464492948,88.25,25
1719464498695,88.0,25
1719464498695,88.0,25
1719464498695,88.0,25
1719464501108,87.5,25
1719464501108,87.5,25
1719464501108,87.5,25
1719464501108,87.5,25
1719464501108,87.5,25
1719464507869,88.2,25
1719464507869,88.2,25
1719464509814,88.25,25
1719464510907,88.5,25
1719464512350,88.2,25
1719464512350,88.2,25
1719464512881,88.45,150
1719464513692,88.4,75
1719464513692,88.4,75
1719464515346,88.5,25
1719464515346,88.5,25
1719464515346,88.5,25
1719464519198,88.6,125
1719464519198,88.6,125
1719464519198,88.6,125
1719464519198,88.6,125
1719464521941,88.95,300
1719464522565,89.05,150
1719464522565,89.05,150
1719464523230,88.85,100
1719464523953,89.15,25
1719464524605,89.05,100
1719464525226,88.75,25
1719464525226,88.75,25
1719464527213,88.55,50
1719464527213,88.55,50
1719464527213,88.55,50
1719464530457,88.35,25
1719464530457,88.35,25
1719464532009,88.35,25
1719464532009,88.35,25
1719464532009,88.35,25
1719464532009,88.35,25
1719464532009,88.35,25
1719464532009,88.35,25
1719464540433,88.65,50
1719464540433,88.65,50
1719464540433,88.65,50
1719464540433,88.65,50
1719464545908,89.3,50
1719464545908,89.3,50
1719464545908,89.3,50
1719464547954,89.05,25
1719464548418,89.05,125
1719464548418,89.05,125
1719464549900,89.3,25
1719464549900,89.3,25
1719464550708,89.95,25
1719464550708,89.95,25
1719464550708,89.95,25
1719464550708,89.95,25
1719464554950,89.5,25
1719464554950,89.5,25
1719464554950,89.5,25
1719464559089,89.4,25
1719464559250,89.1,75
1719464559250,89.1,75
1719464559250,89.1,75
1719464559250,89.1,75
1719464559250,89.1,75
1719464564865,89.5,25
1719464564865,89.5,25
1719464564865,89.5,25
1719464567894,89.75,75
1719464567894,89.75,75
1719464570191,89.5,25
1719464570337,89.8,25
1719464570337,89.8,25
1719464572132,89.5,50
1719464572132,89.5,50
1719464572132,89.5,50
1719464576097,89.75,25
1719464576097,89.75,25
1719464576097,89.75,25
1719464580117,89.6,200
1719464580117,89.6,200
1719464580117,89.6,200
1719464580117,89.6,200
1719464584027,89.55,50
1719464584473,89.3,175
1719464584473,89.3,175
1719464584983,89.45,25
1719464585810,89.55,75
1719464585810,89.55,75
1719464585810,89.55,75
1719464588238,89.65,50
1719464589569,90.05,300
1719464589569,90.05,300
1719464590882,90.85,75
1719464590882,90.85,75
1719464591367,90.8,25
1719464592560,91.2,25
1719464592560,91.2,25
1719464593504,91.35,25
1719464593504,91.35,25
1719464594730,90.8,50
1719464594730,90.8,50
1719464597027,90.45,75
1719464597545,90.75,50
1719464597545,90.75,50
1719464597545,90.75,50
1719464600819,92.0,150
1719464601068,92.5,250
1719464601804,93.5,25
1719464601804,93.5,25
1719464602858,93.55,100
1719464603415,93.15,250
1719464604553,93.45,100
1719464604553,93.45,100
1719464605802,93.25,25
1719464605802,93.25,25
1719464606561,94.1,25
1719464607472,95.0,50
1719464607472,95.0,50
1719464608987,95.2,25
1719464609103,95.45,125
1719464610487,96.45,25
1719464610748,96.25,50
1719464611223,96.75,25
1719464611746,97.65,25
1719464611903,99.35,125
1719464611903,99.35,125
1719464612419,101.8,75
1719464612419,101.8,75
1719464612419,101.8,75
1719464613404,107.1,50
1719464613404,107.1,50
1719464613945,107.3,50
1719464614808,105.7,25
1719464614808,105.7,25
1719464614808,105.7,25
1719464615759,104.7,50
1719464617168,102.3,150
1719464618589,101.9,25
1719464620227,99.3,50
1719464622425,100.5,100
1719464622819,99.55,175
1719464623587,99.45,25
1719464624532,98.45,50
1719464625240,98.2,300
1719464626192,98.85,150
1719464626406,99.15,50
1719464627418,99.8,50
1719464627684,99.85,75
1719464628597,98.05,75
1719464629377,98.0,25
1719464630377,97.9,125
1719464630377,97.9,125
1719464631325,98.25,25
1719464632360,98.1,25
1719464632687,98.65,75
1719464633620,99.4,25
1719464633767,99.3,75
1719464633767,99.3,75
1719464635435,101.1,50
1719464636175,102.2,25
1719464636175,102.2,25
1719464637479,103.25,75
1719464637844,102.15,50
1719464638564,101.85,25
1719464638881,101.55,25
1719464639684,100.95,75
1719464639684,100.95,75
1719464640808,101.55,100
1719464640808,101.55,100
1719464641378,101.6,25
1719464641905,101.9,25
1719464641905,101.9,25
1719464643204,99.8,225
1719464643799,100.85,25
1719464643799,100.85,25
1719464645505,100.55,100
1719464645505,100.55,100
1719464646429,99.75,75
1719464646922,98.85,75
1719464646922,98.85,75
1719464649163,99.25,125
1719464649163,99.25,125
1719464649812,99.8,150
1719464650036,100.15,25
1719464650602,100.1,175
1719464650602,100.1,175
1719464652829,100.2,25
1719464652829,100.2,25
1719464653632,100.55,50
1719464653868,100.45,200
1719464653868,100.45,200
1719464655589,100.95,75
1719464655589,100.95,75
1719464657726,100.9,75
1719464658101,100.95,25
1719464658101,100.95,25
1719464658101,100.95,25
1719464661706,99.35,25
1719464661706,99.35,25
1719464664141,100.3,200
1719464664462,101.55,100
1719464664462,101.55,100
1719464665189,102.0,50
1719464665189,102.0,50
1719464667271,100.6,50
1719464667271,100.6,50
1719464668318,101.05,50
1719464669378,101.2,25
1719464669378,101.2,25
1719464669378,101.2,25
1719464670984,100.0,300
1719464671818,100.0,25
1719464671818,100.0,25
1719464673093,100.05,75
1719464673658,99.5,25
1719464674496,99.7,25
1719464674496,99.7,25
1719464674496,99.7,25
1719464676199,99.6,300
1719464676199,99.6,300
1719464678478,100.25,75
1719464678478,100.25,75
1719464679530,99.75,125
1719464680448,100.6,25
1719464680936,101.0,25
1719464680936,101.0,25
1719464680936,101.0,25
1719464683040,101.05,50
1719464684409,100.2,50
1719464684409,100.2,50
1719464685929,100.0,50
1719464687740,100.75,75
1719464688117,101.45,75
1719464688883,100.25,50
1719464689598,100.2,150
1719464690198,101.05,100
1719464691082,101.0,200
1719464691453,101.7,75
1719464691453,101.7,75
1719464694087,102.0,175
1719464694373,102.45,50
1719464695586,103.25,25
1719464695586,103.25,25
1719464697894,103.45,50
1719464697894,103.45,50
1719464698608,103.6,25
1719464699510,104.45,25
1719464699715,104.7,50
1719464700652,104.95,100
1719464700652,104.95,100
1719464701814,106.2,75
1719464702020,106.7,525
1719464702924,107.0,25
1719464702924,107.0,25
1719464704302,106.25,50
1719464705589,106.4,150
1719464705837,105.85,150
1719464706571,105.65,25
1719464707391,105.75,25
1719464707391,105.75,25
1719464708425,105.3,150
1719464708550,105.45,75
1719464710392,104.25,100
1719464710392,104.25,100
1719464712120,103.95,225
1719464712606,103.6,100
1719464712606,103.6,100
1719464712784,104.35,75
1719464713702,104.25,150
1719464713702,104.25,150
1719464715507,102.2,150
1719464716090,102.7,100
1719464716426,102.0,25
1719464717619,103.2,150
1719464718636,102.95,50
1719464718636,102.95,50
1719464720280,102.75,25
1719464721075,103.85,150
1719464721075,103.85,150
1719464722223,104.35,400
1719464722223,104.35,400
1719464723819,105.0,125
1719464723819,105.0,125
1719464724764,104.1,50
1719464725278,103.75,150
1719464725278,103.75,150
1719464726298,104.95,25
1719464726298,104.95,25
1719464728526,105.05,75
1719464728526,105.05,75
1719464728526,105.05,75
1719464728526,105.05,75
1719464728526,105.05,75
1719464733114,103.6,100
1719464734393,103.95,100
1719464734393,103.95,100
1719464734393,103.95,100
1719464736415,103.8,50
1719464736415,103.8,50
1719464737931,103.65,25
1719464738157,103.5,25
1719464739045,102.8,25
1719464739045,102.8,25
1719464740104,103.1,25
1719464741060,102.95,25
1719464741060,102.95,25
1719464742277,102.8,25
1719464742277,102.8,25
1719464743375,103.0,125
1719464743375,103.0,125
1719464744607,103.3,50
1719464745958,103.45,25
1719464745958,103.45,25
1719464745958,103.45,25
1719464749511,101.65,100
1719464749511,101.65,100
1719464750676,101.5,25
1719464750676,101.5,25
1719464751418,101.1,100
1719464752859,101.75,25
1719464754453,101.0,25
1719464754453,101.0,25
1719464755013,101.55,25
1719464755844,100.75,75
1719464756410,100.0,500
1719464756755,99.7,25
1719464757565,100.1,100
1719464758080,100.1,250
1719464759348,99.8,25
1719464759348,99.8,25
1719464759348,99.8,25
1719464759348,99.8,25
1719464761694,100.25,25
1719464762717,102.25,25
1719464763478,101.65,75
1719464763478,101.65,75
1719464763478,101.65,75
1719464766311,103.0,400
1719464767157,102.2,125
1719464767157,102.2,125
1719464767157,102.2,125
1719464770245,100.5,300
1719464770664,100.15,25
1719464771085,99.85,300
1719464771085,99.85,300
1719464771829,100.6,100
1719464771829,100.6,100
1719464773757,100.85,275
1719464773757,100.85,275
1719464773757,100.85,275
1719464773757,100.85,275
1719464773757,100.85,275
1719464773757,100.85,275
1719464782301,102.0,275
1719464782301,102.0,275
1719464783389,101.9,25
1719464784427,101.35,200
1719464784427,101.35,200
1719464784866,101.2,25
1719464784866,101.2,25
1719464786779,100.0,25
1719464787804,99.8,25
1719464787804,99.8,25
1719464788979,100.25,25
1719464788979,100.25,25
1719464788979,100.25,25
1719464791070,100.6,50
1719464791070,100.6,50
1719464791391,101.15,175
1719464791697,101.2,50
1719464792999,102.3,25
1719464792999,102.3,25
1719464792999,102.3,25
1719464796001,102.6,25
1719464796001,102.6,25
1719464797261,101.2,25
1719464797261,101.2,25
1719464799106,101.05,75
1719464799106,101.05,75
1719464799106,101.05,75
1719464799106,101.05,75
1719464801650,100.95,50
1719464801737,101.45,125
1719464801737,101.45,125
1719464803844,101.2,25
1719464804217,101.2,225
1719464804217,101.2,225
1719464805884,101.15,50
1719464805884,101.15,50
1719464805884,101.15,50
1719464805884,101.15,50
1719464805884,101.15,50
1719464812335,102.0,25
1719464812970,102.0,50
1719464813474,102.55,500
1719464813474,102.55,500
1719464813474,102.55,500
1719464813474,102.55,500
1719464813474,102.55,500
1719464820181,101.75,25
1719464820181,101.75,25
1719464820181,101.75,25
1719464821727,101.95,25
1719464822540,100.6,175
1719464822540,100.6,175
1719464823547,101.4,50
1719464823547,101.4,50
1719464825132,101.7,25
1719464825132,101.7,25
1719464828077,102.05,50
1719464828077,102.05,50
1719464830551,99.65,75
1719464830551,99.65,75
1719464831225,98.65,25
1719464832383,99.2,375
1719464832608,98.75,50
1719464832608,98.75,50
1719464832608,98.75,50
1719464832608,98.75,50
1719464836543,100.65,25
1719464836820,100.0,25
1719464837864,99.35,25
1719464837864,99.35,25
1719464837864,99.35,25
1719464837864,99.35,25
1719464837864,99.35,25
1719464837864,99.35,25
1719464837864,99.35,25
1719464837864,99.35,25
1719464848087,99.25,25
1719464849549,98.85,200
1719464849549,98.85,200
1719464849549,98.85,200
1719464849549,98.85,200
1719464851512,98.55,100
1719464851512,98.55,100
1719464854124,97.75,25
1719464854280,97.95,200
1719464856082,97.65,50
1719464857753,96.6,50
1719464857998,97.0,150
1719464859304,97.15,75
1719464859304,97.15,75
1719464859809,96.95,25
1719464859809,96.95,25
1719464859809,96.95,25
1719464863461,98.1,250
1719464864006,99.2,50
1719464864006,99.2,50
1719464865540,98.35,50
1719464866126,98.85,25
1719464866511,98.5,50
1719464867166,98.5,25
1719464867166,98.5,25
1719464867166,98.5,25
1719464869928,97.25,25
1719464870210,97.5,50
1719464870210,97.5,50
1719464871439,97.1,100
1719464872544,98.05,25
1719464872798,98.15,25
1719464873351,97.65,175
1719464874217,97.0,25
1719464874217,97.0,25
1719464875538,97.2,25
1719464876116,97.35,50
1719464876839,96.7,25
1719464877507,97.0,25
1719464877590,97.15,25
1719464877590,97.15,25
1719464879300,98.0,50
1719464880575,98.25,75
1719464880575,98.25,75
1719464880575,98.25,75
1719464881287,98.25,125
1719464882340,98.3,50
1719464882970,98.05,25
1719464883493,98.1,25
1719464883868,98.1,50
1719464883868,98.1,50
1719464885379,98.85,25
1719464886131,98.9,25
1719464886380,99.2,100
1719464887727,98.9,25
1719464887998,99.05,25
1719464888523,98.4,25
1719464889382,98.35,25
1719464890562,98.45,25
1719464890803,99.0,25
1719464891542,99.35,25
1719464892481,100.0,500
1719464893400,99.4,25
1719464894402,100.15,100
1719464895172,99.75,25
1719464895896,99.55,75
1719464896332,99.75,25
1719464897254,100.05,50
1719464897603,100.1,25
1719464898600,100.1,25
1719464898926,100.0,50
1719464898926,100.0,50
1719464900341,100.7,25
1719464901231,100.7,25
1719464901515,100.45,25
1719464902529,100.25,25
1719464902629,100.1,25
1719464903281,99.55,25
1719464904624,98.4,25
1719464904624,98.4,25
1719464905074,98.05,50
1719464906028,97.35,75
1719464906813,97.3,25
1719464907500,97.7,25
1719464907847,97.25,25
1719464907847,97.25,25
1719464909375,97.65,50
1719464909375,97.65,50
1719464910572,95.55,100
1719464910811,95.7,50
1719464910811,95.7,50
1719464911690,96.2,75
1719464912534,96.15,25
1719464912534,96.15,25
1719464913490,96.35,25
1719464913490,96.35,25
1719464915533,97.45,25
1719464916266,97.1,25
1719464916266,97.1,25
1719464917268,97.8,25
1719464918474,97.55,50
1719464919151,97.25,50
1719464920745,97.3,50
1719464921117,97.45,25
1719464921117,97.45,25
1719464922418,98.1,25
1719464922418,98.1,25
1719464923335,97.7,50
1719464924349,98.4,100
1719464924349,98.4,100
1719464925335,98.8,50
1719464926000,97.9,25
1719464926539,98.25,25
1719464927719,98.65,25
1719464927719,98.65,25
1719464928545,98.75,50
1719464928804,98.6,25
1719464928804,98.6,25
1719464930112,98.4,125
1719464931050,99.05,25
1719464931548,98.85,50
1719464931548,98.85,50
1719464931548,98.85,50
1719464931548,98.85,50
1719464937403,100.0,200
1719464937403,100.0,200
1719464938138,99.75,150
1719464939150,98.4,25
1719464939150,98.4,25
1719464939858,98.5,75
1719464939858,98.5,75
1719464939858,98.5,75
1719464943193,98.75,25
1719464944303,98.2,50
1719464944691,98.15,50
1719464944691,98.15,50
1719464945023,98.3,25
1719464946045,98.65,25
1719464946045,98.65,25
1719464946045,98.65,25
1719464948910,99.65,25
1719464948910,99.65,25
1719464948910,99.65,25
1719464952348,101.0,25
1719464952542,100.85,225
1719464952542,100.85,225
1719464953557,100.7,75
1719464953557,100.7,75
1719464955254,100.2,25
1719464955650,99.55,75
1719464955815,99.6,250
1719464957371,99.9,25
1719464957371,99.9,25
1719464957371,99.9,25
1719464957371,99.9,25
1719464962773,99.75,75
1719464962773,99.75,75
1719464962773,99.75,75
1719464962773,99.75,75
1719464967297,99.0,200
1719464967297,99.0,200
1719464968444,99.25,25
1719464968444,99.25,25
1719464968444,99.25,25
1719464968444,99.25,25
1719464968444,99.25,25
1719464968444,99.25,25
1719464976264,100.25,25
1719464976264,100.25,25
1719464976264,100.25,25
1719464976264,100.25,25
1719464976264,100.25,25
1719464981956,100.7,75
1719464982989,100.25,25
1719464984853,100.2,25
1719464984853,100.2,25
1719464984853,100.2,25
1719464989054,100.65,25
1719464989054,100.65,25
1719464990179,100.65,25
1719464990179,100.65,25
1719464990179,100.65,25
1719464994930,100.85,150
1719464994930,100.85,150
1719464996652,100.15,50
1719464996652,100.15,50
1719464996652,100.15,50
1719465000144,100.0,25
1719465000586,100.5,25
1719465000783,100.5,75
1719465000783,100.5,75
1719465001923,100.6,75
1719465002518,100.0,275
1719465002518,100.0,275
1719465004576,100.15,25
1719465004576,100.15,25
1719465004576,100.15,25
1719465008100,100.0,25
1719465008100,100.0,25
1719465009568,100.8,100
1719465009815,101.25,75
1719465010264,101.05,75
1719465011268,100.95,150
1719465011268,100.95,150
1719465013297,101.2,25
1719465013297,101.2,25
1719465013297,101.2,25
1719465016674,101.6,25
1719465016674,101.6,25
1719465016674,101.6,25
1719465022904,101.75,25
1719465023120,102.35,75
1719465023120,102.35,75
1719465024353,102.0,25
1719465024353,102.0,25
1719465026210,103.9,50
1719465026210,103.9,50
1719465026703,103.75,200
1719465027222,102.8,225
1719465027222,102.8,225
1719465028392,102.15,25
1719465028392,102.15,25
1719465028392,102.15,25
1719465028392,102.15,25
1719465031729,101.15,50
1719465031729,101.15,50
1719465034675,100.75,175
1719465034942,101.0,50
1719465034942,101.0,50
1719465036552,100.2,175
1719465036918,100.0,50
1719465038165,100.15,175
1719465038165,100.15,175
1719465039654,100.15,25
1719465039654,100.15,25
1719465039654,100.15,25
1719465043160,101.0,50
1719465043160,101.0,50
1719465043160,101.0,50
1719465043160,101.0,50
1719465049977,100.15,25
1719465049977,100.15,25
1719465051058,99.5,25
1719465051058,99.5,25
1719465051910,100.05,75
1719465051910,100.05,75
1719465054049,99.4,100
1719465054306,99.85,125
1719465055036,99.95,50
1719465055346,100.35,25
1719465056212,101.15,25
1719465056212,101.15,25
1719465057216,101.45,125
1719465058082,102.0,50
1719465058568,102.7,75
1719465059366,103.25,25
1719465059366,103.25,25
1719465060101,103.35,25
1719465060101,103.35,25
1719465060101,103.35,25
1719465063328,102.55,25
1719465063939,102.65,25
1719465063939,102.65,25
1719465065142,102.85,125
1719465065142,102.85,125
1719465068021,103.6,25
1719465068021,103.6,25
1719465070213,103.2,125
1719465070213,103.2,125
1719465072838,102.4,200
1719465072838,102.4,200
1719465072838,102.4,200
1719465076001,102.0,150
1719465076001,102.0,150
1719465076732,102.3,50
1719465076732,102.3,50
1719465079942,101.65,75
1719465079942,101.65,75
1719465079942,101.65,75
1719465079942,101.65,75
1719465086617,102.75,75
1719465086617,102.75,75
1719465087140,102.55,50
1719465087140,102.55,50
1719465087140,102.55,50
1719465087140,102.55,50
1719465087140,102.55,50
1719465092575,103.5,25
1719465092575,103.5,25
1719465093426,104.0,25
1719465094494,103.7,25
1719465094494,103.7,25
1719465095953,102.8,25
1719465096383,102.65,75
1719465096383,102.65,75
1719465096383,102.65,75
1719465098674,103.7,925
1719465098873,103.9,300
1719465098873,103.9,300
1719465098873,103.9,300
1719465101952,105.0,250
1719465102754,105.05,100
1719465103283,104.85,25
1719465103283,104.85,25
1719465104041,104.15,100
1719465104041,104.15,100
1719465104041,104.15,100
1719465104041,104.15,100
1719465104041,104.15,100
1719465110048,104.3,325
1719465110048,104.3,325
1719465110048,104.3,325
1719465114575,105.1,125
1719465114575,105.1,125
1719465115200,104.45,125
1719465116521,104.85,125
1719465116521,104.85,125
1719465117427,105.1,100
1719465117864,105.15,75
1719465117864,105.15,75
1719465119372,105.15,25
1719465119734,105.0,225
1719465120511,104.15,25
1719465120769,104.7,100
1719465121626,104.4,25
1719465121626,104.4,25
1719465122393,103.3,25
1719465123346,103.2,25
1719465123346,103.2,25
1719465124644,102.95,25
1719465124644,102.95,25
1719465124644,102.95,25
1719465126859,104.25,25
1719465126859,104.25,25
1719465129650,104.35,25
1719465129650,104.35,25
1719465131627,104.65,25
1719465132378,104.4,25
1719465133128,104.05,25
1719465133497,103.85,25
1719465134647,103.5,25
1719465134647,103.5,25
1719465136236,104.25,25
1719465136570,104.1,25
1719465136570,104.1,25
1719465137634,104.1,25
1719465137634,104.1,25
1719465138845,103.75,25
1719465139109,103.7,50
1719465139951,103.05,50
1719465140561,103.65,75
1719465141235,103.7,25
1719465142179,104.0,75
1719465143216,104.1,25
1719465143287,104.05,75
1719465144446,104.95,25
1719465144672,104.75,25
1719465145645,103.6,25
1719465146622,103.35,25
1719465147354,103.5,25
1719465147354,103.5,25
1719465148712,103.35,25
1719465149528,102.95,25
1719465149528,102.95,25
1719465150099,102.7,25
1719465150099,102.7,25
1719465151179,102.95,100
1719465152272,102.6,50
1719465153098,102.4,25
1719465153098,102.4,25
1719465153098,102.4,25
1719465155489,102.6,25
1719465156447,102.8,25
1719465157043,102.65,25
1719465158233,102.95,100
1719465158233,102.95,100
1719465158943,103.3,25
1719465160021,103.0,25
1719465160214,102.95,25
1719465160214,102.95,25
1719465161799,102.8,25
1719465162129,102.5,25
1719465163155,102.4,25
1719465163155,102.4,25
1719465164187,102.4,25
1719465164948,102.5,25
1719465164948,102.5,25
1719465166666,102.35,75
1719465167142,102.8,25
1719465167746,103.1,25
1719465167746,103.1,25
1719465169614,103.25,150
1719465169614,103.25,150
1719465170731,103.85,25
1719465170731,103.85,25
1719465170731,103.85,25
1719465174659,104.1,25
1719465174810,103.7,50
1719465175527,103.75,25
1719465175527,103.75,25
1719465176958,103.55,25
1719465176958,103.55,25
1719465179737,103.9,25
1719465179737,103.9,25
1719465179737,103.9,25
1719465181391,104.05,25
1719465181391,104.05,25
1719465181791,103.2,25
1719465182096,103.1,25
1719465183259,102.85,25
1719465183259,102.85,25
1719465184262,103.15,25
1719465184262,103.15,25
1719465185863,102.9,25
1719465186451,102.95,150
1719465186451,102.95,150
1719465187618,102.3,25
1719465187763,102.3,25
1719465188547,102.85,100
1719465189770,103.1,25
1719465191472,103.45,25
1719465191472,103.45,25
1719465192310,102.75,25
1719465192898,102.4,25
1719465193471,102.3,25
1719465193471,102.3,25
1719465195393,102.6,25
1719465196446,102.5,25
1719465196446,102.5,25
1719465196446,102.5,25
1719465196446,102.5,25
1719465200186,104.15,25
1719465200633,103.8,100
1719465201647,104.65,50
1719465201647,104.65,50
1719465202860,105.55,25
1719465203304,106.35,200
1719465203528,106.85,75
1719465204832,105.85,25
1719465205848,106.05,100
1719465206524,105.8,25
1719465207524,106.55,175
1719465208204,106.8,50
1719465208204,106.8,50
1719465209522,106.25,25
1719465209711,105.85,25
1719465210356,106.15,25
1719465210356,106.15,25
1719465211092,105.85,150
1719465212452,106.7,25
1719465213300,108.95,100
1719465213701,108.2,375
1719465214456,108.5,100
1719465214456,108.5,100
1719465215649,109.9,75
1719465216214,113.55,100
1719465216214,113.55,100
1719465217002,113.05,150
1719465218070,113.4,25
1719465219639,113.85,250
1719465219939,115.0,300
1719465220864,115.6,25
1719465221563,116.1,25
1719465221563,116.1,25
1719465221563,116.1,25
1719465223480,113.8,75
1719465223480,113.8,75
1719465225258,115.25,25
1719465225839,114.15,150
1719465226732,114.8,25
1719465226853,114.9,25
1719465227845,117.35,175
1719465228271,118.4,150
1719465228686,117.9,200
1719465228950,122.3,175
1719465228950,122.3,175
1719465231007,117.3,25
1719465231499,116.75,175
1719465231927,117.6,125
1719465233059,117.6,50
1719465233059,117.6,50
1719465233626,116.9,175
1719465234629,116.45,25
1719465234931,115.9,175
1719465235716,117.65,75
1719465236411,119.7,25
1719465236881,120.6,25
1719465237803,121.55,25
1719465238182,120.4,50
1719465238681,120.05,75
1719465238857,119.1,100
1719465239847,119.75,25
1719465240345,120.2,50
1719465240864,121.85,200
1719465241344,121.85,150
1719465242512,121.15,50
1719465243189,121.5,25
1719465243873,120.25,50
1719465244651,120.15,25
1719465244960,119.2,25
1719465244960,119.2,25
1719465246701,121.65,150
1719465246701,121.65,150
1719465247553,119.15,150
1719465248673,119.05,50
1719465249700,119.9,25
1719465249700,119.9,25
1719465250655,120.95,50
1719465251196,121.0,25
1719465251879,121.35,50
1719465252668,121.85,25
1719465253068,124.2,75
1719465253576,124.05,75
1719465254453,121.3,100
1719465254857,121.65,50
1719465255663,121.75,150
1719465255856,120.75,150
1719465256527,121.2,100
1719465256949,121.5,100
1719465258121,120.9,100
1719465258472,121.05,175
1719465259588,121.95,25
1719465259588,121.95,25
1719465259588,121.95,25
1719465263081,121.5,75
1719465263171,121.8,150
1719465263511,121.4,25
1719465264291,121.55,150
1719465265508,120.95,75
1719465266313,119.9,100
1719465266652,119.3,75
1719465267641,119.15,25
1719465267641,119.15,25
1719465269391,120.4,25
1719465269906,121.95,50
1719465270591,123.25,100
1719465270881,123.0,25
1719465271320,123.35,75
1719465271825,123.25,50
1719465273081,122.2,25
1719465273218,122.95,25
1719465273941,122.75,25
1719465274575,122.65,150
1719465274575,122.65,150
1719465275056,122.95,25
1719465275932,122.0,100
1719465276693,122.5,75
1719465277796,120.85,100
1719465277796,120.85,100
1719465278707,121.45,50
1719465278707,121.45,50
1719465280205,121.5,25
1719465280352,121.2,50
1719465280352,121.2,50
1719465281984,120.95,125
1719465281984,120.95,125
1719465283721,120.0,75
1719465284767,120.8,25
1719465284767,120.8,25
1719465286582,121.8,150
1719465287501,120.2,50
1719465287501,120.2,50
1719465288907,121.6,150
1719465288907,121.6,150
1719465290443,122.0,25
1719465291056,122.05,125
1719465291056,122.05,125
1719465292210,121.85,50
1719465292458,120.95,25
1719465292881,120.3,25
1719465293418,120.4,25
1719465294127,120.35,25
1719465294127,120.35,25
1719465295906,119.75,25
1719465295906,119.75,25
1719465296857,120.65,25
1719465297900,121.5,50
1719465297900,121.5,50
1719465297900,121.5,50
1719465299979,121.8,50
1719465300463,122.0,25
1719465300463,122.0,25
1719465301427,122.65,50
1719465301594,122.6,25
1719465302717,122.5,25
1719465303114,123.35,25
1719465304120,122.3,75
1719465304566,122.65,25
1719465304566,122.65,25
1719465305685,125.5,50
1719465306367,125.65,75
1719465306543,125.95,25
1719465307860,124.75,150
1719465308179,124.7,50
1719465308569,124.6,25
1719465309270,124.95,50
1719465309270,124.95,50
1719465310706,124.95,50
1719465310706,124.95,50
1719465311878,126.0,25
1719465312416,126.0,100
1719465313084,125.25,50
1719465313467,125.4,25
1719465314630,125.6,200
1719465314630,125.6,200
1719465315654,124.15,50
1719465316212,124.35,25
1719465316620,124.5,25
1719465317655,123.15,50
1719465318068,123.55,100
1719465318068,123.55,100
1719465319444,124.5,25
1719465319444,124.5,25
1719465320506,123.65,25
1719465321452,122.55,125
1719465321548,122.95,100
1719465322595,122.5,300
1719465322595,122.5,300
1719465323764,123.55,25
1719465324869,122.55,50
1719465325883,123.6,25
1719465326287,123.9,25
1719465326825,123.9,25
1719465327768,124.45,50
1719465328277,124.55,25
1719465328889,124.0,25
1719465329888,124.0,25
1719465329970,123.45,25
1719465330413,122.95,50
1719465330413,122.95,50
1719465331273,122.55,25
1719465331273,122.55,25
1719465332597,123.05,50
1719465333290,121.75,25
1719465333656,120.65,25
1719465334866,121.05,75
1719465335123,122.0,25
1719465335667,121.45,100
1719465336159,121.25,25
1719465336159,121.25,25
1719465337921,123.7,25
1719465338307,123.9,25
1719465338637,124.35,50
1719465338982,124.85,50
1719465339906,125.65,75
1719465340720,125.0,50
1719465341409,123.65,25
1719465341669,123.55,50
1719465342418,123.15,175
1719465343203,122.6,125
1719465343587,122.15,50
1719465344242,121.0,150
1719465344918,120.9,25
1719465345677,121.2,100
1719465345677,121.2,100
1719465346559,121.25,50
1719465346559,121.25,50
1719465346559,121.25,50
1719465350722,120.0,50
1719465350933,119.8,25
1719465350933,119.8,25
1719465352672,120.6,50
1719465353354,121.5,25
1719465353939,121.45,25
1719465354939,120.85,25
1719465355853,121.05,25
1719465356128,121.6,100
1719465356128,121.6,100
1719465356128,121.6,100
1719465358657,122.45,25
1719465359652,121.55,50
1719465359652,121.55,50
1719465359652,121.55,50
1719465361104,121.8,25
1719465361426,121.95,25
1719465361426,121.95,25
1719465363254,122.2,25
1719465363901,122.25,25
1719465364655,120.4,50
1719465365033,121.3,50
1719465365288,120.65,25
1719465366447,120.95,25
1719465366447,120.95,25
1719465366793,120.9,25
1719465366793,120.9,25
1719465368625,120.95,150
1719465369824,120.35,25
1719465371242,120.9,50
1719465371242,120.9,50
1719465372044,119.9,25
1719465372914,120.0,225
1719465373029,119.85,25
1719465373029,119.85,25
1719465374480,119.3,50
1719465374480,119.3,50
1719465375587,119.6,125
1719465375587,119.6,125
1719465377802,119.55,25
1719465378027,120.05,150
1719465378736,119.45,25
1719465379681,118.8,25
1719465380688,119.0,25
1719465381618,119.25,25
1719465383083,117.9,275
1719465383375,117.6,125
1719465383533,116.9,25
1719465384524,117.75,100
1719465384524,117.75,100
1719465385418,117.8,250
1719465385418,117.8,250
1719465387076,118.45,275
1719465387076,118.45,275
1719465387076,118.45,275
1719465390506,119.3,50
1719465390851,120.0,150
1719465390851,120.0,150
1719465392497,121.15,25
1719465393263,122.0,25
1719465394720,121.15,125
1719465396028,121.05,125
1719465396577,121.3,25
1719465397821,120.6,25
1719465397821,120.6,25
1719465399404,120.0,50
1719465399404,120.0,50
1719465400600,119.85,25
1719465401574,119.75,25
1719465401574,119.75,25
1719465402535,119.85,25
1719465403372,119.35,25
1719465403372,119.35,25
1719465404768,120.6,50
1719465404768,120.6,50
1719465406935,120.45,100
1719465406935,120.45,100
1719465406935,120.45,100
1719465411781,119.65,25
1719465411781,119.65,25
1719465412273,119.1,25
1719465413299,119.5,125
1719465413722,120.05,25
1719465413722,120.05,25
1719465413722,120.05,25
1719465418111,120.45,25
1719465418111,120.45,25
1719465418111,120.45,25
1719465418111,120.45,25
1719465418111,120.45,25
1719465421885,121.4,50
1719465421885,121.4,50
1719465423715,121.8,25
1719465424700,122.0,50
1719465425122,122.7,275
1719465425957,121.9,25
1719465426684,122.25,225
1719465426929,121.85,100
1719465427639,121.6,50
1719465427639,121.6,50
1719465428867,122.3,25
1719465429193,122.3,50
1719465429193,122.3,50
1719465430486,122.3,100
1719465430486,122.3,100
1719465432458,120.55,50
1719465432458,120.55,50
1719465432458,120.55,50
1719465432458,120.55,50
1719465438353,122.35,25
1719465438353,122.35,25
1719465438619,122.35,25
1719465438910,122.4,50
1719465440061,121.75,50
1719465440061,121.75,50
1719465441573,122.6,50
1719465441750,123.1,25
1719465442556,122.8,25
1719465443021,123.0,50
1719465443021,123.0,50
1719465444232,123.45,25
1719465444836,123.2,25
1719465444836,123.2,25
1719465446445,122.05,200
1719465446445,122.05,200
1719465446445,122.05,200
1719465446445,122.05,200
1719465450866,123.5,50
1719465451196,122.9,100
1719465451196,122.9,100
1719465452486,123.0,125
1719465453475,122.8,25
1719465453546,122.85,25
1719465453546,122.85,25
1719465455479,122.1,250
1719465455479,122.1,250
1719465457086,121.1,50
1719465457616,122.6,25
1719465457616,122.6,25
1719465459183,123.0,50
1719465459938,123.95,25
1719465460007,124.05,150
1719465460263,124.35,50
1719465461459,124.3,100
1719465461459,124.3,100
1719465461459,124.3,100
1719465464097,123.95,100
1719465464097,123.95,100
1719465466124,123.2,25
1719465466124,123.2,25
1719465468151,125.0,25
1719465468151,125.0,25
1719465469350,124.3,25
1719465469350,124.3,25
1719465470394,123.65,25
1719465470684,124.0,175
1719465471739,124.75,25
1719465472641,123.95,150
1719465473472,125.0,175
1719465473472,125.0,175
1719465474556,124.9,100
1719465474556,124.9,100
1719465475180,124.1,25
1719465475180,124.1,25
1719465476965,124.7,50
1719465477144,125.35,25
1719465478356,124.0,25
1719465478812,124.4,25
1719465479384,124.6,25
1719465479384,124.6,25
1719465479384,124.6,25
1719465480956,123.2,75
1719465481631,122.1,25
1719465481783,122.1,50
1719465481783,122.1,50
1719465481783,122.1,50
1719465483879,122.5,25
1719465485124,123.45,75
1719465485775,124.0,25
1719465486345,124.35,25
1719465486345,124.35,25
1719465487863,125.0,50
1719465488196,125.0,50
1719465488196,125.0,50
1719465490036,124.8,50
1719465490036,124.8,50
1719465491318,125.0,50
1719465491915,123.6,25
1719465491915,123.6,25
1719465491915,123.6,25
1719465495114,123.45,25
1719465495114,123.45,25
1719465497874,124.2,25
1719465498052,123.9,25
1719465498052,123.9,25
1719465499767,122.65,175
1719465499767,122.65,175
1719465500806,123.45,25
1719465500806,123.45,25
1719465503324,122.95,25
1719465503324,122.95,25
1719465503603,122.5,25
1719465504384,122.3,25
1719465504384,122.3,25
1719465505243,122.3,25
1719465505243,122.3,25
1719465505243,122.3,25
1719465509085,122.6,125
1719465509085,122.6,125
1719465509085,122.6,125
1719465510839,123.25,25
1719465511536,123.15,50
1719465513292,124.2,50
1719465513292,124.2,50
1719465514643,123.85,25
1719465515166,124.2,25
1719465515166,124.2,25
1719465516649,124.1,100
1719465516957,124.5,50
1719465516957,124.5,50
1719465518291,123.95,25
1719465518291,123.95,25
1719465519538,123.0,125
1719465519538,123.0,125
1719465519538,123.0,125
1719465522107,123.9,50
1719465522107,123.9,50
1719465522107,123.9,50
1719465526220,123.15,50
1719465526220,123.15,50
1719465527597,122.0,200
1719465527711,121.95,150
1719465528182,121.95,75
1719465528182,121.95,75
1719465528182,121.95,75
1719465530707,122.2,25
1719465531762,122.85,25
1719465531762,122.85,25
1719465531762,122.85,25
1719465535129,124.65,25
1719465536005,124.9,50
1719465536005,124.9,50
1719465536005,124.9,50
1719465538980,125.1,100
1719465539293,124.75,25
1719465539293,124.75,25
1719465540238,125.5,175
1719465540238,125.5,175
1719465541520,124.85,25
1719465541520,124.85,25
1719465542698,125.5,50
1719465543018,125.05,25
1719465543018,125.05,25
1719465543018,125.05,25
1719465545650,123.9,25
1719465546628,122.85,25
1719465546628,122.85,25
1719465547592,123.3,50
1719465547592,123.3,50
1719465549251,123.55,100
1719465549251,123.55,100
1719465550555,123.25,75
1719465550985,122.7,150
1719465550985,122.7,150
1719465552149,122.9,25
1719465552774,123.9,25
1719465552774,123.9,25
1719465553932,124.3,50
1719465554191,123.9,50
1719465554191,123.9,50
1719465555439,123.45,25
1719465556342,123.3,50
1719465557675,123.35,25
1719465557675,123.35,25
1719465559515,123.35,25
1719465559755,123.15,25
1719465559755,123.15,25
1719465561145,122.8,50
1719465561145,122.8,50
1719465561145,122.8,50
1719465563841,122.6,75
1719465564248,122.45,25
1719465565190,122.3,25
1719465565493,122.45,25
1719465566696,122.8,25
1719465566696,122.8,25
1719465570172,122.8,25
1719465570172,122.8,25
1719465570172,122.8,25
1719465571301,123.5,25
1719465571301,123.5,25
1719465572170,122.6,250
1719465572170,122.6,250
1719465572170,122.6,250
1719465576614,122.3,25
1719465576614,122.3,25
1719465577950,121.35,75
1719465577950,121.35,75
1719465579006,123.3,25
1719465579249,123.65,25
1719465579249,123.65,25
1719465580717,122.7,25
1719465581725,123.35,25
1719465583302,122.65,25
1719465583302,122.65,25
1719465583302,122.65,25
1719465586583,123.25,75
1719465586583,123.25,75
1719465587026,122.85,25
1719465588642,121.35,50
1719465588766,121.6,100
1719465589432,120.45,25
1719465590115,120.0,75
1719465590659,119.05,25
1719465590659,119.05,25
1719465592524,119.4,25
1719465593588,119.9,25
1719465593588,119.9,25
1719465593588,119.9,25
1719465593588,119.9,25
1719465597430,119.0,200
1719465598013,117.25,75
1719465598657,115.7,25
1719465598657,115.7,25
1719465599624,114.95,25
1719465599624,114.95,25
1719465600496,116.75,200
1719465600496,116.75,200
1719465601735,117.35,25
1719465602171,117.25,25
1719465602485,117.1,175
1719465603570,118.0,125
1719465603570,118.0,125
1719465603570,118.0,125
1719465606091,117.35,25
1719465606843,117.15,50
1719465606843,117.15,50
1719465607321,116.45,75
1719465608694,116.75,400
1719465608694,116.75,400
1719465608860,117.0,50
