time,price,volume
1719461502944,48.15,25
1719461503943,47.65,25
1719461504109,47.65,25
1719461504939,47.95,75
1719461505116,48.0,375
1719461505924,47.85,25
1719461506109,47.85,25
1719461506968,47.75,50
1719461507321,47.6,50
1719461508160,47.95,25
1719461508707,47.95,25
1719461508967,47.85,25
1719461509957,47.8,25
1719461510112,47.85,75
1719461511125,47.95,25
1719461511320,47.75,25
1719461511950,48.4,25
1719461512732,47.6,100
1719461512977,47.75,175
1719461513955,48.05,25
1719461514323,48.15,25
1719461514965,47.85,75
1719461515311,47.8,125
1719461516140,48.65,50
1719461516531,49.35,350
1719461516956,49.3,100
1719461517975,48.35,25
1719461519167,47.15,25
1719461519970,47.8,50
1719461520344,47.9,100
1719461520975,47.85,25
1719461521568,47.65,25
1719461521973,47.15,50
1719461522733,46.8,25
1719461522960,46.95,50
1719461523960,46.45,25
1719461524152,45.65,75
1719461524968,45.8,25
1719461525740,46.05,175
1719461525963,46.0,25
1719461527161,44.95,100
1719461527175,44.95,275
1719461527973,44.55,25
1719461528547,44.65,50
1719461528979,44.95,25
1719461529757,45.25,25
1719461529971,45.25,25
1719461530984,45.35,25
1719461531344,45.05,25
1719461531986,45.1,25
1719461532564,45.35,200
1719461533167,45.4,75
1719461533943,45.5,25
1719461534948,45.6,200
1719461534973,45.45,25
1719461535959,45.35,25
1719461536166,45.45,50
1719461536964,45.35,50
1719461537377,45.15,50
1719461537964,45.4,50
1719461538563,45.4,50
1719461538981,45.5,50
1719461539758,45.3,125
1719461539975,45.15,25
1719461540956,44.8,25
1719461541590,44.5,50
1719461541948,44.65,25
1719461542978,44.45,25
1719461543961,43.55,25
1719461544775,43.3,50
1719461544966,43.5,150
1719461546188,42.3,25
1719461546392,42.25,25
1719461546984,43.05,25
1719461547988,43.7,25
1719461548990,44.35,25
1719461549175,43.95,125
1719461549988,43.8,50
1719461550401,43.9,25
1719461550974,44.05,25
1719461551404,43.85,125
1719461551558,43.9,25
1719461551969,44.0,25
1719461552589,44.15,75
1719461552980,43.75,75
1719461553798,43.95,50
1719461554000,44.1,25
1719461555009,44.7,25
1719461555170,44.75,25
1719461556002,44.45,25
1719461556388,44.3,75
1719461556978,44.25,25
1719461557399,44.45,125
1719461557985,44.5,25
1719461558396,44.8,50
1719461558972,44.75,25
1719461559598,44.5,50
1719461559983,44.3,100
1719461560994,44.75,50
1719461561999,44.25,50
1719461562218,44.05,50
1719461562987,43.85,25
1719461563413,43.2,100
1719461563996,43.4,50
1719461564605,43.1,50
1719461564985,42.9,25
1719461565628,42.8,25
1719461566000,43.1,25
1719461567015,42.65,25
1719461568196,42.9,75
1719461568408,42.75,100
1719461568989,42.95,25
1719461569625,42.9,25
1719461569990,42.75,25
1719461570791,43.0,25
1719461570996,43.05,25
1719461571993,43.55,25
1719461572217,43.55,25
1719461573205,43.15,25
1719461574019,43.0,400
1719461574986,43.45,50
1719461575627,43.65,25
1719461575996,44.0,50
1719461576978,44.2,50
1719461577246,44.45,25
1719461577999,44.55,50
1719461578427,44.5,50
1719461578986,44.55,25
1719461579606,44.7,25
1719461580002,44.8,25
1719461580846,44.25,75
1719461581177,44.0,50
1719461581565,44.25,25
1719461582049,44.15,125
1719461583012,44.75,150
1719461583439,44.4,25
1719461584019,44.9,75
1719461584454,44.65,100
1719461585072,44.3,50
1719461585658,43.95,75
1719461585994,43.9,25
1719461586847,43.9,200
1719461587001,44.1,25
1719461588027,43.75,25
1719461589004,43.55,300
1719461589645,43.85,50
1719461590011,43.6,25
1719461591003,43.1,25
1719461591281,43.2,25
1719461592012,43.0,175
1719461592461,42.95,25
1719461593004,42.85,25
1719461593665,43.0,25
1719461594014,43.55,100
1719461595033,43.85,25
1719461595997,43.95,25
1719461596270,44.35,100
1719461597003,44.2,25
1719461597659,44.15,25
1719461598014,44.65,25
1719461598654,44.55,50
1719461599016,44.75,50
1719461600002,44.6,150
1719461600077,44.75,75
1719461601017,44.8,150
1719461601271,44.75,25
1719461602008,44.6,25
1719461602451,44.25,25
1719461602988,44.5,50
1719461603469,44.15,125
1719461604012,43.9,25
1719461604416,43.75,250
1719461604998,43.9,25
1719461605685,44.75,50
1719461606004,44.75,100
1719461606675,44.85,25
1719461607001,44.5,25
1719461607877,43.85,75
1719461608024,43.75,25
1719461609008,43.9,25
1719461609284,44.0,100
1719461610010,44.15,75
1719461610416,43.75,25
1719461611224,44.4,50
1719461611564,44.35,75
1719461611878,44.35,175
1719461612021,44.35,25
1719461613048,44.15,50
1719461613997,44.2,100
1719461614272,44.15,50
1719461615006,44.05,25
1719461615697,43.65,25
1719461616020,43.95,50
1719461616888,44.0,150
1719461617027,43.8,25
1719461618022,43.7,25
1719461618090,43.4,50
1719461619013,43.65,25
1719461619271,43.85,25
1719461620011,43.85,75
1719461620456,43.9,25
1719461621030,44.55,150
1719461621669,44.75,175
1719461622025,44.5,25
1719461622902,44.4,125
1719461623023,44.65,75
1719461624024,44.95,25
1719461624288,45.2,75
1719461625028,45.95,25
1719461625904,46.05,25
1719461626028,46.15,25
1719461627051,45.8,225
1719461627307,45.85,25
1719461628029,46.6,100
1719461628506,46.75,125
1719461629012,46.25,25
1719461629520,46.0,75
1719461630031,46.25,25
1719461630708,46.45,25
1719461631026,46.35,25
1719461631937,45.6,25
1719461632024,45.65,25
1719461633034,46.9,25
1719461634024,46.55,25
1719461634316,46.6,25
1719461635025,46.6,25
1719461635514,46.5,75
1719461636031,46.55,300
1719461636522,46.7,100
1719461637028,46.55,375
1719461637720,46.5,100
1719461638018,46.55,75
1719461638719,46.2,50
1719461639021,45.95,50
1719461640030,46.35,25
1719461640119,46.25,50
1719461641036,46.15,50
1719461641568,46.1,100
1719461642042,45.6,50
1719461642713,45.65,25
1719461643021,45.85,100
1719461643679,46.05,25
1719461644034,45.95,25
1719461644737,46.15,25
1719461645033,46.1,100
1719461646027,45.6,150
1719461646124,45.85,25
1719461647031,46.35,25
1719461647535,46.1,25
1719461648044,45.65,25
1719461648534,45.95,125
1719461649040,46.05,50
1719461649537,46.1,550
1719461650051,46.05,200
1719461650750,46.05,50
1719461651050,46.1,50
1719461651732,46.3,25
1719461652035,46.0,50
1719461652947,47.15,25
1719461653233,46.7,250
1719461654015,47.25,50
1719461654150,47.0,100
1719461655051,47.5,75
1719461655546,47.2,50
1719461655998,47.05,25
1719461656736,47.15,25
1719461657037,46.95,25
1719461657761,47.25,50
1719461658035,46.8,25
1719461658953,45.95,25
1719461659050,45.85,50
1719461660045,46.65,25
1719461660156,46.65,200
1719461661003,46.25,25
1719461661356,46.05,25
1719461662050,45.5,100
1719461662754,45.2,25
1719461663052,44.95,50
1719461663941,45.2,125
1719461664057,45.0,100
1719461665052,44.5,50
1719461665365,44.7,25
1719461666042,44.95,275
1719461666539,45.05,100
1719461667036,45.45,100
1719461667765,45.9,25
1719461668058,46.15,25
1719461669051,46.2,50
1719461670047,46.55,200
1719461671053,46.05,25
1719461671166,46.2,25
1719461671557,46.2,25
1719461672057,46.15,25
1719461672340,45.8,25
1719461673059,45.65,175
1719461673572,45.75,50
1719461674043,45.35,25
1719461674534,45.25,25
1719461675056,45.0,25
1719461675778,45.5,25
1719461676040,45.5,100
1719461676777,45.9,25
1719461677058,45.8,50
1719461677984,45.8,50
1719461678042,45.75,25
1719461679001,45.35,25
1719461680070,44.85,25
1719461680375,45.0,25
1719461681071,45.25,150
1719461681585,45.35,75
1719461682029,45.75,25
1719461682789,45.35,100
1719461683057,45.5,25
1719461683777,46.25,275
1719461684023,46.45,50
1719461685057,45.9,25
1719461685200,45.85,75
1719461686061,46.15,200
1719461686188,46.2,25
1719461687060,46.0,25
1719461687206,45.9,25
1719461688053,45.65,25
1719461688198,45.65,50
1719461689053,45.2,50
1719461689365,45.2,50
1719461690052,46.0,75
1719461690409,46.05,350
1719461691060,46.45,50
1719461691407,46.3,125
1719461692075,46.0,75
1719461692600,46.1,75
1719461693052,45.75,25
1719461693615,45.75,25
1719461694060,46.05,25
1719461694789,46.05,25
1719461695057,45.95,100
1719461695816,46.0,50
1719461696027,45.9,25
1719461696815,46.0,25
1719461697033,45.95,50
1719461697763,46.0,25
1719461698074,46.0,25
1719461698813,45.3,75
1719461699077,44.85,75
1719461699211,44.85,25
1719461700063,45.15,50
1719461701061,45.65,25
1719461701224,46.05,50
1719461701583,46.05,50
1719461702215,46.15,75
1719461703069,46.35,100
1719461703427,45.85,175
1719461704054,46.2,25
1719461704620,46.15,100
1719461705089,45.9,25
1719461705818,45.6,25
1719461706076,45.5,25
1719461706818,45.1,25
1719461707079,44.85,50
1719461707835,43.8,150
1719461708083,44.05,25
1719461709070,44.55,100
1719461710090,44.85,25
1719461711038,45.75,25
1719461711295,45.9,100
1719461712060,45.5,50
1719461712233,45.5,50
1719461713089,45.55,25
1719461713240,45.4,25
1719461714071,44.95,50
1719461714420,45.0,75
1719461715079,45.05,25
1719461715446,45.05,25
1719461716061,44.9,75
1719461716444,44.8,50
1719461717077,44.8,25
1719461717447,44.7,50
1719461718050,45.15,25
1719461718436,45.05,50
1719461719083,45.1,100
1719461719646,45.55,25
1719461720078,46.2,50
1719461720622,46.15,50
1719461721096,46.1,50
1719461721850,46.0,25
1719461722097,45.8,50
1719461723097,45.65,25
1719461723260,45.55,25
1719461724064,45.8,25
1719461724674,45.95,75
1719461725098,46.1,25
1719461725853,46.15,125
1719461726067,46.15,375
1719461726854,46.25,25
1719461727095,45.7,25
1719461727871,45.55,25
1719461728102,45.65,25
1719461729102,45.45,25
1719461729269,45.5,25
1719461730076,46.0,25
1719461730453,45.9,75
1719461731092,45.7,50
1719461731562,46.2,400
1719461731663,46.2,25
1719461732101,46.4,25
1719461733101,47.7,50
1719461734112,48.7,100
1719461734868,49.35,50
1719461735297,49.75,250
1719461736093,50.75,225
1719461736484,51.35,100
1719461737100,50.45,200
1719461738102,49.5,25
1719461739101,48.15,25
1719461739674,48.15,25
1719461740102,48.25,25
1719461741106,48.5,25
1719461741271,48.3,125
1719461742109,48.2,150
1719461742678,47.75,50
1719461743103,48.25,75
1719461743698,48.05,150
1719461744125,48.4,25
1719461744904,48.55,75
1719461745105,48.8,25
1719461746105,48.8,100
1719461747101,49.25,125
1719461747696,49.8,50
1719461748096,49.7,25
1719461748901,49.5,25
1719461749308,49.95,75
1719461750108,49.65,25
1719461751108,49.55,25
1719461751499,50.3,100
1719461752110,50.65,25
1719461763930,50.2,25
1719461764114,50.2,75
1719461765118,51.0,50
1719461765522,50.4,250
1719461766322,50.0,25
1719461766941,50.05,25
1719461767116,50.1,200
1719461768125,49.9,25
1719461769126,49.9,25
1719461769544,50.0,25
1719461770107,49.45,75
1719461770952,50.1,50
1719461771338,50.25,25
1719461772134,49.1,150
1719461772335,48.55,200
1719461773138,49.15,100
1719461773930,48.9,25
1719461774122,48.8,25
1719461775140,48.75,25
1719461775552,48.85,25
1719461776315,48.8,25
1719461776920,49.0,50
1719461777140,49.1,25
1719461778118,48.9,100
1719461779121,49.0,200
1719461779552,49.05,25
1719461780144,49.05,150
1719461780735,49.1,25
1719461781136,49.6,200
1719461781754,48.95,25
1719461782143,49.75,75
1719461782938,49.5,25
1719461783130,49.1,50
1719461783967,50.0,25
1719461784151,50.0,25
1719461785127,49.95,125
1719461785355,49.8,125
1719461786123,50.35,25
1719461786560,50.8,25
1719461787127,51.45,25
1719461787762,52.6,25
1719461788134,53.15,25
1719461793140,51.25,25
1719461793761,51.3,25
1719461794127,51.55,100
1719461794963,51.45,25
1719461795136,51.25,25
1719461796141,51.75,25
1719461797151,51.2,50
1719461797566,51.15,50
1719461798360,52.2,25
1719461798779,52.5,75
1719461799186,52.2,25
1719461799985,51.85,50
1719461800145,51.75,50
1719461800982,51.9,50
1719461801140,51.7,125
1719461802143,51.7,25
1719461802395,51.9,50
1719461803148,52.0,125
1719461803781,52.25,25
1719461804149,52.2,25
1719461804990,51.85,125
1719461805356,51.6,50
1719461806148,52.1,25
1719461806374,51.7,150
1719461807154,52.25,75
1719461807396,52.05,25
1719461808156,51.8,350
1719461808789,51.6,25
1719461809153,51.75,400
1719461809775,51.65,25
1719461810155,51.2,25
1719461810996,52.25,75
1719461811159,52.2,25
1719461812197,51.85,25
1719461813158,51.45,125
1719461813604,51.3,125
1719461814154,51.6,250
1719461817605,50.0,25
1719461818158,49.95,25
1719461818990,50.1,25
1719461860176,49.0,50
1719461862061,49.3,25
1719461862184,49.4,25
1719461863069,49.25,25
1719461863168,49.4,25
1719461864065,49.0,50
1719461864185,48.9,25
1719461865009,49.3,25
1719461865188,49.35,25
1719461873191,48.1,25
1719461874196,47.7,125
1719461874487,47.8,75
1719461875202,47.0,125
1719461875688,47.55,50
1719461876194,47.4,25
1719461877078,47.2,125
1719461877202,47.3,25
1719461878177,47.2,100
1719461878489,47.2,50
1719461879179,47.15,25
1719461879678,47.05,25
1719461880190,47.2,25
1719461881089,46.8,50
1719461881191,46.7,25
1719461881560,46.8,50
1719461882378,46.05,100
1719461882492,46.05,50
1719461883200,46.6,200
1719461883891,46.75,150
1719461884207,47.15,25
1719461885182,47.4,25
1719461886178,47.5,75
1719461886514,47.7,25
1719461887213,47.75,25
1719461887893,47.65,25
1719461888192,47.55,125
1719461888682,47.5,475
1719461889171,47.85,25
1719461890107,47.15,75
1719461890194,47.35,75
1719461891186,47.05,25
1719461892196,46.45,50
1719461892519,46.05,25
1719461893182,46.45,50
1719461893698,46.3,100
1719461894170,46.25,350
1719461894869,46.5,50
1719461895195,46.35,100
1719461895908,46.1,175
1719461896198,46.25,25
1719461896899,46.45,25
1719461897175,46.35,25
1719461898198,46.55,25
1719461899118,45.95,50
1719461899207,46.15,25
1719461900119,46.55,250
1719461900196,46.6,75
1719461901205,46.85,100
1719461901322,46.9,50
1719461902201,46.9,50
1719461902700,47.5,100
1719461903209,47.9,75
1719461903913,47.65,100
1719461904194,47.45,200
1719461904944,47.3,50
1719461905192,47.3,25
1719461906125,47.1,25
1719461906334,46.85,25
1719461907186,46.65,25
1719461907731,47.1,25
1719461908210,47.05,25
1719461908939,46.5,150
1719461909207,46.45,100
1719461909944,46.6,75
1719461910220,46.65,200
1719461911131,45.55,675
1719461911212,45.7,25
1719461911557,45.65,100
1719461912353,46.0,25
1719461913203,46.25,250
1719461913718,46.0,500
1719461914194,45.7,50
1719461914946,45.7,25
1719461915210,45.7,100
1719461916204,45.55,25
1719461917214,45.35,125
1719461917365,45.45,125
1719461918216,45.6,25
1719461918543,45.45,300
1719461919215,45.4,50
1719461919760,45.45,100
1719461920230,45.75,50
1719461920744,46.0,25
1719461921231,46.35,25
1719461921758,46.65,50
1719461922195,46.55,25
1719461922948,46.5,25
1719461923164,46.25,50
1719461924120,46.6,25
1719461924182,46.55,50
1719461925165,46.7,25
1719461926207,47.35,175
1719461927353,47.25,600
1719461928207,47.2,25
1719461928757,47.3,50
1719461929222,46.8,75
1719461929767,46.8,375
1719461930215,46.95,150
1719461930969,47.4,25
1719461931234,47.55,25
1719461932163,46.95,250
1719461933171,46.9,50
1719461933223,47.05,25
1719461934217,46.75,25
1719461935208,46.65,250
1719461935360,46.85,100
1719461936222,46.9,25
1719461936789,46.6,300
1719461937192,46.45,75
1719461937969,46.85,25
1719461938234,46.65,100
1719461939181,46.9,125
1719461939203,46.75,25
1719461940224,47.35,100
1719461940377,47.35,400
1719461941425,47.5,125
1719461941560,47.35,225
1719461941960,47.15,375
1719461942222,47.1,150
1719461942985,47.0,25
1719461943220,47.3,25
1719461944001,47.4,200
1719461944217,47.1,50
1719461944990,47.25,50
1719461945203,47.2,50
1719461946231,47.7,50
1719461947208,47.65,50
1719461947394,47.7,50
1719461948227,48.2,50
1719461948592,47.9,25
1719461949230,48.1,50
1719461949789,48.15,25
1719461950236,48.35,25
1719461950793,48.4,50
1719461951244,48.25,75
1719461951993,48.55,600
1719461952222,48.65,25
1719461953205,48.75,25
1719461954238,48.65,125
1719461954379,48.9,25
1719461955242,48.45,25
1719461955593,48.55,150
1719461956241,48.95,400
1719461956559,48.9,600
1719461957237,48.8,250
1719461957794,48.85,50
1719461958244,49.1,25
1719461959244,49.65,25
1719461960444,50.75,25
1719461960613,50.9,25
1719461961241,51.2,75
1719461962025,51.7,100
1719461962248,51.9,50
1719461963255,52.45,75
1719461964227,51.6,25
1719461964619,51.4,150
1719461965252,51.65,50
1719461965620,51.8,100
1719461966251,50.9,175
1719461967036,50.95,50
1719461967446,51.0,125
1719461968028,50.65,100
1719461968241,50.75,50
1719461969030,50.85,25
1719461969243,50.9,25
1719461970246,51.45,25
1719461970425,51.1,25
1719461971255,51.35,75
1719461971555,51.5,25
1719461971846,51.75,25
1719461972248,51.45,25
1719461973054,51.8,25
1719461973203,51.4,25
1719461974236,51.05,50
1719461975038,51.0,50
1719461975228,51.2,50
1719461976242,50.85,25
1719461977256,50.7,50
1719461978219,50.5,25
1719461978419,50.6,25
1719461979241,49.95,25
1719461979643,50.0,450
1719461980241,50.25,75
1719461981046,50.25,25
1719461981261,50.2,975
1719461982054,50.05,25
1719461982255,50.3,25
1719461983250,51.2,450
1719461984242,52.1,25
1719461985247,52.2,125
1719461985441,51.95,125
1719461986256,51.7,100
1719461986856,52.1,25
1719461987255,52.05,25
1719461988256,52.0,200
1719461988465,51.95,75
1719461989282,51.8,100
1719461990266,52.0,50
1719461990450,51.95,25
1719461991261,51.55,550
1719461991877,51.7,50
1719461992278,51.75,150
1719461992878,51.7,50
1719461993265,51.55,25
1719461994054,51.85,250
1719461994265,52.0,50
1719461995065,51.65,25
1719461995255,51.85,25
1719461996278,51.9,1025
1719461997252,50.45,50
1719461997475,50.5,125
1719461998279,50.7,75
1719461998691,50.3,200
1719461999259,50.6,75
1719462000081,50.8,25
1719462000263,50.85,100
1719462001272,51.1,250
1719462001570,51.15,50
1719462002295,51.9,50
1719462003465,51.8,125
1719462003687,51.4,25
1719462004275,51.35,25
1719462005269,51.85,25
1719462006248,52.2,25
1719462006897,52.3,25
1719462007269,52.95,50
1719462008495,53.6,75
1719462009277,53.2,25
1719462010105,52.85,25
1719462010267,52.85,250
1719462011282,52.4,25
1719462011899,52.0,50
1719462012268,51.65,50
1719462013285,52.5,25
1719462013458,52.65,50
1719462014270,51.95,100
1719462014694,51.95,50
1719462015267,52.0,250
1719462016091,52.05,25
1719462016276,52.15,150
1719462017498,52.25,100
1719462017498,52.25,100
1719462018274,52.2,25
1719462018904,52.45,125
1719462019282,52.0,400
1719462020485,52.7,25
1719462020509,52.7,200
1719462021282,52.5,75
1719462022123,51.5,75
1719462022290,50.9,100
1719462023309,50.6,75
1719462024525,50.5,25
1719462025284,50.0,25
1719462025733,50.4,150
1719462026279,50.5,25
1719462026924,50.2,75
1719462027280,50.25,75
1719462028120,49.95,100
1719462028282,50.05,325
1719462029294,50.55,400
1719462030526,50.65,25
1719462031256,50.95,425
1719462031562,51.15,50
1719462031907,51.35,500
1719462032295,51.3,25
1719462033131,51.25,50
1719462033279,51.2,25
1719462034140,51.2,50
1719462034282,51.15,25
1719462035351,50.9,125
1719462036268,51.35,50
1719462036740,51.6,50
1719462037272,50.85,200
1719462038130,50.7,50
1719462038271,50.7,75
1719462039333,51.05,50
1719462040287,51.0,25
1719462040551,51.55,25
1719462041485,50.7,50
1719462041753,50.45,400
1719462042279,50.15,50
1719462042931,50.45,25
1719462043287,50.5,75
1719462044343,49.6,25
1719462045348,50.15,200
1719462046288,50.2,25
1719462046962,50.4,450
1719462047288,50.35,350
1719462048145,50.35,25
1719462048301,50.6,250
1719462049262,50.4,25
1719462049374,50.55,25
1719462050316,51.35,100
1719462050546,51.55,50
1719462051266,51.5,400
1719462051953,51.5,25
1719462052299,51.85,25
1719462053165,52.25,200
1719462053489,52.0,150
1719462054293,52.1,25
1719462054553,51.6,25
1719462055299,51.3,25
1719462056176,51.05,75
1719462056295,51.05,25
1719462057362,50.55,75
1719462058352,50.55,100
1719462059310,50.2,100
1719462059775,50.25,50
1719462060499,50.7,25
1719462061303,50.85,75
1719462061567,51.3,50
1719462062300,51.6,150
1719462062760,51.65,250
1719462063281,51.2,50
1719462064278,50.6,25
1719462065513,50.4,25
1719462065568,50.35,75
1719462066275,50.45,25
1719462066972,50.4,50
1719462067305,50.45,25
1719462068180,50.5,25
1719462068306,50.55,100
1719462069282,50.85,50
1719462069599,50.6,325
1719462070299,50.45,50
1719462070785,50.35,100
1719462071299,50.5,50
1719462071989,50.4,200
1719462072264,50.5,100
1719462073206,50.55,25
1719462073328,50.45,25
1719462074261,50.8,75
1719462074381,50.85,50
1719462075289,50.65,25
1719462075763,50.45,25
1719462076310,50.6,25
1719462077003,50.55,100
1719462077311,50.5,175
1719462078002,50.65,25
1719462078322,50.7,125
1719462079384,50.75,25
1719462080311,50.6,25
1719462080395,50.45,300
1719462081360,50.6,25
1719462082516,49.95,350
1719462083001,48.75,25
1719462083310,48.9,25
1719462084311,49.1,75
1719462084602,48.85,800
1719462085325,48.9,25
1719462085986,48.8,75
1719462086305,49.0,25
1719462087320,49.3,350
1719462087610,49.25,350
1719462088331,49.55,25
1719462089019,49.65,25
1719462089324,49.25,50
1719462090512,49.65,150
1719462091303,49.1,75
1719462091572,49.2,100
1719462091610,49.25,50
1719462092315,49.4,25
1719462092798,49.45,25
1719462093344,49.5,25
1719462094020,48.95,375
1719462094310,48.95,250
1719462095326,48.35,50
1719462096325,48.65,125
1719462096412,48.8,50
1719462097330,48.6,25
1719462097613,48.4,25
1719462098336,48.4,25
1719462099224,48.35,25
1719462099331,48.45,200
1719462100442,49.0,25
1719462101329,48.5,25
1719462101420,48.45,25
1719462102337,49.0,25
1719462102651,48.6,50
1719462103324,48.65,100
1719462103998,48.95,25
1719462104325,48.75,25
1719462105213,49.15,250
1719462105318,48.9,25
1719462106414,48.75,50
1719462107337,48.7,300
1719462107820,48.85,25
1719462108316,49.05,50
1719462109241,49.6,25
1719462109336,49.55,50
1719462110339,50.2,150
1719462110401,50.35,100
1719462111316,50.3,200
1719462112230,49.95,100
1719462112334,50.1,25
1719462113440,50.45,25
1719462113520,50.55,25
1719462114310,50.0,1250
1719462114651,50.0,25
1719462115318,50.15,50
1719462116058,49.8,25
1719462116321,49.9,25
1719462117321,49.3,25
1719462117438,49.3,325
1719462118321,49.2,450
1719462118436,49.15,100
1719462119331,48.3,650
1719462119668,48.35,25
1719462120319,48.65,25
1719462121270,48.55,50
1719462121308,48.45,200
1719462121558,48.45,25
1719462122326,47.6,25
1719462122459,47.45,25
1719462123332,47.85,50
1719462123667,48.2,25
1719462124342,47.95,25
1719462125029,48.0,250
1719462125351,47.9,25
1719462126350,48.15,250
1719462127312,48.3,50
1719462127467,48.05,25
1719462128337,47.95,25
1719462128881,48.0,200
1719462129335,48.0,25
1719462130070,48.1,25
1719462130502,47.85,50
1719462131334,47.8,150
1719462132333,47.95,25
1719462132449,47.85,25
1719462133324,47.3,25
1719462134089,48.2,25
1719462134318,48.0,25
1719462135327,48.2,50
1719462136343,48.2,75
1719462136496,48.2,100
1719462137323,47.9,200
1719462137493,48.05,25
1719462138341,47.95,50
1719462138691,47.7,100
1719462139334,47.4,25
1719462139892,47.3,75
1719462140342,47.0,100
1719462141093,47.15,50
1719462141350,47.1,50
1719462142291,46.8,50
1719462142340,46.65,100
1719462143485,46.5,50
1719462144356,46.55,25
1719462144503,46.5,50
1719462145357,46.5,25
1719462145702,46.55,50
1719462146361,46.85,25
1719462147109,47.3,25
1719462147357,47.7,50
1719462148287,47.9,75
1719462148362,48.3,25
1719462149110,48.0,25
1719462149342,47.75,25
1719462150340,48.2,100
1719462151357,47.65,100
1719462151578,47.5,25
1719462152348,47.35,50
1719462152492,47.5,25
1719462153363,47.65,25
1719462153509,47.6,25
1719462154362,47.9,25
1719462154708,47.85,25
1719462155325,48.05,225
1719462156115,48.0,25
1719462156341,48.05,25
1719462157321,47.9,25
1719462158080,47.8,800
1719462158370,47.55,25
1719462159365,47.5,25
1719462160345,47.35,50
1719462161354,47.0,150
1719462161717,47.5,150
1719462162364,47.15,25
1719462162919,47.1,100
1719462163373,46.65,50
1719462164126,46.9,200
1719462164339,46.6,100
1719462165342,46.4,25
1719462166391,46.85,25
1719462166565,46.95,450
1719462167366,46.4,50
1719462167515,46.35,50
1719462168356,46.7,25
1719462169120,46.25,300
1719462169363,46.35,25
1719462170356,45.65,75
1719462170537,45.85,25
1719462171369,45.9,75
1719462171923,46.15,25
1719462172345,46.25,75
1719462173157,46.4,75
1719462173377,47.0,175
1719462174368,47.55,25
1719462175304,48.0,25
1719462175547,48.05,50
1719462176364,47.4,225
1719462176526,47.4,50
1719462176740,47.2,325
1719462177387,46.65,200
1719462177749,46.4,50
1719462178365,46.0,50
1719462178934,45.7,50
1719462179360,45.9,75
1719462180142,45.85,200
1719462180369,46.1,50
1719462181376,45.6,450
1719462182365,45.8,100
1719462182562,45.8,125
1719462183353,45.7,25
1719462183771,45.7,25
1719462184341,45.55,200
1719462185157,45.4,50
1719462185379,45.6,100
1719462186341,45.4,100
1719462187390,45.1,25
1719462188369,44.7,400
1719462189381,44.95,50
1719462189568,45.15,25
1719462190577,44.75,25
1719462190772,44.75,25
1719462191363,45.05,25
1719462191972,45.55,50
1719462192385,45.85,25
1719462193366,45.35,25
1719462194370,45.25,900
1719462194577,45.3,50
1719462195381,45.05,25
1719462195563,45.15,50
1719462196363,45.35,25
1719462196567,45.1,125
1719462197370,45.1,25
1719462197969,45.5,50
1719462198396,45.05,50
1719462198974,45.25,25
1719462199392,45.35,100
1719462200401,45.3,25
1719462201190,45.4,25
1719462201397,45.4,75
1719462202362,46.05,275
1719462203384,46.65,25
1719462204394,47.65,25
1719462205379,47.35,25
1719462205587,47.4,25
1719462206403,47.6,25
1719462206609,47.65,25
1719462207315,47.8,900
1719462207584,47.7,100
1719462208387,47.05,25
1719462208809,46.75,400
1719462209392,46.7,375
1719462210200,46.75,50
1719462210377,46.7,50
1719462211411,46.3,250
1719462211569,46.5,75
1719462212409,45.95,25
1719462213395,46.75,25
1719462213585,46.85,125
1719462214384,46.55,200
1719462214796,46.35,25
1719462215388,46.2,25
1719462216004,46.05,50
1719462216368,46.3,75
1719462217193,46.6,75
1719462217394,46.8,50
1719462218170,46.55,25
1719462218382,46.65,125
1719462219412,46.95,125
1719462220400,47.25,75
1719462220612,47.25,25
1719462221376,47.05,25
1719462221619,47.05,25
1719462222364,46.65,50
1719462222833,46.8,375
1719462223395,46.85,50
1719462224224,47.1,25
1719462224383,46.85,225
1719462225388,46.9,25
1719462225405,46.9,200
1719462226438,47.15,75
1719462227439,46.7,250
1719462228403,46.9,375
1719462228821,46.95,75
1719462229399,47.0,50
1719462230428,46.35,75
1719462231447,46.4,75
1719462232443,46.2,75
1719462233434,46.3,50
1719462234401,46.2,25
1719462234624,46.55,25
1719462235406,46.35,75
1719462235647,46.35,100
1719462236396,46.15,50
1719462236640,46.1,75
1719462236843,46.1,75
1719462237387,45.95,25
1719462238232,45.65,75
1719462238412,45.55,100
1719462239256,46.1,50
1719462239399,46.0,600
1719462240396,46.4,25
1719462240445,46.4,25
1719462241403,46.8,25
1719462241573,46.85,225
1719462241629,46.95,25
1719462242394,46.45,25
1719462242611,46.65,75
1719462243397,47.05,50
1719462243622,47.05,850
1719462243838,47.1,225
1719462244407,47.4,75
1719462244851,47.4,125
1719462245421,47.3,50
1719462246254,47.2,100
1719462246402,47.45,75
1719462247231,47.8,375
1719462247400,47.5,175
1719462248464,48.2,25
1719462248585,48.15,25
1719462249414,47.9,175
1719462249656,47.6,50
1719462250436,47.65,25
1719462250669,47.65,25
1719462251400,47.7,25
1719462251657,47.8,25
1719462252424,47.55,25
1719462252878,46.95,25
1719462253394,47.05,25
1719462253882,47.1,25
1719462254418,47.4,25
1719462255268,47.45,100
1719462255403,47.65,1375
1719462256279,47.2,25
1719462256375,47.15,275
1719462256886,47.45,225
1719462257409,47.5,25
1719462258291,47.2,25
1719462258412,47.3,150
1719462259416,47.5,50
1719462259471,47.4,50
1719462260417,47.35,25
1719462260649,47.35,50
1719462261407,47.55,150
1719462261881,47.55,25
1719462262376,47.3,25
1719462263261,47.65,250
1719462263431,47.6,175
1719462264406,48.2,50
1719462264682,47.7,100
1719462265436,47.75,25
1719462265671,47.85,400
1719462266405,47.85,150
1719462266910,48.1,25
1719462267419,48.25,25
1719462267895,48.15,200
1719462268430,47.9,125
1719462269286,47.95,50
1719462269411,48.1,25
1719462270494,48.0,150
1719462271402,47.75,175
1719462271563,47.95,50
1719462271708,48.05,150
1719462272454,48.25,25
1719462272916,48.0,50
1719462273436,47.9,50
1719462274417,48.35,25
1719462275433,47.75,25
1719462275501,48.0,900
1719462276427,47.95,25
1719462276703,48.25,225
1719462277406,48.45,100
1719462277716,49.1,300
1719462278408,48.8,25
1719462279309,48.85,50
1719462279432,49.1,150
1719462280717,49.45,25
1719462281442,49.7,100
1719462282294,49.6,50
1719462282435,49.8,25
1719462283412,49.3,50
1719462283720,49.2,25
1719462284444,48.8,50
1719462285117,48.6,50
1719462285441,48.55,75
1719462286439,48.85,50
1719462287466,49.0,125
1719462287926,48.9,25
1719462288423,48.8,25
1719462289143,49.2,625
1719462289635,49.4,50
1719462290433,49.75,250
1719462290517,50.25,25
1719462291456,50.6,25
1719462292329,51.0,150
1719462292639,51.0,100
1719462293455,50.25,25
1719462293918,50.2,50
1719462294425,49.75,150
1719462295539,49.85,50
1719462295646,49.85,175
1719462296421,49.5,50
1719462296744,49.5,100
1719462297353,49.5,25
1719462297933,49.7,50
1719462298436,49.9,25
1719462328474,52.1,175
1719462328789,52.1,50
1719462329468,52.0,25
1719462330662,52.0,100
1719462331597,52.0,25
1719462332469,51.3,25
1719462333192,51.3,25
1719462333679,51.35,150
1719462334591,51.2,25
1719462335463,51.45,25
1719462335796,51.4,25
1719462336472,51.25,50
1719462337616,51.15,50
1719462337656,51.0,50
1719462338482,50.35,25
1719462338608,50.45,25
1719462339470,50.95,50
1719462339805,51.15,25
1719462340459,51.3,25
1719462340793,51.1,25
1719462341662,50.45,25
1719462342003,50.65,25
1719462342441,50.9,50
1719462348690,50.5,175
1719462348822,50.55,25
1719462349480,50.9,50
1719462349970,51.05,100
1719462350479,50.8,25
1719462351472,50.75,25
1719462352208,50.65,75
1719462352455,50.7,275
1719462353422,50.65,25
1719462353680,50.7,25
1719462354485,50.15,25
1719462354618,50.1,25
1719462355485,50.45,25
1719462356482,50.45,125
1719462356823,50.35,25
1719462357679,50.95,25
1719462357840,50.6,50
1719462358475,50.2,50
1719462359018,50.1,25
1719462359464,50.3,200
1719462360241,50.25,50
1719462360469,50.2,50
1719462361435,50.05,125
1719462361565,50.25,25
1719462362491,50.05,25
1719462362624,50.0,125
1719462363668,49.9,175
1719462363819,50.0,25
1719462364475,49.85,450
1719462364843,49.1,50
1719462365481,49.35,150
1719462366048,49.15,150
1719462366470,49.0,300
1719462367042,48.75,25
1719462367654,48.45,25
1719462368489,48.65,50
1719462369251,48.5,125
1719462369498,48.8,50
1719462370481,49.4,25
1719462371501,49.7,25
1719462372653,50.25,25
1719462373485,50.05,250
1719462373870,50.25,25
1719462405509,54.6,50
1719462406118,54.9,50
1719462406711,54.8,75
1719462407120,55.4,100
1719462407509,55.75,25
1719462408520,57.75,25
1719462409525,57.65,50
1719462412716,57.15,25
1719462413115,57.1,25
1719462413509,56.75,75
1719462414531,57.9,25
1719462414728,58.0,25
1719462415726,59.7,25
1719462416135,60.2,50
1719462416522,60.45,25
1719462417053,61.35,50
1719462417522,60.8,25
1719462417748,60.9,125
1719462418730,60.35,50
1719462419326,61.3,50
1719462419531,61.55,25
1719462420719,62.85,100
1719462421133,63.7,200
1719462421562,62.95,100
1719462422738,66.2,275
1719462423520,65.05,75
1719462424338,64.25,50
1719462424525,64.4,25
1719462425730,64.0,25
1719462425938,63.25,125
1719462426532,62.8,50
1719462427357,63.4,25
1719462427516,62.45,25
1719462428543,61.7,125
1719462428729,61.9,25
1719462429517,63.4,25
1719462429748,62.95,50
1719462430520,61.85,50
1719462431158,62.45,50
1719462431734,62.85,125
1719462432362,62.9,50
1719462432531,62.65,50
1719462433534,62.0,25
1719462433762,62.15,25
1719462434736,63.0,25
1719462434960,62.65,50
1719462435535,63.6,25
1719462436155,63.55,25
1719462436516,63.35,50
1719462437356,63.4,25
1719462437542,63.9,25
1719462438568,63.65,75
1719462438728,63.5,25
1719462439523,63.65,25
1719462439974,62.9,25
1719462440525,62.65,400
1719462441352,63.05,50
1719462441544,63.05,75
1719462442523,62.9,25
1719462442773,63.25,25
1719462443722,63.4,25
1719462443972,63.15,25
1719462444551,63.6,125
1719462445366,64.45,25
1719462445551,64.9,25
1719462446759,64.75,25
1719462447539,63.8,25
1719462447793,63.7,50
1719462447974,63.9,25
1719462448545,63.85,150
1719462449374,63.25,25
1719462449731,63.1,75
1719462450535,63.15,25
1719462450571,63.25,50
1719462451578,62.15,25
1719462451784,62.15,25
1719462452560,61.75,100
1719462452982,61.45,100
1719462453747,62.25,25
1719462454201,62.55,100
1719462454543,62.4,50
1719462455545,63.0,25
1719462456547,62.75,25
1719462456588,62.75,75
1719462457548,63.1,25
1719462457786,62.8,550
1719462458759,62.6,50
1719462459001,62.15,25
1719462459546,62.5,50
1719462459988,62.5,25
1719462460545,62.75,50
1719462460997,62.5,75
1719462461546,62.35,25
1719462462385,63.2,25
1719462462739,63.75,25
1719462463551,64.2,75
1719462463794,64.5,100
1719462464559,64.25,25
1719462465393,64.4,50
1719462465543,64.65,125
1719462466756,66.7,25
1719462466995,66.55,25
1719462467552,67.9,75
1719462468558,68.75,100
1719462468615,69.15,25
1719462469756,68.85,25
1719462470005,69.25,50
1719462470558,69.3,100
1719462471628,69.8,25
1719462471746,69.8,50
1719462472563,71.65,75
1719462473219,71.95,50
1719462473537,71.75,25
1719462474812,69.9,25
1719462474957,69.3,25
1719462475549,70.05,25
1719462476428,71.55,25
1719462476750,70.95,25
1719462477549,72.2,25
1719462478034,71.65,25
1719462478562,70.45,50
1719462479653,70.1,25
1719462479749,69.9,900
1719462480555,72.15,25
1719462481434,73.95,100
1719462481562,74.2,50
1719462482765,76.55,25
1719462483033,76.55,50
1719462483565,76.15,25
1719462486236,74.9,25
1719462486570,74.6,25
1719462487639,74.75,25
1719462487759,74.35,25
1719462488570,73.2,25
1719462488838,73.95,25
1719462489579,74.65,25
1719462490048,74.25,25
1719462490760,73.1,250
1719462491255,74.25,25
1719462491560,74.1,25
1719462492564,74.35,25
1719462492639,74.25,25
1719462493565,73.05,50
1719462494256,73.25,25
1719462494766,73.4,75
1719462495565,73.0,25
1719462495646,72.7,25
1719462496566,72.75,25
1719462497239,72.95,25
1719462497751,72.0,25
1719462498569,71.7,25
1719462498862,71.25,50
1719462499573,69.8,75
1719462500068,70.1,50
1719462500765,70.55,50
1719462501676,71.25,25
1719462502576,71.9,25
1719462503275,72.35,25
1719462503573,72.0,50
1719462504664,73.2,175
1719462505776,73.85,25
1719462506054,73.7,50
1719462506596,74.1,125
1719462507068,74.45,50
1719462509768,73.7,25
1719462510073,73.25,75
1719462510574,72.5,75
1719462511269,73.1,25
1719462511571,73.75,50
1719462512577,74.0,25
1719462512890,73.7,25
1719462513779,74.35,25
1719462514086,74.55,75
1719462514575,75.1,25
1719462515581,74.1,25
1719462515680,73.8,25
1719462516579,74.5,25
1719462517277,74.2,100
1719462517790,73.6,25
1719462518598,73.35,25
1719462518899,72.65,350
1719462519597,72.6,25
1719462520581,73.7,25
1719462520703,73.6,125
1719462521579,72.5,25
1719462522125,71.8,25
1719462522579,71.9,75
1719462523485,71.0,225
1719462523774,70.85,25
1719462524574,71.9,50
1719462524906,71.8,150
1719462525597,71.3,25
1719462526082,71.0,50
1719462526586,71.45,25
1719462527293,71.75,25
1719462527592,72.0,25
1719462528584,70.15,100
1719462528709,70.3,25
1719462529596,70.95,25
1719462530101,70.4,25
1719462530770,70.8,75
1719462531499,71.25,100
1719462531582,71.3,475
1719462532563,71.1,25
1719462533093,71.45,75
1719462533590,71.2,50
1719462534588,71.6,125
1719462534706,71.7,25
1719462535600,71.8,250
1719462536306,71.95,25
1719462536601,71.85,50
1719462545792,72.65,25
1719462546117,72.5,25
1719462546618,71.85,25
1719462547595,71.7,25
1719462548778,71.9,25
1719462549595,72.4,25
1719462550130,71.75,75
1719462550592,72.6,50
1719462551537,72.95,25
1719462551806,73.0,300
1719462552744,73.2,25
1719462553602,72.6,25
1719462553930,73.35,25
1719462554796,73.6,25
1719462555141,74.35,50
1719462555607,74.55,50
1719462556330,75.0,100
1719462556795,75.2,50
1719462557598,74.9,25
1719462557948,75.05,25
1719462558604,74.8,25
1719462559162,74.55,100
1719462559605,74.35,50
1719462560156,74.2,25
1719462560802,74.15,175
1719462561552,74.9,25
1719462561608,74.75,25
1719462562606,75.0,50
1719462562965,74.4,25
1719462563805,73.8,25
1719462564145,74.25,75
1719462564599,73.9,50
1719462565362,73.85,50
1719462565603,73.85,25
1719462566604,73.3,25
1719462567820,74.35,125
1719462568169,74.35,25
1719462569600,74.35,300
1719462575813,73.5,25
1719462576174,73.1,25
1719462576610,72.65,25
1719462577180,72.0,75
1719462600395,76.35,50
1719462600823,76.2,75
1719462601594,77.85,25
1719462601630,77.55,25
1719462603619,74.85,25
1719462603829,75.05,150
1719462604645,74.5,100
1719462605224,74.85,25
1719462605637,74.9,25
1719462606430,74.35,25
1719462606635,73.85,25
1719462607838,74.5,50
1719462608638,74.95,125
1719462609238,74.15,25
1719462609632,73.7,25
1719462610233,73.6,150
1719462610629,73.8,25
1719462611445,73.8,50
1719462611625,73.8,150
1719462612819,74.4,25
1719462613044,74.5,25
1719462613641,74.15,25
1719462614429,74.2,50
1719462614626,74.8,25
1719462615644,74.75,25
1719462616620,74.45,50
1719462617039,73.95,50
1719462617846,74.05,50
1719462618246,74.0,25
1719462618641,73.85,225
1719462619661,72.9,225
1719462620834,72.4,325
1719462621046,72.7,125
1719462621638,72.35,150
1719462622464,72.15,25
1719462622646,72.05,50
1719462623654,72.1,25
1719462624646,71.3,25
1719462625056,71.4,25
1719462625656,71.45,25
1719462626467,71.5,100
1719462626655,71.85,25
1719462627677,72.9,25
1719462627856,72.75,25
1719462628641,74.1,25
1719462629047,73.55,50
1719462629637,74.05,25
1719462630263,74.05,25
1719462630633,74.1,25
1719462631583,74.85,50
1719462631686,74.9,200
1719462632650,75.55,125
1719462633046,75.75,25
1719462633860,76.15,25
1719462634268,77.0,250
1719462634651,76.8,100
1719462635658,77.55,100
1719462635889,77.25,25
1719462636664,76.75,75
1719462637078,76.5,50
1719462637662,76.8,50
1719462638063,77.1,250
1719462638853,76.75,25
1719462639273,76.55,25
1719462639650,75.65,50
1719462640270,76.2,25
1719462640682,76.3,25
1719462641480,76.1,175
1719462641664,76.35,25
1719462642664,75.5,25
1719462642890,75.85,25
1719462643647,75.0,25
1719462644082,74.85,75
1719462644650,74.8,25
1719462645095,75.35,50
1719462645654,75.4,25
1719462646290,76.25,25
1719462646655,76.0,50
1719462647505,76.8,50
1719462647834,75.9,50
1719462648664,76.4,25
1719462648895,76.9,50
1719462649636,76.8,25
1719462650097,75.85,50
1719462650670,75.55,25
1719462651105,76.05,150
1719462651666,76.2,25
1719462652271,76.75,50
1719462652676,76.5,25
1719462653310,76.4,25
1719462653659,76.35,25
1719462657854,77.3,25
1719462657913,77.3,25
1719462658651,78.0,25
1719462659305,78.9,25
1719462659678,80.7,250
1719462660718,81.1,50
1719462660868,81.2,25
1719462661591,81.8,125
1719462661674,81.75,25
1719462662664,82.0,50
1719462663916,83.1,50
1719462664677,81.35,100
1719462665512,82.1,100
1719462665867,83.05,50
1719462666522,82.75,50
1719462666667,82.7,25
1719462667666,82.8,125
1719462668107,82.6,275
1719462668673,82.7,50
1719462669530,82.85,25
1719462669867,81.95,150
1719462670210,81.55,25
1719462670682,81.05,75
1719462671124,81.75,125
1719462671681,82.05,25
1719462672520,81.9,50
1719462672871,81.95,50
1719462673672,82.5,50
1719462673931,82.4,25
1719462674668,81.9,50
1719462674928,81.95,25
1719462675674,81.65,100
1719462676137,81.35,25
1719462676865,81.55,50
1719462677137,81.75,25
1719462677666,80.75,25
1719462678143,81.0,25
1719462678675,80.2,50
1719462679142,80.2,25
1719462679678,81.05,50
1719462680537,82.15,50
1719462680881,82.45,25
1719462681685,84.55,50
1719462682157,85.85,25
1719462682872,85.55,25
1719462683754,83.1,50
1719462684676,83.2,125
1719462685142,82.9,75
1719462685883,83.6,25
1719462686553,83.95,125
1719462686681,84.1,50
1719462687685,83.85,50
1719462688147,83.85,150
1719462688888,83.7,175
1719462689358,83.05,225
1719462689688,83.35,25
1719462690552,83.95,25
1719462690694,83.85,25
1719462691567,85.1,25
1719462691881,84.3,25
1719462691968,84.1,25
1719462692680,83.9,25
1719462693362,83.0,50
1719462693687,83.05,100
1719462694571,83.0,250
1719462694683,83.3,25
1719462695877,83.25,25
1719462695981,82.8,25
1719462696687,83.1,50
1719462697168,83.75,25
1719462697668,83.95,50
1719462702897,85.2,50
1719462703585,84.95,25
1719462703695,84.8,25
1719462704793,85.4,25
1719462705692,85.05,150
1719462706182,84.85,25
1719462706694,85.2,75
1719462735708,91.75,25
1719462736424,91.35,25
1719462736713,90.85,25
1719462737920,90.2,50
1719462738233,90.2,75
1719462738721,90.7,25
1719462739441,90.75,25
1719462739706,90.95,25
1719462740912,90.85,500
1719462741709,90.6,75
1719462742040,90.4,25
1719462742705,90.8,25
1719462743652,90.85,25
1719462743918,90.85,25
1719462744711,90.8,100
1719462744816,91.3,50
1719462745715,91.15,25
1719462746038,91.45,25
1719462746718,91.25,25
1719462747450,91.1,150
1719462747920,90.9,25
1719462748726,91.4,50
1719462749722,91.55,100
1719462750051,91.5,25
1719462750709,91.35,25
1719462751271,91.15,25
1719462751568,91.25,250
1719462751718,91.0,25
1719462752667,92.45,25
1719462752932,93.0,425
1719462753724,93.85,25
1719462754257,93.15,200
1719462754735,92.5,25
1719462755718,93.4,75
1719462755858,93.45,75
1719462756921,94.55,25
1719462757461,95.05,25
1719462757745,95.05,200
1719462758732,93.85,75
1719462758878,94.05,25
1719462759731,93.35,25
1719462760470,92.95,125
1719462760925,92.7,50
1719462761472,93.25,25
1719462761735,93.45,50
1719462762726,93.15,25
1719462763088,93.3,50
1719462763723,92.6,25
1719462764270,92.5,50
1719462764719,91.95,25
1719462765462,92.4,25
1719462765723,92.0,75
1719462766475,92.6,25
1719462766730,92.15,50
1719462767683,92.3,25
1719462767927,92.0,800
1719462768727,92.0,25
1719462769079,93.2,50
1719462769732,92.75,50
1719462770279,93.0,25
1719462770727,93.1,25
1719462771492,94.75,25
1719462771924,96.45,175
1719462772744,97.0,225
1719462773277,98.9,25
1719462773730,98.15,25
1719462774239,97.3,75
1719462774932,97.2,25
1719462775732,96.45,25
1719462776486,97.2,25
1719462776735,96.4,50
1719462777509,95.5,100
1719462777940,95.55,25
1719462778738,95.25,675
1719462778896,95.0,25
1719462779741,95.45,25
1719462780091,95.5,25
1719462780743,95.8,25
1719462781304,96.7,25
1719462781592,97.8,25
1719462781943,97.8,25
1719462782740,97.35,25
1719462783933,98.15,25
1719462784300,99.6,50
1719462784728,98.8,25
1719462785734,99.1,25
1719462786102,98.5,25
1719462786736,99.85,100
1719462787516,99.95,100
1719462787947,99.65,50
1719462788743,99.25,25
1719462788925,99.15,125
1719462789953,101.0,75
1719462790109,102.0,25
1719462790748,101.45,25
1719462791750,101.45,25
1719462792944,100.8,25
1719462793328,100.6,25
1719462793736,100.4,25
1719462794744,100.35,25
1719462795948,100.4,50
1719462796744,100.3,50
1719462797524,99.65,25
1719462797741,99.7,25
1719462798934,98.55,75
1719462799753,99.4,25
1719462800323,100.05,25
1719462800752,101.05,25
1719462801532,101.35,25
1719462801945,100.75,175
1719462802778,100.6,50
1719462803147,101.45,25
1719462803759,100.45,25
1719462804536,100.8,25
1719462804966,99.8,100
1719462805765,100.1,125
1719462805956,100.0,25
1719462806969,98.25,25
1719462807542,97.65,50
1719462807754,98.0,25
1719462808773,97.7,25
1719462808936,97.7,25
1719462809965,96.3,50
1719462810347,96.2,25
1719462810759,96.25,175
1719462811589,95.75,25
1719462811771,95.6,100
1719462812157,95.25,250
1719462812978,95.15,25
1719462813762,96.55,25
1719462814767,95.9,25
1719462815357,95.9,25
1719462815977,96.15,25
1719462816773,96.65,100
1719462817777,96.15,50
1719462817960,95.35,250
1719462818778,95.5,100
1719462819373,95.5,125
1719462819944,93.6,25
1719462820564,93.1,50
1719462820765,93.0,175
1719462821571,92.45,25
1719462821761,92.55,125
1719462822966,93.15,25
1719462823183,93.95,25
1719462823768,93.5,100
1719462823938,94.1,75
1719462824784,93.55,25
1719462825975,94.15,25
1719462826382,93.6,25
1719462826765,93.2,300
1719462827762,94.7,25
1719462827955,94.4,25
1719462828953,93.35,325
1719462829368,93.45,50
1719462829768,94.15,250
1719462830594,95.05,25
1719462830782,94.6,25
1719462831778,94.3,25
1719462831986,94.4,25
1719462832781,95.9,175
1719462833192,95.35,25
1719462833759,94.75,100
1719462834609,95.55,50
1719462834968,95.0,50
1719462835746,95.7,50
1719462836184,94.55,25
1719462836762,95.0,25
1719462837409,95.15,25
1719462837776,95.5,50
1719462838405,95.75,25
1719462838774,95.55,25
1719462839596,96.5,50
1719462839969,97.2,50
1719462840781,97.2,25
1719462840992,96.7,25
1719462841586,96.65,75
1719462841767,96.8,75
1719462842405,97.15,25
1719462842765,97.2,50
1719462843586,97.3,25
1719462843984,97.1,50
1719462844794,97.65,25
1719462845786,96.8,50
1719462846420,96.35,100
1719462846794,95.85,50
1719462848020,95.15,25
1719462848796,94.75,25
1719462849193,94.9,25
1719462849789,94.2,50
1719462850410,94.6,200
1719462850786,95.2,75
1719462852013,96.7,400
1719462852779,95.65,25
1719462853599,95.9,50
1719462853801,95.75,25
1719462854784,95.05,25
1719462854825,95.15,100
1719462855767,96.1,100
1719462856211,96.3,25
1719462856788,95.2,25
1719462857403,95.7,25
1719462857791,95.85,125
1719462858406,95.95,25
1719462858792,95.15,50
1719462859632,95.55,25
1719462859793,95.95,50
1719462860792,96.0,50
1719462861041,96.0,50
1719462861780,96.8,25
1719462862412,96.9,150
1719462862988,96.5,25
1719462863644,97.0,50
1719462863782,96.8,150
1719462864845,97.05,50
1719462865969,97.7,25
1719462866442,97.3,50
1719462866789,97.4,25
1719462867794,97.15,75
1719462868060,97.45,150
1719462868787,98.0,25
1719462869243,95.95,75
1719462869984,96.05,25
1719462870637,96.25,50
1719462870783,96.05,150
1719462871637,96.75,50
1719462871782,97.0,25
1719462872044,96.5,25
1719462872791,96.25,75
1719462873050,96.4,50
1719462874000,96.45,25
1719462874468,96.5,100
1719462874786,96.3,150
1719462875611,96.55,25
1719462875803,96.45,50
1719462876659,97.05,25
1719462876800,97.0,25
1719462877653,97.2,75
1719462877807,97.5,25
1719462878855,97.5,25
1719462879815,97.35,125
1719462880076,97.45,25
1719462880988,98.05,50
1719462881238,98.7,425
1719462881796,98.2,150
1719462882670,98.15,25
1719462882818,98.6,125
1719462883676,98.9,25
1719462883791,98.35,200
1719462884887,98.05,50
1719462886002,97.0,50
1719462886265,97.85,25
1719462886794,97.6,75
1719462887799,98.25,50
1719462888848,97.5,25
1719462889085,97.25,25
1719462889812,97.55,25
1719462890478,98.4,25
1719462890800,98.4,25
1719462891682,98.1,25
1719462891792,98.0,25
1719462892677,98.6,150
1719462892808,98.85,25
1719462893818,98.75,25
1719462894095,98.2,25
1719462894808,98.75,25
1719462895303,99.8,75
1719462895813,99.25,50
1719462896487,99.8,25
1719462896810,100.0,1275
1719462897684,100.6,75
1719462897821,100.55,25
1719462899017,104.05,75
1719462899099,103.85,25
1719462899821,103.6,50
1719462900824,104.4,150
1719462900908,104.85,25
1719462901582,103.3,200
1719462902015,101.85,25
1719462902510,101.6,25
1719462902837,100.8,25
1719462903820,100.2,100
1719462904086,99.85,100
1719462905005,98.7,25
1719462905898,97.7,25
1719462906817,99.55,50
1719462907500,100.75,75
1719462907829,100.65,25
1719462908919,99.9,50
1719462909011,100.15,25
1719462909817,100.3,50
1719462910304,100.05,100
1719462910829,99.45,75
1719462911527,99.0,275
1719462911827,98.95,200
1719462912697,99.85,100
1719462913020,99.2,75
1719462913815,99.8,150
1719462914108,99.35,100
1719462914824,99.1,75
1719462915315,99.4,25
1719462915816,100.25,25
1719462916528,100.25,25
1719462916820,99.75,75
1719462917716,99.15,50
1719462917819,98.7,25
1719462918335,99.65,25
1719462918819,100.25,300
1719462918923,99.95,25
1719462919823,100.25,25
1719462920103,100.2,25
1719462920828,99.9,25
1719462921333,100.15,25
1719462922029,102.05,25
1719462922725,102.8,50
1719462922825,102.4,50
1719462923931,102.05,250
1719462924806,101.85,425
1719462925338,101.65,25
1719462925831,101.55,25
1719462926541,100.95,25
1719462926825,101.0,50
1719462927833,100.4,25
1719462928821,100.0,125
1719462928947,100.35,25
1719462929824,99.85,25
1719462930340,99.65,25
1719462930834,99.55,50
1719462931592,100.4,50
1719462931838,100.35,50
1719462932948,100.0,25
1719462933843,100.75,25
1719462933941,100.7,25
1719462934812,101.05,25
1719462935545,101.05,25
1719462935849,100.85,25
1719462936824,102.3,575
1719462937836,103.65,50
1719462938152,104.65,150
1719462939041,105.6,75
1719462939834,106.15,25
1719462940840,105.3,25
1719462941841,107.0,150
1719462941967,106.35,200
1719462942850,108.3,25
1719462943362,108.75,75
1719462943846,109.5,250
1719462944855,110.3,25
1719462944956,109.75,25
1719462945834,108.75,75
1719462946382,108.9,25
1719462946834,107.9,50
1719462947373,105.7,25
1719462947843,106.7,100
1719462948580,106.55,50
1719462949054,105.95,25
1719462949844,105.55,25
1719462950829,103.9,25
1719462950981,104.15,25
1719462951843,104.55,125
1719462952168,103.75,25
1719462952848,103.75,25
1719462953582,104.25,25
1719462953852,103.6,75
1719462954849,104.15,25
1719462955824,104.8,25
1719462955994,104.4,25
1719462956853,103.55,25
1719462957589,103.05,50
1719462958060,102.7,100
1719462958857,102.4,50
1719462959849,101.35,100
1719462959974,101.55,50
1719462960845,103.35,25
1719462961376,104.95,25
1719462961582,104.9,25
1719462961864,105.0,100
1719462962551,105.15,125
1719462963055,104.5,25
1719462963780,103.35,25
1719462963854,103.05,50
1719462964846,102.75,25
1719462964951,102.8,25
1719462965862,102.05,75
1719462966394,103.05,50
1719462967048,102.0,75
1719462967597,102.0,25
1719462967846,101.75,25
1719462968833,100.9,75
1719462969995,102.65,75
1719462970855,103.2,50
1719462971395,103.95,25
1719462971857,103.55,50
1719462972569,104.1,25
1719462972866,104.35,25
1719462973869,104.35,25
1719462974806,104.55,25
1719462974925,103.95,25
1719462975837,104.5,100
1719462976843,103.5,25
1719462977017,103.95,125
1719462977842,103.8,50
1719462978217,103.8,50
1719462978848,103.05,200
1719462979606,102.55,25
1719462980054,102.3,25
1719462980606,102.45,125
1719462980838,102.7,25
1719462981602,103.5,75
1719462981855,103.55,25
1719462982611,102.95,500
1719462982812,103.1,25
1719462983627,102.45,75
1719462983842,102.3,200
1719462984814,102.3,25
1719462984849,102.4,150
1719462985998,101.4,125
1719462986068,101.75,175
1719462986858,101.15,75
1719462987010,101.25,50
1719462987864,101.25,25
1719462988216,101.15,25
1719462988860,100.4,150
1719462989426,100.6,75
1719462990085,100.65,25
1719462990614,100.6,50
1719462990878,100.4,25
1719462991574,100.3,25
1719462991821,100.1,50
1719462991911,100.0,25
1719462992890,100.8,25
1719462993030,100.55,175
1719462994072,100.75,25
1719462994231,100.8,25
1719462994867,100.6,50
1719462995627,100.6,25
1719462995867,100.65,25
1719462996644,101.1,50
1719462996864,101.45,25
1719462997626,101.35,50
1719462997848,101.2,25
1719462998877,101.1,50
1719462999029,101.05,125
1719462999872,101.5,25
1719463000236,101.65,25
1719463000835,101.15,50
1719463001624,100.25,25
1719463001857,100.1,25
1719463002829,100.4,25
1719463002882,100.25,25
1719463003878,100.2,50
1719463004044,100.05,25
1719463004871,100.9,50
1719463005441,100.25,25
1719463005880,100.35,25
1719463006630,100.45,200
1719463006868,100.15,25
1719463007638,101.0,25
1719463008073,101.15,25
1719463008644,101.8,100
1719463008875,102.2,25
1719463009634,102.55,50
1719463009873,102.85,25
1719463010859,103.3,50
1719463011870,103.3,150
1719463012060,103.05,25
1719463012868,102.1,75
1719463013256,102.65,50
1719463013850,102.55,25
1719463014453,103.05,25
1719463014814,103.0,25
1719463015886,102.7,25
1719463016877,103.0,25
1719463017896,104.05,25
1719463018035,104.55,150
1719463018872,104.5,25
1719463019667,105.25,25
1719463019878,105.25,25
1719463020877,106.25,25
1719463021581,107.35,25
1719463021879,107.25,25
1719463023081,107.25,500
1719463023878,106.75,225
1719463024084,107.55,50
1719463024879,106.85,25
1719463025270,107.0,50
1719463025883,107.55,25
1719463026471,107.0,250
1719463026882,107.1,25
1719463027879,107.8,25
1719463028882,109.3,50
1719463029280,109.4,25
1719463030097,109.1,25
1719463030691,110.65,25
1719463030895,110.8,25
1719463031696,112.0,25
1719463031897,112.35,50
1719463032902,113.15,25
1719463033903,109.9,25
1719463034086,109.35,200
1719463035091,107.05,25
1719463035681,105.6,25
1719463035890,105.75,50
1719463036877,104.5,50
1719463037887,105.25,300
1719463038300,104.55,50
1719463038889,103.95,25
1719463039481,104.6,50
1719463039896,104.85,25
1719463040898,105.0,25
1719463041876,103.9,50
1719463042904,103.55,100
1719463043916,103.3,75
1719463045102,104.85,50
1719463045514,104.45,200
1719463045891,104.25,100
1719463046517,104.65,50
1719463046897,104.0,25
1719463047709,104.8,25
1719463047893,105.05,250
1719463048907,104.4,25
1719463049904,103.75,300
1719463050107,103.8,150
1719463050903,103.55,175
1719463051127,103.5,25
1719463051579,102.85,25
1719463051907,102.45,25
1719463052731,102.0,25
1719463052914,101.25,25
1719463053907,101.8,50
1719463054919,101.9,25
1719463055114,102.0,100
1719463055898,102.1,50
1719463056317,102.2,125
1719463056909,102.15,75
1719463057529,101.9,50
1719463057903,101.0,25
1719463058720,100.5,100
1719463058896,100.45,25
1719463059734,100.85,25
1719463059908,100.85,50
1719463060922,100.4,125
1719463061905,101.55,75
1719463062338,102.2,50
1719463062912,101.8,100
1719463063341,101.75,25
1719463063905,101.35,75
1719463064750,100.8,100
1719463064892,100.65,50
1719463065549,100.35,50
1719463065917,100.4,200
1719463066726,100.15,25
1719463066919,100.3,25
1719463067938,101.25,50
1719463068963,101.6,25
1719463069922,101.8,25
1719463070348,102.45,25
1719463070922,103.1,175
1719463071536,102.25,25
1719463071928,102.85,25
1719463072730,102.85,100
1719463072920,101.95,25
1719463073941,101.4,150
1719463074953,102.05,25
1719463075907,101.9,50
1719463076163,101.85,250
1719463076911,102.55,50
1719463077150,102.65,25
1719463077931,102.75,25
1719463078547,102.9,25
1719463078914,102.5,50
1719463079920,101.65,50
1719463079961,101.7,25
1719463080958,100.85,25
1719463081573,101.7,25
1719463081954,101.7,25
1719463082128,101.75,25
1719463082917,102.45,75
1719463083152,102.65,75
1719463083912,103.0,50
1719463084375,104.65,50
1719463084887,103.6,50
1719463085380,104.4,75
1719463085903,104.15,25
1719463086575,102.95,25
1719463086931,103.05,250
1719463087768,103.8,200
1719463087927,104.25,50
1719463089174,102.15,50
1719463089872,102.6,25
1719463090774,102.75,25
1719463090942,103.15,150
1719463091778,103.55,75
1719463091904,103.85,50
1719463092796,103.0,25
1719463092935,102.9,100
1719463093979,103.5,50
1719463094933,104.1,25
1719463094998,104.0,50
1719463095925,104.7,100
1719463096180,104.85,25
1719463096919,104.55,25
1719463097569,104.5,100
1719463097930,104.0,25
1719463098800,103.55,25
1719463098930,103.3,25
1719463100004,103.3,200
1719463100929,103.4,25
1719463101206,104.0,50
1719463101943,104.0,250
1719463102615,104.05,25
1719463102924,104.0,25
1719463103568,104.25,75
1719463103928,103.8,25
1719463104823,104.0,100
1719463104901,104.05,150
1719463105792,103.8,25
1719463105936,103.95,25
1719463106925,104.45,25
1719463107940,103.45,25
1719463108012,103.3,50
1719463108214,103.7,25
1719463108946,103.35,25
1719463109203,103.55,350
1719463110134,102.5,50
1719463110420,103.0,50
1719463110900,103.6,25
1719463111574,103.6,25
1719463111626,103.5,25
1719463111952,103.0,25
1719463112602,102.7,25
1719463112928,102.25,25
1719463113207,102.7,25
1719463113904,102.35,100
1719463114181,102.4,25
1719463114925,101.8,25
1719463115403,102.05,125
1719463115929,101.6,25
1719463116832,102.05,125
1719463116949,102.0,50
1719463117828,102.25,175
1719463117917,102.8,25
1719463118820,102.45,75
1719463118952,102.45,50
1719463119930,102.55,25
1719463120022,103.1,25
1719463120886,104.05,25
1719463121221,104.25,25
1719463121924,105.8,50
1719463122635,106.75,50
1719463122942,107.05,25
1719463124018,108.0,550
1719463124946,106.6,25
1719463125046,106.6,25
1719463126133,107.75,50
1719463126244,107.65,50
1719463126989,108.6,25
1719463127658,108.8,25
1719463127943,108.5,225
1719463128936,107.25,25
1719463129047,107.0,100
1719463130022,105.75,300
1719463130924,105.15,75
1719463131255,105.4,25
1719463131934,105.45,50
1719463132623,105.2,25
1719463132934,105.6,25
1719463133945,105.75,75
1719463134936,105.15,25
1719463135052,105.35,25
1719463135946,105.5,125
1719463136051,105.45,25
1719463136946,106.8,25
1719463137062,106.5,25
1719463137970,105.95,100
1719463138236,106.0,25
1719463138926,106.45,25
1719463139448,107.6,50
1719463139954,107.9,25
1719463140655,107.5,50
1719463140942,107.85,25
1719463141588,108.45,250
1719463141857,108.5,75
1719463141964,108.05,25
1719463142947,107.85,100
1719463143074,107.65,25
1719463143921,107.1,25
1719463144068,107.05,25
1719463144949,106.25,25
1719463145065,106.2,25
1719463146075,106.65,25
1719463146275,106.45,25
1719463146953,107.4,200
1719463147489,106.95,150
1719463147941,107.2,25
1719463148657,107.25,100
1719463148939,107.3,125
1719463149959,106.8,25
1719463150883,106.1,25
1719463150967,106.0,25
1719463152067,106.6,25
1719463152949,106.3,25
1719463153082,106.45,25
1719463153970,108.2,475
1719463154301,108.0,50
1719463154965,108.2,25
1719463155699,108.65,25
1719463155972,107.95,50
1719463156884,108.2,50
1719463156950,108.15,50
1719463157886,107.8,50
1719463157974,107.75,75
1719463158976,106.45,75
1719463159081,106.3,50
1719463159969,106.9,50
1719463160085,106.95,75
1719463160976,107.4,25
1719463161103,107.3,25
1719463161488,107.65,25
1719463161939,107.7,25
1719463162703,107.6,450
1719463162948,107.8,25
1719463163894,108.2,75
1719463163966,108.05,25
1719463164973,108.0,25
1719463165977,108.25,500
1719463166096,108.2,100
1719463166967,108.1,50
1719463167114,107.75,100
1719463167977,107.55,25
1719463168302,107.95,50
1719463168972,107.7,25
1719463169257,107.2,25
1719463169985,106.1,25
1719463170261,107.35,25
1719463170988,106.3,25
1719463171572,107.2,25
1719463171719,107.35,25
1719463172010,106.7,50
1719463172723,106.85,25
1719463172985,107.15,25
1719463173926,107.1,50
1719463174977,106.9,50
1719463175940,106.0,25
1719463175969,105.55,50
1719463176968,106.45,200
1719463177970,106.3,100
1719463178142,106.0,25
1719463178534,105.3,25
1719463178978,106.6,100
1719463179337,106.2,100
1719463180187,104.95,25
1719463180739,105.6,25
1719463180980,106.55,25
1719463181984,107.75,25
1719463182127,107.65,25
1719463182984,108.05,25
1719463183114,108.25,25
1719463183920,107.9,25
1719463184545,107.7,25
1719463184952,108.25,50
1719463185722,107.4,25
1719463185994,107.0,25
1719463186746,106.4,25
1719463186956,105.95,25
1719463187768,106.25,50
1719463187983,106.05,50
1719463188738,106.0,25
1719463188962,105.55,25
1719463189921,105.7,25
1719463190997,104.3,25
1719463191334,104.35,250
1719463191994,104.9,25
1719463192330,105.05,100
1719463192993,105.05,175
1719463193367,104.6,25
1719463193988,104.95,50
1719463194334,104.45,25
1719463194978,104.75,50
1719463195541,104.6,225
1719463195987,104.0,75
1719463196490,104.55,25
1719463196942,104.85,50
1719463197572,104.95,25
1719463197985,104.7,25
1719463199001,105.45,100
1719463199758,105.15,25
1719463200003,105.0,75
1719463201183,105.55,25
1719463201567,105.55,25
1719463201988,106.25,50
1719463202132,106.15,50
1719463203004,105.4,125
1719463203154,105.0,25
1719463204005,103.7,25
1719463204571,104.8,25
1719463204980,105.6,25
1719463205571,104.7,25
1719463205999,104.2,25
1719463206742,104.35,25
1719463206992,104.25,25
1719463207925,105.8,50
1719463208991,105.0,25
1719463209968,104.55,25
1719463209968,104.55,25
1719463211056,106.45,150
1719463211352,106.8,100
1719463211995,107.5,25
1719463212399,108.0,250
1719463212987,107.5,50
1719463213572,107.85,525
1719463214001,107.15,25
1719463214781,107.7,25
1719463214983,107.15,25
1719463215989,106.45,25
1719463216208,106.85,50
1719463216986,107.0,50
1719463218002,106.6,25
1719463218192,106.15,25
1719463219011,105.85,25
1719463219191,106.1,100
1719463220021,106.15,25
1719463220184,106.3,100
1719463221014,106.65,50
1719463221146,106.75,50
1719463221998,106.2,25
1719463222182,106.95,25
1719463222580,107.15,175
1719463223011,107.0,50
1719463223782,107.3,50
1719463224022,107.5,25
1719463225011,108.75,75
1719463226014,108.95,150
1719463226996,108.95,100
1719463227195,109.55,25
1719463228010,111.4,75
1719463228207,110.65,700
1719463229013,110.15,50
1719463229404,109.5,25
1719463230014,107.9,25
1719463230610,108.15,50
1719463231008,107.3,125
1719463231575,106.6,25
1719463231973,108.05,100
1719463232195,108.15,25
1719463233010,107.5,50
1719463233817,106.9,225
1719463234006,106.4,25
1719463235039,106.75,25
1719463235413,106.5,50
1719463236020,105.6,25
1719463237014,106.5,25
1719463237981,106.15,25
1719463238206,106.35,25
1719463238995,106.2,25
1719463239225,106.4,25
1719463239585,105.9,25
1719463240005,105.55,50
1719463240635,105.95,25
1719463240993,105.25,25
1719463241817,105.4,25
1719463242023,105.1,25
1719463243023,104.55,25
1719463243229,104.75,25
1719463244001,105.25,250
1719463245012,105.35,50
1719463246024,105.45,25
1719463246430,105.8,25
1719463247020,106.2,50
1719463247420,105.65,25
1719463248018,106.15,50
1719463248452,105.4,75
1719463248977,105.65,25
1719463249629,105.0,25
1719463249992,105.2,25
1719463250633,105.75,25
1719463251002,105.6,250
1719463251821,105.5,125
1719463252030,105.35,25
1719463253054,106.55,25
1719463254053,106.1,25
1719463255026,105.8,25
1719463255251,106.0,200
1719463256028,105.85,125
1719463256439,106.2,150
1719463256986,105.5,50
1719463257641,104.9,100
1719463258027,105.0,75
1719463258639,104.45,25
1719463259021,104.15,50
1719463259831,104.75,25
1719463260021,105.05,25
1719463261069,105.15,25
1719463261584,105.7,25
1719463262062,107.5,25
1719463262212,107.55,550
1719463263022,107.4,25
1719463263258,107.05,25
1719463263994,105.85,50
1719463264258,105.75,25
1719463264984,106.1,150
1719463265438,106.6,25
1719463266041,106.55,50
1719463266646,106.8,25
1719463267009,106.7,25
1719463267669,106.85,25
1719463268025,106.9,25
1719463268679,107.15,25
1719463268990,106.6,25
1719463270061,106.0,350
1719463271025,106.45,25
1719463271268,106.7,25
1719463272027,106.95,25
1719463272274,105.95,25
1719463273014,106.5,25
1719463273222,106.55,50
1719463274006,106.25,25
1719463274481,107.1,100
1719463275033,107.95,50
1719463275689,108.55,100
1719463276028,109.65,125
1719463277036,114.0,25
1719463277089,114.05,100
1719463278040,112.75,75
1719463278488,112.05,175
1719463279038,114.05,225
1719463279895,113.35,25
1719463280042,113.15,25
1719463281084,111.45,175
1719463282048,110.8,25
1719463282286,111.25,75
1719463283044,110.3,75
1719463283515,110.4,25
1719463284232,109.7,50
1719463284700,108.95,25
1719463285046,108.2,50
1719463286049,108.7,175
1719463286107,108.7,150
1719463287053,109.0,50
1719463287252,108.45,25
1719463288048,107.5,25
1719463288503,107.2,25
1719463289039,107.9,25
1719463290091,109.15,25
1719463291063,109.2,50
1719463291572,108.9,25
1719463292046,109.05,125
1719463292304,109.45,25
1719463293009,109.3,25
1719463293719,108.95,50
1719463294047,109.35,50
1719463294889,108.6,225
1719463295052,109.05,50
1719463296044,109.45,50
1719463296118,109.8,50
1719463297101,109.15,25
1719463298028,109.9,50
1719463298304,110.7,125
1719463299037,110.55,75
1719463299534,110.2,25
1719463300056,110.6,50
1719463300529,110.85,50
1719463301066,110.6,75
1719463301861,110.55,125
1719463302055,111.0,25
1719463303120,109.8,25
1719463304047,109.55,25
1719463304325,109.8,125
1719463305045,109.15,25
1719463305326,108.95,25
1719463306052,108.95,25
1719463306329,109.1,25
1719463307037,108.7,25
1719463307742,108.4,50
1719463308061,108.35,100
1719463309121,108.95,25
1719463310046,108.15,25
1719463310130,108.0,25
1719463311076,109.2,25
1719463311327,108.7,150
1719463312082,109.25,200
1719463312315,109.75,25
1719463313056,110.55,25
1719463313735,110.0,100
1719463314067,109.7,25
1719463315140,109.85,25
1719463316070,109.85,25
1719463316308,109.85,25
1719463317060,109.8,50
1719463317533,109.7,25
1719463318058,109.35,25
1719463318729,109.0,25
1719463319277,108.7,25
1719463319931,109.45,25
1719463320064,109.7,25
1719463321165,110.0,25
1719463321594,109.65,100
1719463322022,110.1,25
1719463322349,110.4,75
1719463323067,111.55,25
1719463323544,110.45,25
1719463324043,110.4,50
1719463324743,110.8,25
1719463325061,110.6,75
1719463326058,110.75,50
1719463326135,110.5,100
1719463327074,110.2,25
1719463327523,110.0,100
1719463328072,108.9,25
1719463329070,109.75,100
1719463330071,109.8,150
1719463330162,109.8,100
1719463331079,108.8,25
1719463331356,108.85,100
1719463332077,109.35,25
1719463332359,110.0,25
1719463333067,109.05,25
1719463333324,109.15,200
1719463334065,108.75,25
1719463334350,109.35,50
1719463335066,108.75,50
1719463335384,108.7,25
1719463335762,108.3,175
1719463336085,108.65,75
1719463336966,109.2,250
1719463337082,109.2,25
1719463338043,109.0,50
1719463338302,108.8,150
1719463339049,108.55,50
1719463339334,108.7,25
1719463340075,108.35,25
1719463359086,113.25,150
1719463359221,112.7,25
1719463360085,113.45,25
1719463360213,113.35,50
1719463361061,113.15,25
1719463361613,113.15,25
1719463362107,112.35,25
1719463362822,111.5,25
1719463363085,110.95,25
1719463363823,110.45,75
1719463364084,110.4,225
1719463364821,111.7,50
1719463365092,111.35,50
1719463366107,111.45,50
1719463366227,111.15,50
1719463367075,111.6,100
1719463367220,111.1,25
1719463368062,110.95,25
1719463368425,111.35,100
1719463369082,112.05,25
1719463369426,112.05,75
1719463370097,111.85,25
1719463370647,112.2,100
1719463371095,112.25,25
1719463371646,112.75,125
1719463372071,112.8,25
1719463372858,113.0,50
1719463373095,112.6,50
1719463374102,113.15,50
1719463374226,113.2,75
1719463376085,112.45,100
1719463376442,112.4,25
1719463377647,112.25,50
1719463378102,111.7,100
1719463379105,111.1,100
1719463380090,110.0,225
1719463380450,109.85,25
1719463411317,102.95,250
1719463411599,103.0,25
1719463412115,103.65,75
1719463412499,103.35,50
1719463413123,103.1,25
1719463413482,103.35,50
1719463414118,104.05,125
1719463414900,103.95,25
1719463415132,103.7,75
1719463416309,104.0,25
1719463416522,103.35,25
1719463422103,103.25,50
1719463422729,102.45,25
1719463423143,102.0,50
1719463424123,101.35,75
1719463425133,101.9,25
1719463425323,101.55,25
1719463426121,101.25,25
1719463426725,101.45,25
1719463427329,101.7,50
1719463428143,100.25,25
1719463428327,97.05,50
1719463429138,96.3,25
1719463429938,94.9,50
1719463430343,96.65,25
1719463431139,96.3,50
1719463431547,96.7,25
1719463432140,96.05,100
1719463432941,92.7,50
1719463433162,93.4,25
1719463434332,95.2,425
1719463434543,94.65,25
1719463435147,95.05,25
1719463436152,95.1,200
1719463437335,95.25,25
1719463437546,94.8,25
1719463438136,95.1,250
1719463438953,95.1,25
1719463439136,95.15,25
1719463440143,95.7,25
1719463440541,96.05,250
1719463441339,96.65,50
1719463441577,96.45,25
1719463441754,97.0,25
1719463442132,96.7,50
1719463443151,97.65,25
1719463444139,98.3,25
1719463444387,98.1,25
1719463445146,98.0,100
1719463445373,98.8,25
1719463446141,98.65,100
1719463457369,99.4,25
1719463458155,99.1,25
1719463458577,99.3,25
1719463459153,99.0,100
1719463459587,98.0,50
1719463460082,97.8,150
1719463460986,97.15,225
1719463461320,97.45,50
1719463462163,97.25,25
1719463462359,97.8,25
1719463463121,97.5,75
1719463466142,97.4,50
1719463466808,97.85,25
1719463467146,98.25,50
1719463468138,99.1,50
1719463468377,99.05,25
1719463469157,98.9,25
1719463469402,99.1,25
1719463470140,99.25,25
1719463470801,100.55,75
1719463471112,101.1,25
1719463471586,100.5,25
1719463472157,101.2,275
1719463472204,101.1,25
1719463473160,101.1,75
1719463473607,101.1,25
1719463474167,101.65,25
1719463474812,101.3,25
1719463475146,101.0,25
1719463476147,101.25,200
1719463476399,101.2,100
1719463477146,101.8,50
1719463477422,101.6,25
1719463478160,99.95,25
1719463478629,99.65,25
1719463479159,98.75,25
1719463479985,98.9,75
1719463480159,98.75,25
1719463481152,98.1,25
1719463481609,97.8,25
1719463482168,97.65,25
1719463482988,97.25,25
1719463483154,97.3,200
1719463484128,97.55,25
1719463484417,97.15,275
1719463485147,97.1,25
1719463485617,97.15,25
1719463486153,97.3,150
1719463486791,97.2,250
1719463487147,96.4,50
1719463488146,97.1,25
1719463488402,97.2,200
1719463489155,96.75,50
1719463489826,97.2,50
1719463491253,96.25,50
1719463492167,95.6,25
1719463492844,95.8,25
1719463493160,96.0,25
1719463495147,96.1,25
1719463496037,96.45,50
1719463496163,96.7,25
1719463497175,96.15,25
1719463497452,96.65,25
1719463498173,97.0,50
1719463498637,96.45,25
1719463499144,96.55,25
1719463500175,96.55,25
1719463500259,96.5,25
1719463501176,96.5,100
1719463501575,96.3,25
1719463501641,96.25,25
1719463502140,96.3,50
1719463502664,96.4,25
1719463503173,96.55,25
1719463504255,95.6,125
1719463505171,96.2,200
1719463505673,95.3,75
1719463506174,93.15,50
1719463507273,93.75,25
1719463508180,94.85,25
1719463508668,94.45,25
1719463509180,95.15,50
1719463510183,94.65,25
1719463510450,94.8,50
1719463511185,93.6,50
1719463512082,93.0,50
1719463512185,93.05,25
1719463513185,93.5,100
1719463513680,94.0,50
1719463514184,93.75,125
1719463515078,93.95,50
1719463515155,93.8,75
1719463516289,92.85,75
1719463517187,93.25,50
1719463517475,93.0,75
1719463518194,93.1,25
1719463518890,93.0,25
1719463519175,93.55,25
1719463520196,95.0,75
1719463520283,95.25,25
1719463521176,95.4,50
1719463521882,96.05,25
1719463522162,95.6,75
1719463523208,96.85,25
1719463523479,96.6,25
1719463524196,96.9,250
1719463524866,98.25,25
1719463525166,98.15,75
1719463526200,97.45,100
1719463526279,97.3,100
1719463527201,97.9,25
1719463527705,98.15,125
1719463528197,98.05,25
1719463529185,98.4,125
1719463529303,98.5,50
1719463530212,98.75,25
1719463530889,100.0,225
1719463531384,99.95,50
1719463531581,99.6,150
1719463532176,100.85,25
1719463532521,100.55,50
1719463533194,99.35,50
1719463533910,99.5,25
1719463534199,99.4,25
1719463535182,99.7,25
1719463535488,100.05,75
1719463536208,100.3,50
1719463537192,102.15,50
1719463537308,101.25,50
1719463538211,101.1,200
1719463538915,100.95,25
1719463539204,101.0,25
1719463540193,100.55,50
1719463540513,100.9,275
1719463541197,101.1,25
1719463542117,99.7,50
1719463542381,100.2,25
1719463543186,101.0,25
1719463543518,100.8,100
1719463544195,100.7,25
1719463544714,100.75,100
1719463545207,100.85,25
1719463545912,101.05,25
1719463546196,101.5,25
1719463547334,101.15,50
1719463548194,101.7,200
1719463548941,102.55,25
1719463549198,102.6,100
1719463550201,102.85,250
1719463550531,103.05,25
1719463551209,102.8,75
1719463552196,102.05,25
1719463552354,101.7,25
1719463553194,101.4,50
1719463553941,100.8,100
1719463554206,100.75,50
1719463555226,99.05,175
1719463555547,99.75,25
1719463556222,100.2,25
1719463556940,99.45,25
1719463557187,99.35,50
1719463558188,100.05,25
1719463558349,100.0,200
1719463559198,100.35,50
1719463559554,100.6,25
1719463560199,100.0,150
1719463560740,99.7,25
1719463561199,99.6,50
1719463561598,99.25,25
1719463561749,98.95,25
1719463562215,99.7,50
1719463562971,99.85,50
1719463563175,99.65,25
1719463564400,98.4,100
1719463565182,98.2,25
1719463565561,98.5,25
1719463566201,98.55,25
1719463566951,97.7,75
1719463567165,97.2,200
1719463568195,98.0,25
1719463568312,98.1,50
1719463569207,97.8,25
1719463569501,97.55,175
1719463570220,97.4,50
1719463570757,96.75,25
1719463571193,97.25,50
1719463572221,97.6,25
1719463573176,96.1,150
1719463573569,95.85,25
1719463574216,96.2,50
1719463575231,96.65,200
1719463575376,96.85,50
1719463576173,96.2,25
1719463576774,96.35,25
1719463577198,96.9,50
1719463578208,96.0,825
1719463578385,96.15,75
1719463579197,95.6,25
1719463579763,95.45,25
1719463580188,95.45,25
1719463581202,95.3,75
1719463581375,95.4,25
1719463582211,95.4,25
1719463582555,94.65,25
1719463583219,94.4,75
1719463583995,93.6,25
1719463584223,93.4,25
1719463585227,93.2,50
1719463585405,93.55,525
1719463586212,94.05,400
1719463586992,94.5,100
1719463587216,94.65,25
1719463588246,94.55,25
1719463588608,95.25,25
1719463589229,95.3,100
1719463590203,95.35,25
1719463591221,95.45,100
1719463591589,95.45,25
1719463591791,95.25,100
1719463592210,94.8,250
1719463593221,95.1,25
1719463594282,94.95,25
1719463594593,94.7,25
1719463595228,94.9,25
1719463595978,94.6,25
1719463596219,94.35,25
1719463597235,94.65,25
1719463597612,94.1,25
1719463598223,94.2,50
1719463599238,93.8,275
1719463600234,94.6,25
1719463600828,93.9,50
1719463601220,93.5,25
1719463602233,93.95,50
1719463611227,97.15,50
1719463612241,97.05,25
1719463613244,97.25,25
1719463613834,96.7,50
1719463614235,96.8,100
1719463615206,96.8,25
1719463616224,97.05,25
1719463616764,97.45,50
1719463617143,97.7,25
1719463618228,97.55,50
1719463619235,96.3,25
1719463619857,96.2,175
1719463620234,96.05,25
1719463621238,95.5,100
1719463621433,95.6,50
1719463622259,95.3,100
1719463623058,94.55,50
1719463623233,94.6,50
1719463624250,94.95,25
1719463624832,94.75,25
1719463625225,94.4,25
1719463626055,94.2,25
1719463626244,94.05,100
1719463627212,94.65,50
1719463627673,94.45,25
1719463628267,94.85,25
1719463628872,95.05,25
1719463629244,95.2,25
1719463630229,95.75,225
1719463630448,96.15,250
1719463631252,95.8,225
1719463632201,95.9,75
1719463632261,95.7,25
1719463633249,95.85,25
1719463633689,95.95,150
1719463634259,95.85,25
1719463635068,95.55,25
1719463635246,95.5,25
1719463636260,95.7,25
1719463636691,95.75,25
1719463637245,97.05,25
1719463638070,96.9,100
1719463638244,96.75,125
1719463639270,96.6,75
1719463639304,96.85,50
1719463640269,97.1,25
1719463640688,97.5,300
1719463641268,97.6,100
1719463641862,98.15,100
1719463642213,97.95,50
1719463643283,97.95,125
1719463644264,98.65,25
1719463644678,98.4,25
1719463645254,98.65,100
1719463646094,98.2,25
1719463646270,98.45,25
1719463647226,97.15,50
1719463647495,97.05,25
1719463668919,92.75,75
1719463669290,92.75,25
1719463670328,92.8,25
1719463671290,93.0,100
1719463671733,93.5,75
1719463672471,94.0,25
1719463672933,94.5,250
1719463673264,94.55,250
1719463674152,95.75,75
1719463674252,95.9,125
1719463675285,94.4,25
1719463675348,94.35,50
1719463676262,93.65,100
1719463676726,94.0,25
1719463688281,95.0,100
1719463689235,94.2,25
1719463690979,94.3,100
1719463691484,94.15,25
1719463692369,94.05,75
1719463693271,93.8,25
1719463693766,94.4,100
1719463694252,94.05,25
1719463694976,93.55,25
1719463695283,93.95,25
1719463696277,93.15,175
1719463696379,93.75,125
1719463697297,94.15,25
1719463697545,94.35,25
1719463698304,95.55,25
1719463699278,95.4,50
1719463700297,95.2,25
1719463700782,95.05,25
1719463701303,95.85,150
1719463702384,95.6,25
1719463703287,95.95,50
1719463703581,95.95,125
1719463704258,95.5,50
1719463704796,95.7,50
1719463705301,96.15,100
1719463706004,96.6,250
1719463706285,96.6,50
1719463706995,96.75,25
1719463707293,96.1,25
1719463708375,96.2,25
1719463709298,96.45,250
1719463709803,96.45,175
1719463710286,96.6,25
1719463711009,97.15,100
1719463711301,96.65,25
1719463711578,96.8,25
1719463712302,98.6,100
1719463712407,97.9,25
1719463713297,98.1,50
1719463713792,98.25,25
1719463714289,97.85,50
1719463714813,98.05,25
1719463715285,97.1,75
1719463715809,97.9,25
1719463716296,98.05,25
1719463717007,98.8,50
1719463717309,98.95,25
1719463718305,98.3,125
1719463718420,98.85,25
1719463719298,99.0,50
1719463719799,99.55,25
1719463720299,99.7,100
1719463721303,99.6,25
1719463722326,100.2,125
1719463722426,100.05,50
1719463723305,99.6,25
1719463723799,99.85,50
1719463724292,100.15,75
1719463725028,99.5,25
1719463725307,99.65,25
1719463726208,99.5,25
1719463726299,99.4,175
1719463727319,98.75,50
1719463727643,98.5,50
1719463728317,98.1,225
1719463728831,97.45,25
1719463729303,96.35,100
1719463729824,96.55,150
1719463730290,96.6,25
1719463731308,97.05,25
1719463731433,97.1,25
1719463732306,96.85,25
1719463732814,96.7,25
1719463733306,96.65,25
1719463734035,97.3,25
1719463734306,97.1,75
1719463748316,97.55,25
1719463748614,97.45,125
1719463749302,97.75,150
1719463750052,97.7,25
1719463750331,98.05,25
1719463751319,98.0,50
1719463751478,98.1,100
1719463752324,99.15,50
1719463753244,99.0,25
1719463753308,99.05,25
1719463754276,98.9,25
1719463754863,98.45,25
1719463755305,98.3,50
1719463756319,98.7,25
1719463756454,98.65,50
1719463761335,101.45,500
1719463761478,101.7,25
1719463762343,101.6,50
1719463762881,101.9,25
1719463763521,101.9,250
1719463764327,101.15,75
1719463764491,101.45,125
1719463765343,101.05,50
1719463765882,100.85,50
1719463766340,99.7,100
1719463767062,99.35,75
1719463767346,98.9,25
1719463768286,98.75,50
1719463768686,98.85,75
1719463769309,99.2,25
1719463770083,99.7,25
1719463770328,99.6,25
1719463771297,99.3,25
1719463771337,99.3,25
1719463776336,101.25,75
1719463776879,102.1,25
1719463777346,102.25,100
1719463778101,101.75,25
1719463778353,101.9,250
1719463779359,102.15,25
1719463779518,102.4,25
1719463781121,100.65,150
1719463781339,100.65,25
1719463782345,101.3,25
1719463782466,101.3,275
1719463783341,101.3,25
1719463783913,101.35,25
1719463784345,101.55,150
1719463784900,101.55,25
1719463785319,100.85,25
1719463786114,101.05,100
1719463786325,100.65,25
1719463787297,100.9,25
1719463787506,101.15,25
1719463788352,100.8,225
1719463788904,101.2,25
1719463789356,101.45,50
1719463789930,101.3,25
1719463790351,101.85,75
1719463791349,102.1,25
1719463792347,101.5,25
1719463792715,101.2,75
1719463793340,101.45,125
1719463793952,102.75,25
1719463794353,103.0,25
1719463795079,102.25,50
1719463795323,102.3,25
1719463796358,101.95,75
1719463796535,102.2,75
1719463797288,101.5,125
1719463797676,101.4,25
1719463798347,101.95,25
1719463799111,101.5,25
1719463799327,101.65,25
1719463800356,101.15,25
1719463800536,101.2,25
1719463801340,100.85,25
1719463801587,101.0,25
1719463802954,100.4,25
1719463803358,100.1,25
1719463804141,100.8,100
1719463804348,100.95,50
1719463805359,100.9,50
1719463805548,100.5,100
1719463806356,100.0,75
1719463806752,100.05,125
1719463807361,100.05,25
1719463807755,100.65,200
1719463808360,100.6,25
1719463808961,100.75,75
1719463809349,100.4,50
1719463810367,100.9,25
1719463811345,101.55,50
1719463811762,101.75,100
1719463812369,101.2,75
1719463815971,104.05,50
1719463816378,104.25,25
1719463817357,102.55,25
1719463818361,102.8,50
1719463818975,101.95,25
1719463819365,101.75,50
1719463820368,101.7,100
1719463821366,102.25,25
1719463821961,102.25,200
1719463822372,102.3,100
1719463823365,102.55,50
1719463824373,103.05,25
1719463824566,103.0,50
1719463825360,102.85,25
1719463825786,102.9,50
1719463826362,102.6,25
1719463826968,102.65,25
1719463827381,102.15,125
1719463828370,101.5,25
1719463829335,100.9,25
1719463829776,100.85,50
1719463830389,100.05,50
1719463831401,101.05,150
1719463831577,100.75,25
1719463832366,101.25,125
1719463832769,101.55,25
1719463833370,101.15,50
1719463834174,100.7,25
1719463834338,100.85,175
1719463835305,100.75,25
1719463835789,101.05,25
1719463837006,100.9,125
1719463837360,100.4,50
1719463837981,100.0,50
1719463838371,100.25,25
1719463839194,100.7,50
1719463839385,100.8,25
1719463840373,100.2,100
1719463840617,100.2,75
1719463841367,99.35,75
1719463842016,99.3,725
1719463842384,99.15,25
1719463843197,98.6,25
1719463843385,98.5,25
1719463844395,98.2,50
1719463844821,98.7,75
1719463845373,98.8,175
1719463846216,98.75,50
1719463846389,99.0,175
1719463847381,99.3,50
1719463847805,99.75,25
1719463848353,99.45,125
1719463849220,99.15,175
1719463849364,99.15,125
1719463850405,99.25,25
1719463851382,98.85,25
1719463852237,99.05,25
1719463852395,98.9,50
1719463853435,98.55,25
1719463854377,98.45,25
1719463854808,98.05,50
1719463855571,98.0,175
1719463856388,98.2,50
1719463856649,98.15,25
1719463857394,98.2,25
1719463858021,98.85,50
1719463858394,98.85,50
1719463859387,101.15,25
1719463859592,100.75,25
1719463860585,101.9,100
1719463861256,101.0,25
1719463861389,101.15,50
1719463861581,101.35,25
1719463862371,102.4,100
1719463862635,102.35,25
1719463863377,101.75,25
1719463864240,101.75,50
1719463864388,102.05,25
1719463865391,102.1,100
1719463865644,101.25,25
1719463866341,100.7,125
1719463867221,100.95,50
1719463867397,100.75,25
1719463868407,100.35,200
1719463869374,100.4,250
1719463869659,100.35,25
1719463870381,100.75,25
1719463871239,100.6,25
1719463871385,100.7,150
1719463872326,101.25,25
1719463872471,101.2,25
1719463873394,101.0,100
1719463874028,101.25,25
1719463874391,100.85,50
1719463875378,100.4,25
1719463876406,99.6,25
1719463876641,99.25,25
1719463877398,101.0,100
1719463878377,101.5,100
1719463879428,101.4,25
1719463879667,101.2,100
1719463880390,101.8,50
1719463880892,102.0,25
1719463881408,101.9,25
1719463882399,102.2,25
1719463925397,101.45,25
1719463926104,101.75,25
1719463926436,101.85,25
1719463927511,101.95,25
1719463927604,102.1,75
1719463928427,101.3,50
1719463928933,101.35,25
1719463929449,101.25,25
1719463930426,102.45,25
1719463931410,102.05,75
1719463931557,102.2,150
1719463932393,102.5,25
1719463932913,102.3,25
1719463933425,103.6,200
1719463934122,103.35,25
1719463934435,103.15,25
1719463935401,104.5,25
1719463935553,106.35,25
1719463936433,104.35,25
1719463937156,103.2,25
1719463937447,102.3,25
1719463938440,103.15,75
1719463938563,102.95,25
1719463939420,102.9,25
1719463944428,102.5,25
1719463945428,102.25,25
1719463945584,102.25,100
1719463946446,102.6,25
1719463946743,102.55,175
1719463947430,102.35,25
1719463948177,102.15,25
1719463948418,102.1,25
1719463949450,101.9,25
1719463952978,101.5,75
1719463953430,101.0,150
1719463954448,101.2,25
1719463955450,100.3,25
1719463955772,100.3,25
1719463956457,100.1,75
1719463957192,99.45,100
1719463957460,99.75,25
1719463958447,99.15,125
1719463958562,99.3,25
1719463959465,99.6,25
1719463960165,99.25,50
1719463960429,98.7,100
1719463961443,98.2,250
1719463962461,98.65,25
1719463962804,98.7,25
1719463963466,98.35,125
1719463964202,98.4,25
1719463964451,98.35,25
1719463965388,99.55,225
1719463965449,99.5,25
1719463966426,99.7,25
1719463966790,100.0,50
1719463967438,101.15,25
1719463968381,100.6,25
1719463968459,100.55,50
1719463969577,99.7,25
1719463970442,100.0,25
1719463970914,99.95,50
1719463971445,99.55,125
1719463972386,99.65,25
1719463972386,99.65,25
1719463973465,99.2,25
1719463973805,99.35,25
1719463974439,99.6,50
1719463975215,99.55,700
1719463975462,99.3,225
1719463976466,99.95,25
1719463977462,99.85,50
1719463978469,100.15,25
1719463978810,100.05,400
1719463979469,101.15,25
1719463980229,101.3,25
1719463980449,101.45,25
1719463981554,101.0,600
1719463981608,100.8,200
1719463982424,101.05,25
1719463983012,101.3,25
1719463983465,101.2,25
1719463984472,100.3,25
1719463984561,99.9,50
1719463985460,100.25,25
1719463986213,100.35,25
1719463986423,100.2,25
1719463987414,100.15,225
1719463987414,100.15,225
1719463988469,99.9,25
1719463988836,100.15,25
1719463989380,99.75,75
1719463990460,99.7,25
1719463991437,99.95,25
1719463991616,99.85,25
1719463992427,99.95,50
1719463992819,99.95,75
1719463993454,99.65,25
1719463994242,98.7,25
1719463994394,98.65,25
1719463995444,99.0,125
1719463995841,99.5,75
1719463996463,99.55,225
1719463997245,98.65,50
1719463997452,98.7,75
1719463998475,98.85,200
1719463999396,98.3,25
1719464000061,98.25,75
1719464000461,98.0,25
1719464001484,96.95,50
1719464001659,97.35,25
1719464002483,98.35,25
1719464003268,98.35,25
1719464004427,97.6,100
1719464005489,97.25,25
1719464005838,97.1,25
1719464006486,96.6,25
1719464006875,97.4,75
1719464007482,97.5,25
1719464008240,97.55,50
1719464008493,97.45,200
1719464009482,97.4,25
1719464010497,97.75,25
1719464011571,97.8,100
1719464011824,97.6,50
1719464012475,97.35,50
1719464013067,97.5,25
1719464013457,97.4,25
1719464015666,97.65,125
1719464016471,97.65,25
1719464016690,97.55,25
1719464017504,98.6,125
1719464018022,98.55,200
1719464018499,98.65,75
1719464019450,98.6,25
1719464020486,98.6,25
1719464021688,99.5,25
1719464022092,99.85,25
1719464022439,100.2,150
1719464023489,99.9,25
1719464025487,98.9,50
1719464026104,98.5,25
1719464026493,98.15,25
1719464027296,98.15,150
1719464027458,98.2,25
1719464028211,98.35,75
1719464028492,98.1,50
1719464029489,98.25,50
1719464030501,98.55,25
1719464030701,98.6,50
1719464031390,98.35,25
1719464031832,98.25,25
1719464032508,98.2,25
1719464033318,97.6,75
1719464033511,97.7,25
1719464034482,97.5,50
1719464035456,97.35,25
1719464035710,97.05,50
1719464036445,97.05,50
1719464037126,96.8,25
1719464037488,96.9,75
1719464038091,97.0,25
1719464038498,96.6,75
1719464039329,95.95,75
1719464039520,96.15,50
1719464040499,96.15,125
1719464041529,96.25,25
1719464042107,96.0,50
1719464042499,96.0,25
1719464043532,95.75,125
1719464044489,95.3,25
1719464044731,95.0,25
1719464045519,95.2,25
1719464046322,95.45,25
1719464046508,95.55,25
1719464047535,95.5,100
1719464048504,95.05,25
1719464048938,95.3,25
1719464049506,95.4,50
1719464050130,95.05,25
1719464050496,94.75,25
1719464051344,94.65,25
1719464051510,94.65,25
1719464052329,94.5,50
1719464052515,94.45,75
1719464053338,94.9,25
1719464053501,94.5,50
1719464054487,95.65,50
1719464055493,96.7,25
1719464055727,96.95,25
1719464056475,97.55,25
1719464057138,98.05,25
1719464057496,98.0,50
1719464058348,97.8,25
1719464058507,97.15,100
1719464059561,97.0,50
1719464060471,96.15,25
1719464060739,96.0,275
1719464061504,95.75,25
1719464062320,95.9,25
1719464062509,95.6,50
1719464063345,95.15,25
1719464063483,95.05,75
1719464064508,94.35,150
1719464074480,94.8,50
1719464074921,94.85,25
1719464075518,95.0,150
1719464076357,94.9,25
1719464076523,95.15,100
1719464077576,95.3,325
1719464078577,94.8,50
1719464079515,95.0,25
1719464079956,94.8,125
1719464080528,94.5,100
1719464081382,94.95,25
1719464081531,94.9,50
1719464082537,94.25,25
1719464082561,94.25,250
1719464083579,94.0,25
1719464083768,94.05,25
1719464084500,93.8,100
1719464088536,92.35,50
1719464089578,92.65,25
1719464090720,93.3,25
1719464091196,93.3,50
1719464091512,93.45,25
1719464092586,94.8,25
1719464093536,95.9,200
1719464093788,95.95,25
1719464094545,97.0,25
1719464094998,97.15,25
1719464095530,96.25,200
1719464096397,96.7,200
1719464096550,96.5,75
1719464097545,96.85,25
1719464097545,96.85,25
1719464098517,96.4,100
1719464098807,96.2,25
1719464099510,95.15,50
1719464100401,95.75,100
1719464100525,95.6,25
1719464101587,95.5,125
1719464102533,96.5,25
1719464102826,96.25,100
1719464120628,97.7,25
1719464121566,97.55,50
1719464122231,97.25,25
1719464122561,97.1,25
1719464123632,97.05,25
1719464124554,96.65,25
1719464125047,96.7,25
1719464125543,97.2,250
1719464126160,97.4,125
1719464126555,96.75,25
1719464127385,96.8,200
1719464127533,97.15,50
1719464128545,97.1,50
1719464128636,97.05,25
1719464129550,97.2,25
1719464129575,96.95,50
1719464130549,97.55,25
1719464130864,97.55,25
1719464159101,95.3,150
1719464159441,95.35,50
1719464160511,95.65,50
1719464160526,95.65,25
1719464161521,95.25,25
1719464161714,95.4,25
1719464162532,95.5,50
1719464162930,96.05,25
1719464163580,96.15,25
1719464164252,96.3,150
1719464164575,96.75,75
1719464165532,96.55,50
1719464165729,96.4,50
1719464166564,96.1,25
1719464166634,96.2,50
1719464167550,96.25,25
1719464168120,96.1,250
1719464168557,96.4,250
1719464169516,96.9,25
1719464169583,96.7,50
1719464170537,96.7,125
1719464170720,96.65,50
1719464171579,97.05,25
1719464171939,97.05,25
1719464172549,96.95,25
1719464173343,97.1,25
1719464173552,97.1,75
1719464174590,96.4,250
1719464175578,97.0,125
1719464175937,96.0,325
1719464176495,95.8,25
1719464177593,96.15,25
1719464178591,96.55,75
1719464179126,96.15,25
1719464179563,96.2,25
1719464180599,97.05,25
1719464181596,97.35,50
1719464181719,97.5,25
1719464182787,97.5,50
1719464183141,97.3,50
1719464183588,98.0,50
1719464184531,97.5,100
1719464185571,97.6,25
1719464186138,97.55,275
1719464186543,97.85,25
1719464187531,97.85,250
1719464187531,97.85,250
1719464188589,96.95,50
1719464188717,96.85,25
1719464189586,97.0,25
1719464190141,97.15,125
1719464190588,96.8,50
1719464191579,96.0,200
1719464192596,96.05,125
1719464192751,96.3,25
1719464193577,96.0,25
1719464194161,97.25,50
1719464194591,97.45,25
1719464195589,97.55,25
1719464196595,98.3,25
1719464196763,98.1,25
1719464197517,97.65,25
1719464198365,98.25,175
1719464198570,98.05,75
1719464199591,98.05,250
1719464200588,97.3,100
1719464200964,96.45,100
1719464201599,96.0,150
1719464205564,96.9,50
1719464206564,97.05,25
1719464206729,96.9,50
1719464207596,97.5,25
1719464207936,97.5,25
1719464208484,97.75,25
1719464209333,97.55,200
1719464209549,97.65,25
1719464210597,98.25,50
1719464211771,97.8,25
1719464212203,97.65,50
1719464212606,97.8,25
1719464213605,97.4,75
1719464214490,97.35,50
1719464214775,97.15,25
1719464215511,97.3,25
1719464215787,97.0,25
1719464216610,97.75,500
1719464217191,98.25,25
1719464217609,98.4,50
1719464218615,98.85,50
1719464218794,98.65,75
1719464219595,100.45,25
1719464220190,100.5,125
1719464220593,100.55,25
1719464221613,100.0,125
1719464221808,99.9,25
1719464222617,100.0,25
1719464223218,100.35,25
1719464223602,100.75,100
1719464224610,100.45,50
1719464224817,100.3,25
1719464225607,100.55,25
1719464226209,100.8,50
1719464226622,101.1,25
1719464228613,102.5,25
1719464229622,102.95,375
1719464230625,104.0,75
1719464231012,103.85,200
1719464232422,104.55,25
1719464232619,104.1,50
1719464233625,103.2,250
1719464233815,103.3,25
1719464234600,103.7,25
1719464235199,103.4,25
1719464235616,102.55,75
1719464236429,103.3,25
1719464236641,103.65,25
1719464237589,102.9,200
1719464237827,103.0,75
1719464238617,104.0,50
1719464239026,103.35,25
1719464239580,103.2,50
1719464240242,103.65,25
1719464240628,102.85,125
1719464241607,103.25,50
1719464242622,103.2,25
1719464242829,102.75,25
1719464243616,102.95,25
1719464244431,103.85,25
1719464244628,103.5,25
1719464245439,103.9,25
1719464245616,104.25,25
1719464246645,103.85,100
1719464247607,106.05,50
1719464248054,106.95,25
1719464248632,109.9,25
1719464249634,110.65,25
1719464249854,109.35,25
1719464250635,108.5,25
1719464251459,109.5,125
1719464251643,109.65,25
1719464252645,109.6,25
1719464253630,110.6,25
1719464253854,110.8,125
1719464254640,110.7,25
1719464255264,109.95,25
1719464255837,109.8,25
1719464256639,109.95,50
1719464256862,109.95,25
1719464257634,110.95,50
1719464258241,111.0,25
1719464258630,111.65,25
1719464259634,111.05,50
1719464259858,110.65,50
1719464260642,110.0,50
1719464261465,109.45,25
1719464261640,109.65,25
1719464262636,110.2,50
1719464262866,110.25,25
1719464263640,110.65,25
1719464264066,111.05,25
1719464264619,110.5,50
1719464265465,111.05,50
1719464265639,110.6,75
1719464266637,110.35,50
1719464266869,109.95,50
1719464267661,109.85,50
1719464267870,110.15,175
1719464268636,110.45,100
1719464269477,110.65,25
1719464269646,111.15,25
1719464270642,110.05,50
1719464270865,110.65,25
1719464271661,109.75,225
1719464271883,110.05,50
1719464272636,109.0,25
1719464272876,109.75,75
1719464273645,109.7,25
1719464274495,109.3,25
1719464274658,109.2,100
1719464275648,109.65,50
1719464275891,109.35,25
1719464284724,109.8,175
1719464285641,109.25,50
1719464285909,109.55,25
1719464286641,109.5,25
1719464287117,109.2,25
1719464287628,109.7,25
1719464288325,109.55,25
1719464288662,109.6,450
1719464289648,109.5,50
1719464289700,109.6,25
1719464290615,109.45,300
1719464291379,110.8,50
1719464291644,111.25,25
1719464292629,112.7,125
1719464292737,112.6,50
1719464293653,112.7,100
1719464294327,112.35,25
1719464294642,112.95,25
1719464295650,111.25,75
1719464295725,111.4,100
1719464296655,111.3,75
1719464297131,110.45,25
1719464297650,111.45,25
1719464298524,110.8,50
1719464298663,111.0,50
1719464299648,112.0,75
1719464299930,111.5,50
1719464300657,111.2,25
1719464300925,111.0,25
1719464301656,110.7,50
1719464301920,110.75,75
1719464302656,110.8,50
1719464303151,111.35,50
1719464303662,111.0,175
1719464304530,111.55,75
1719464304647,111.3,25
1719464305733,111.75,25
1719464306656,110.3,25
1719464306941,110.35,50
1719464307653,112.0,200
1719464308529,111.8,50
1719464308659,112.2,25
1719464309656,113.2,50
1719464309739,113.6,25
1719464310660,114.5,25
1719464310957,113.4,25
1719464311588,113.55,50
1719464311671,113.6,100
1719464312542,113.9,25
1719464312671,113.95,150
1719464313674,114.3,25
1719464313748,114.6,125
1719464314865,115.7,25
1719464314971,115.65,50
1719464315671,115.6,75
1719464316666,115.3,25
1719464317684,116.0,25
1719464317965,115.75,25
1719464318681,114.65,50
1719464319168,114.8,50
1719464319687,115.35,50
1719464320561,116.05,100
1719464320680,115.8,50
1719464321768,116.5,50
1719464322688,115.9,25
1719464322974,115.3,100
1719464323663,117.1,100
1719464324160,116.4,25
1719464324651,116.2,50
1719464325184,116.15,25
1719464325660,115.2,25
1719464326378,115.65,225
1719464326656,115.6,50
1719464327589,113.4,75
1719464327669,113.45,25
1719464328672,112.2,50
1719464328966,111.85,200
1719464329653,110.85,25
1719464330384,111.45,25
1719464330692,112.6,50
1719464367673,113.85,50
1719464367841,113.25,100
1719464368670,113.65,50
1719464369043,113.9,25
1719464369679,113.3,25
1719464370038,113.25,25
1719464370695,113.1,25
1719464371592,114.15,25
1719464371697,114.1,50
1719464372694,113.95,25
1719464373042,113.85,25
1719464375636,114.2,25
1719464375707,114.15,25
1719464376693,113.75,50
1719464376864,114.0,325
1719464377630,113.7,25
1719464378056,113.8,25
1719464378653,114.15,325
1719464379059,113.3,25
1719464379711,113.4,25
1719464380056,112.7,25
1719464380631,113.25,100
1719464381288,113.65,25
1719464381699,113.5,50
1719464382471,113.3,50
1719464382714,114.3,175
1719464383700,113.55,50
1719464383839,113.35,25
1719464384718,112.15,50
1719464385230,112.15,275
1719464385710,111.55,75
1719464386714,111.0,50
1719464387722,112.15,75
1719464387885,111.65,100
1719464388721,111.85,25
1719464389461,112.35,450
1719464389706,112.4,25
1719464390693,112.45,25
1719464390862,112.95,75
1719464391721,113.1,25
1719464391859,113.3,50
1719464392717,112.3,25
1719464393076,112.7,25
1719464396718,112.65,25
1719464396842,112.85,150
1719464398088,114.1,75
1719464398698,113.9,25
1719464399498,113.4,25
1719464399715,113.05,125
1719464400722,112.35,25
1719464400889,112.15,25
1719464401721,111.85,25
1719464402101,110.85,25
1719464402696,111.25,25
1719464403508,111.65,50
1719464403920,111.85,25
1719464404720,112.15,25
1719464405740,113.25,50
1719464406086,113.8,25
1719464406722,114.35,25
1719464407111,113.5,50
1719464407708,113.15,75
1719464408708,113.2,25
1719464409726,113.1,25
1719464409899,113.4,25
1719464410731,112.2,25
1719464411111,112.0,25
1719464411687,112.35,25
1719464412719,111.55,100
1719464413725,111.55,150
1719464413911,111.6,25
1719464414725,111.45,25
1719464415107,111.7,50
1719464415675,112.0,225
1719464416118,112.15,75
1719464416728,111.65,50
1719464417119,111.85,50
1719464417728,112.15,50
1719464418513,112.45,25
1719464418722,112.45,25
1719464419727,113.55,500
1719464420729,113.05,25
1719464420901,113.0,50
1719464421735,112.25,25
1719464422122,112.7,125
1719464422705,112.3,50
1719464423264,112.65,50
1719464423688,112.3,25
1719464424294,112.85,125
1719464424743,112.95,25
1719464425715,113.45,100
1719464426724,113.8,25
1719464427115,113.2,25
1719464427747,113.0,25
1719464428525,113.0,25
1719464428732,112.95,25
1719464429724,113.0,25
1719464430332,112.9,25
1719464430736,112.35,25
1719464431717,112.85,100
1719464431914,113.05,125
1719464432740,113.25,50
1719464433324,112.9,250
1719464433921,113.1,25
1719464434546,114.0,1775
1719464434722,113.85,75
1719464435759,114.1,200
1719464436141,113.9,50
1719464436725,113.75,25
1719464437750,114.9,250
1719464438740,115.65,25
1719464439141,115.6,25
1719464439733,114.95,25
1719464440542,115.45,25
1719464440754,115.75,25
1719464441751,115.35,250
1719464442163,115.4,150
1719464442753,115.65,25
1719464443745,114.65,25
1719464444757,114.0,25
1719464445361,113.8,75
1719464445732,114.1,25
1719464446724,113.8,150
1719464446956,113.75,50
1719464447751,112.95,25
1719464448350,113.45,125
1719464448754,113.95,25
1719464449740,113.1,50
1719464449930,113.55,175
1719464450749,113.55,25
1719464451760,113.65,25
1719464453367,113.55,100
1719464453760,112.2,50
1719464458733,112.3,25
1719464459580,112.1,50
1719464459744,111.9,25
1719464460718,111.75,125
1719464461151,111.5,50
1719464461600,110.9,25
1719464461761,110.75,100
1719464462764,110.65,25
1719464462935,109.7,75
1719464463963,108.85,25
1719464464391,109.4,25
1719464464767,108.55,25
1719464465762,108.25,25
1719464466188,108.65,100
1719464466767,109.45,25
1719464467607,109.3,25
1719464467760,109.2,25
1719464468768,109.35,225
1719464469403,110.25,25
1719464469754,110.0,100
1719464470749,110.4,175
1719464470992,110.65,25
1719464471751,110.65,300
1719464472584,110.7,25
1719464472729,110.6,25
1719464473757,110.75,100
1719464474006,111.8,25
1719464474776,111.7,25
1719464475197,111.15,350
1719464475755,111.65,25
1719464476563,111.3,50
1719464476766,111.3,50
1719464477766,110.7,100
1719464477997,111.05,25
1719464478775,110.5,25
1719464479201,110.2,25
1719464479752,110.05,50
1719464480223,109.65,25
1719464480769,109.1,25
1719464481542,108.2,200
1719464481728,108.15,50
1719464482781,109.6,25
1719464483027,109.35,50
1719464483750,108.95,25
1719464484226,109.05,250
1719464484771,109.45,25
1719464485410,109.8,75
1719464485780,109.5,25
1719464486760,109.4,25
1719464486784,109.35,25
1719464487784,109.45,25
1719464488012,109.45,25
1719464488777,108.95,725
1719464489640,109.35,25
1719464489799,109.3,25
1719464490811,108.95,25
1719464491597,109.3,25
1719464491749,109.15,25
1719464492026,109.4,50
1719464492773,109.3,200
1719464493240,108.9,250
1719464508624,108.9,50
1719464508787,108.8,75
1719464509855,109.1,25
1719464510766,108.4,50
1719464511069,108.5,25
1719464511754,108.7,75
1719464512251,109.25,75
1719464519789,108.1,50
1719464520270,107.75,175
1719464520786,107.9,100
1719464521478,107.45,25
1719464521591,107.2,25
1719464521790,106.9,25
1719464522666,104.05,25
1719464522987,104.0,200
1719464523795,104.0,75
1719464524466,102.25,150
1719464524793,103.9,25
1719464525799,104.35,50
1719464526080,104.4,25
1719464526809,104.4,75
1719464527683,105.65,75
1719464527803,105.75,25
1719464528792,105.8,50
1719464529274,105.6,25
1719464529786,105.75,25
1719464530897,105.05,100
1719464531786,105.6,100
1719464532270,105.85,25
1719464532747,105.7,25
1719464536656,105.05,150
1719464536814,105.35,25
1719464537802,104.95,50
1719464538090,104.9,25
1719464538813,104.25,25
1719464539666,105.2,25
1719464539794,105.5,50
1719464540768,104.8,50
1719464541085,104.6,25
1719464541797,104.15,25
1719464542717,104.55,50
1719464542791,104.5,25
1719464543793,103.65,50
1719464544288,103.45,100
1719464544802,103.9,25
1719464545719,102.8,75
1719464545808,102.4,50
1719464546805,102.25,50
1719464547122,102.9,75
1719464547809,102.45,175
1719464548528,102.2,175
1719464548819,102.25,25
1719464549810,102.7,50
1719464563814,102.25,50
1719464564106,102.1,25
1719464564812,101.65,125
1719464565285,100.95,25
1719464565768,101.05,25
1719464566808,101.2,125
1719464567150,101.0,50
1719464567804,100.55,125
1719464568821,101.05,50
1719464569781,101.1,25
1719464570303,100.9,25
1719464570805,101.5,125
1719464571363,101.05,50
1719464571813,101.45,25
1719464572824,101.55,50
1719464573807,101.7,50
1719464574367,101.75,25
1719464575038,101.85,50
1719464575798,101.25,50
1719464575946,101.25,25
1719464576766,100.95,25
1719464577537,101.95,50
1719464577816,102.05,25
1719464586845,102.4,150
1719464587357,101.9,225
1719464587816,101.75,25
1719464588763,100.55,50
1719464589021,99.3,25
1719464589819,99.0,25
1719464590348,98.85,25
1719464590835,97.2,50
1719464592042,94.95,50
1719464592179,94.5,25
1719464592848,94.9,25
1719464593827,94.0,125
1719464595037,96.0,400
1719464595384,95.7,25
1719464595832,95.65,25
1719464596841,95.95,50
1719464597194,96.15,50
1719464597829,95.5,50
1719464598835,95.15,25
1719464600028,93.75,100
1719464600400,93.35,25
1719464600836,91.7,25
1719464601841,87.9,25
1719464602192,87.05,75
1719464603055,87.0,25
1719464603844,86.55,25
1719464604847,87.3,25
1719464605401,86.5,250
1719464605853,87.2,25
1719464607037,83.75,25
1719464607204,83.05,75
1719464608041,80.5,25
1719464608841,81.7,50
1719464610049,76.85,100
1719464610399,76.8,100
1719464610852,76.45,100
1719464611605,72.1,75
1719464611871,71.5,25
1719464611884,70.85,25
1719464611942,68.1,100
1719464611942,68.1,100
1719464611942,68.1,100
1719464611942,68.1,100
1719464626862,73.5,25
1719464627251,73.25,50
1719464627857,72.3,25
1719464628849,75.45,125
1719464629852,77.3,75
1719464630439,77.4,25
1719464630867,77.45,25
1719464632061,76.9,225
1719464632857,76.4,50
1719464633854,74.3,25
1719464635060,72.2,25
1719464635439,72.85,25
1719464635859,71.55,25
1719464636870,69.05,350
1719464637057,69.2,25
1719464637871,70.3,25
1719464638844,69.9,25
1719464639071,70.45,125
1719464639863,71.1,25
1719464640465,70.4,25
1719464640858,70.3,25
1719464641599,69.95,25
1719464641860,70.05,50
1719464642059,70.15,25
1719464642873,72.15,125
1719464643876,71.8,25
1719464644055,72.35,25
1719464644854,72.4,25
1719464645268,72.9,25
1719464645858,72.65,150
1719464646857,75.45,25
1719464647061,75.1,25
1719464647874,75.25,25
1719464648884,76.05,125
1719464649670,75.7,50
1719464649860,75.55,325
1719464650868,74.35,25
1719464651686,72.6,25
1719464651864,73.05,25
1719464652683,74.5,75
1719464652861,74.45,25
1719464653682,73.75,25
1719464653867,74.0,25
1719464654889,73.1,50
1719464655689,72.5,25
1719464655876,73.15,25
1719464656668,72.7,50
1719464656865,71.7,50
1719464657688,72.65,25
1719464657872,72.45,200
1719464658684,72.05,25
1719464658870,73.1,25
1719464659678,73.9,25
1719464659876,74.2,25
1719464660678,75.45,25
1719464660881,75.4,25
1719464661687,74.7,25
1719464661877,74.5,25
1719464662880,74.85,25
1719464663082,73.85,25
1719464663880,73.5,75
1719464664672,71.5,25
1719464664888,71.15,100
1719464665678,72.6,25
1719464665880,73.0,25
1719464666705,72.35,25
1719464666889,72.5,25
1719464667705,72.5,100
1719464667888,72.5,25
