time,price,volume
1719461456305,570.0,25
1719461456305,570.0,25
1719461456305,570.0,25
1719461456305,570.0,25
1719461456305,570.0,25
1719461456305,570.0,25
1719461456305,570.0,25
1719461456305,570.0,25
1719461456305,570.0,25
1719461456305,570.0,25
1719461456305,570.0,25
1719461456305,570.0,25
1719461456305,570.0,25
1719461456305,570.0,25
1719461524420,566.25,50
1719461524420,566.25,50
1719461524420,566.25,50
1719461524420,566.25,50
1719461524420,566.25,50
1719461524420,566.25,50
1719461524420,566.25,50
1719461524420,566.25,50
1719461536967,563.6,75
1719461536967,563.6,75
1719461536967,563.6,75
1719461536967,563.6,75
1719461536967,563.6,75
1719461536967,563.6,75
1719461536967,563.6,75
1719461536967,563.6,75
1719461536967,563.6,75
1719461536967,563.6,75
1719461536967,563.6,75
1719461536967,563.6,75
1719461536967,563.6,75
1719461536967,563.6,75
1719461536967,563.6,75
1719461536967,563.6,75
1719461536967,563.6,75
1719461536967,563.6,75
1719461536967,563.6,75
1719461536967,563.6,75
1719461536967,563.6,75
1719461536967,563.6,75
1719461536967,563.6,75
1719461536967,563.6,75
1719461536967,563.6,75
1719461536967,563.6,75
1719461536967,563.6,75
1719461536967,563.6,75
1719461536967,563.6,75
1719461536967,563.6,75
1719461536967,563.6,75
1719461536967,563.6,75
1719461536967,563.6,75
1719461536967,563.6,75
1719461536967,563.6,75
1719461536967,563.6,75
1719461536967,563.6,75
1719461536967,563.6,75
1719461536967,563.6,75
1719461536967,563.6,75
1719461536967,563.6,75
1719461536967,563.6,75
1719461536967,563.6,75
1719461536967,563.6,75
1719461536967,563.6,75
1719461536967,563.6,75
1719461536967,563.6,75
1719461536967,563.6,75
1719461536967,563.6,75
1719461536967,563.6,75
1719461536967,563.6,75
1719461536967,563.6,75
1719461536967,563.6,75
1719461536967,563.6,75
1719461536967,563.6,75
1719461536967,563.6,75
1719461536967,563.6,75
1719461536967,563.6,75
1719461536967,563.6,75
1719461536967,563.6,75
1719461536967,563.6,75
1719461536967,563.6,75
1719461536967,563.6,75
1719461536967,563.6,75
1719461536967,563.6,75
1719461536967,563.6,75
1719461536967,563.6,75
1719461536967,563.6,75
1719461536967,563.6,75
1719461536967,563.6,75
1719461536967,563.6,75
1719461536967,563.6,75
1719461536967,563.6,75
1719461536967,563.6,75
1719461536967,563.6,75
1719461536967,563.6,75
1719461536967,563.6,75
1719461536967,563.6,75
1719461536967,563.6,75
1719461536967,563.6,75
1719461536967,563.6,75
1719461536967,563.6,75
1719461536967,563.6,75
1719461536967,563.6,75
1719461536967,563.6,75
1719461536967,563.6,75
1719461536967,563.6,75
1719461536967,563.6,75
1719461536967,563.6,75
1719461536967,563.6,75
1719461536967,563.6,75
1719461536967,563.6,75
1719461536967,563.6,75
1719461536967,563.6,75
1719461536967,563.6,75
1719461536967,563.6,75
1719461536967,563.6,75
1719461536967,563.6,75
1719461536967,563.6,75
1719461536967,563.6,75
1719461536967,563.6,75
1719461536967,563.6,75
1719461536967,563.6,75
1719461536967,563.6,75
1719461536967,563.6,75
1719461536967,563.6,75
1719461536967,563.6,75
1719461536967,563.6,75
1719461536967,563.6,75
1719461536967,563.6,75
1719461536967,563.6,75
1719461536967,563.6,75
1719461536967,563.6,75
1719461536967,563.6,75
1719461536967,563.6,75
1719461751823,573.15,25
1719461751823,573.15,25
1719461753231,580.95,50
1719461753231,580.95,50
1719461753231,580.95,50
1719461753231,580.95,50
1719461753231,580.95,50
1719461753231,580.95,50
1719461753231,580.95,50
1719461753231,580.95,50
1719461753231,580.95,50
1719461753231,580.95,50
1719461753231,580.95,50
1719461753231,580.95,50
1719461753231,580.95,50
1719461771713,580.1,50
1719461771713,580.1,50
1719461771713,580.1,50
1719461771713,580.1,50
1719461771713,580.1,50
1719461771713,580.1,50
1719461771713,580.1,50
1719461771713,580.1,50
1719461771713,580.1,50
1719461771713,580.1,50
1719461771713,580.1,50
1719461771713,580.1,50
1719461771713,580.1,50
1719461771713,580.1,50
1719461771713,580.1,50
1719461771713,580.1,50
1719461771713,580.1,50
1719461771713,580.1,50
1719461771713,580.1,50
1719461771713,580.1,50
1719461771713,580.1,50
1719461771713,580.1,50
1719461771713,580.1,50
1719461771713,580.1,50
1719461771713,580.1,50
1719461771713,580.1,50
1719461771713,580.1,50
1719461771713,580.1,50
1719461771713,580.1,50
1719461771713,580.1,50
1719461771713,580.1,50
1719461771713,580.1,50
1719461771713,580.1,50
1719461771713,580.1,50
1719461771713,580.1,50
1719461824196,581.4,25
1719461824196,581.4,25
1719461824196,581.4,25
1719461824196,581.4,25
1719461824196,581.4,25
1719461824196,581.4,25
1719461824196,581.4,25
1719461824196,581.4,25
1719461824196,581.4,25
1719461824196,581.4,25
1719461824196,581.4,25
1719461824196,581.4,25
1719461824196,581.4,25
1719461824196,581.4,25
1719461824196,581.4,25
1719461824196,581.4,25
1719461824196,581.4,25
1719461824196,581.4,25
1719461824196,581.4,25
1719461824196,581.4,25
1719461824196,581.4,25
1719461824196,581.4,25
1719461824196,581.4,25
1719461824196,581.4,25
1719461824196,581.4,25
1719461824196,581.4,25
1719461824196,581.4,25
1719461824196,581.4,25
1719461824196,581.4,25
1719461824196,581.4,25
1719461824196,581.4,25
1719461824196,581.4,25
1719461824196,581.4,25
1719461824196,581.4,25
1719461824196,581.4,25
1719461824196,581.4,25
1719461824196,581.4,25
1719461824196,581.4,25
1719461824196,581.4,25
1719461824196,581.4,25
1719461824196,581.4,25
1719461824196,581.4,25
1719461824196,581.4,25
1719461824196,581.4,25
1719461824196,581.4,25
1719461824196,581.4,25
1719461824196,581.4,25
1719461824196,581.4,25
1719461824196,581.4,25
1719461824196,581.4,25
1719461824196,581.4,25
1719461824196,581.4,25
1719461824196,581.4,25
1719461824196,581.4,25
1719461824196,581.4,25
1719461824196,581.4,25
1719461824196,581.4,25
1719461824196,581.4,25
1719461824196,581.4,25
1719461824196,581.4,25
1719461824196,581.4,25
1719461824196,581.4,25
1719461824196,581.4,25
1719461824196,581.4,25
1719461824196,581.4,25
1719461824196,581.4,25
1719461824196,581.4,25
1719461824196,581.4,25
1719461824196,581.4,25
1719461824196,581.4,25
1719461824196,581.4,25
1719461824196,581.4,25
1719461824196,581.4,25
1719461824196,581.4,25
1719461824196,581.4,25
1719461824196,581.4,25
1719461824196,581.4,25
1719461824196,581.4,25
1719461824196,581.4,25
1719461824196,581.4,25
1719461824196,581.4,25
1719461824196,581.4,25
1719461824196,581.4,25
1719461824196,581.4,25
1719461824196,581.4,25
1719461824196,581.4,25
1719461824196,581.4,25
1719461824196,581.4,25
1719461824196,581.4,25
1719461824196,581.4,25
1719461824196,581.4,25
1719461824196,581.4,25
1719461824196,581.4,25
1719461824196,581.4,25
1719461961364,580.0,25
1719461961364,580.0,25
1719461961364,580.0,25
1719461961364,580.0,25
1719461961364,580.0,25
1719461961364,580.0,25
1719461961364,580.0,25
1719461961364,580.0,25
1719461961364,580.0,25
1719461961364,580.0,25
1719461961364,580.0,25
1719461961364,580.0,25
1719461961364,580.0,25
1719461961364,580.0,25
1719461961364,580.0,25
1719461961364,580.0,25
1719461961364,580.0,25
1719461985164,582.0,25
1719461985164,582.0,25
1719461985164,582.0,25
1719461985164,582.0,25
1719461985164,582.0,25
1719461985164,582.0,25
1719461985164,582.0,25
1719461985164,582.0,25
1719461985164,582.0,25
1719461985164,582.0,25
1719461985164,582.0,25
1719461985164,582.0,25
1719461985164,582.0,25
1719461985164,582.0,25
1719461985164,582.0,25
1719462007079,585.0,25
1719462007079,585.0,25
1719462007079,585.0,25
1719462007079,585.0,25
1719462007079,585.0,25
1719462007079,585.0,25
1719462007079,585.0,25
1719462007079,585.0,25
1719462007079,585.0,25
1719462007079,585.0,25
1719462007079,585.0,25
1719462007079,585.0,25
1719462007079,585.0,25
1719462007079,585.0,25
1719462007079,585.0,25
1719462007079,585.0,25
1719462007079,585.0,25
1719462007079,585.0,25
1719462007079,585.0,25
1719462007079,585.0,25
1719462007079,585.0,25
1719462007079,585.0,25
1719462007079,585.0,25
1719462007079,585.0,25
1719462007079,585.0,25
1719462007079,585.0,25
1719462007079,585.0,25
1719462007079,585.0,25
1719462007079,585.0,25
1719462007079,585.0,25
1719462007079,585.0,25
1719462007079,585.0,25
1719462007079,585.0,25
1719462007079,585.0,25
1719462007079,585.0,25
1719462007079,585.0,25
1719462007079,585.0,25
1719462007079,585.0,25
1719462007079,585.0,25
1719462007079,585.0,25
1719462007079,585.0,25
1719462007079,585.0,25
1719462007079,585.0,25
1719462007079,585.0,25
1719462007079,585.0,25
1719462007079,585.0,25
1719462007079,585.0,25
1719462007079,585.0,25
1719462007079,585.0,25
1719462007079,585.0,25
1719462007079,585.0,25
1719462007079,585.0,25
1719462007079,585.0,25
1719462007079,585.0,25
1719462007079,585.0,25
1719462007079,585.0,25
1719462007079,585.0,25
1719462007079,585.0,25
1719462007079,585.0,25
1719462007079,585.0,25
1719462007079,585.0,25
1719462007079,585.0,25
1719462007079,585.0,25
1719462007079,585.0,25
1719462007079,585.0,25
1719462007079,585.0,25
1719462007079,585.0,25
1719462007079,585.0,25
1719462007079,585.0,25
1719462007079,585.0,25
1719462007079,585.0,25
1719462007079,585.0,25
1719462007079,585.0,25
1719462007079,585.0,25
1719462007079,585.0,25
1719462007079,585.0,25
1719462007079,585.0,25
1719462007079,585.0,25
1719462007079,585.0,25
1719462007079,585.0,25
1719462007079,585.0,25
1719462007079,585.0,25
1719462007079,585.0,25
1719462007079,585.0,25
1719462007079,585.0,25
1719462007079,585.0,25
1719462007079,585.0,25
1719462007079,585.0,25
1719462007079,585.0,25
1719462007079,585.0,25
1719462007079,585.0,25
1719462007079,585.0,25
1719462007079,585.0,25
1719462007079,585.0,25
1719462007079,585.0,25
1719462007079,585.0,25
1719462007079,585.0,25
1719462007079,585.0,25
1719462007079,585.0,25
1719462007079,585.0,25
1719462007079,585.0,25
1719462007079,585.0,25
1719462007079,585.0,25
1719462007079,585.0,25
1719462007079,585.0,25
1719462007079,585.0,25
1719462007079,585.0,25
1719462007079,585.0,25
1719462007079,585.0,25
1719462007079,585.0,25
1719462007079,585.0,25
1719462007079,585.0,25
1719462007079,585.0,25
1719462007079,585.0,25
1719462007079,585.0,25
1719462007079,585.0,25
1719462007079,585.0,25
1719462007079,585.0,25
1719462007079,585.0,25
1719462007079,585.0,25
1719462007079,585.0,25
1719462007079,585.0,25
1719462007079,585.0,25
1719462007079,585.0,25
1719462007079,585.0,25
1719462007079,585.0,25
1719462007079,585.0,25
1719462007079,585.0,25
1719462007079,585.0,25
1719462007079,585.0,25
1719462007079,585.0,25
1719462007079,585.0,25
1719462007079,585.0,25
1719462007079,585.0,25
1719462007079,585.0,25
1719462007079,585.0,25
1719462007079,585.0,25
1719462007079,585.0,25
1719462007079,585.0,25
1719462007079,585.0,25
1719462007079,585.0,25
1719462007079,585.0,25
1719462007079,585.0,25
1719462007079,585.0,25
1719462007079,585.0,25
1719462007079,585.0,25
1719462007079,585.0,25
1719462007079,585.0,25
1719462007079,585.0,25
1719462007079,585.0,25
1719462007079,585.0,25
1719462007079,585.0,25
1719462007079,585.0,25
1719462007079,585.0,25
1719462007079,585.0,25
1719462007079,585.0,25
1719462007079,585.0,25
1719462007079,585.0,25
1719462007079,585.0,25
1719462007079,585.0,25
1719462007079,585.0,25
1719462007079,585.0,25
1719462007079,585.0,25
1719462007079,585.0,25
1719462007079,585.0,25
1719462007079,585.0,25
1719462007079,585.0,25
1719462007079,585.0,25
1719462007079,585.0,25
1719462007079,585.0,25
1719462007079,585.0,25
1719462007079,585.0,25
1719462007079,585.0,25
1719462007079,585.0,25
1719462007079,585.0,25
1719462007079,585.0,25
1719462007079,585.0,25
1719462007079,585.0,25
1719462007079,585.0,25
1719462007079,585.0,25
1719462007079,585.0,25
1719462007079,585.0,25
1719462007079,585.0,25
1719462007079,585.0,25
1719462007079,585.0,25
1719462007079,585.0,25
1719462007079,585.0,25
1719462007079,585.0,25
1719462007079,585.0,25
1719462007079,585.0,25
1719462007079,585.0,25
1719462007079,585.0,25
1719462007079,585.0,25
1719462007079,585.0,25
1719462007079,585.0,25
1719462007079,585.0,25
1719462007079,585.0,25
1719462007079,585.0,25
1719462007079,585.0,25
1719462007079,585.0,25
1719462316412,583.15,25
1719462316412,583.15,25
1719462316412,583.15,25
1719462316412,583.15,25
1719462316412,583.15,25
1719462316412,583.15,25
1719462316412,583.15,25
1719462316412,583.15,25
1719462316412,583.15,25
1719462316412,583.15,25
1719462316412,583.15,25
1719462316412,583.15,25
1719462316412,583.15,25
1719462316412,583.15,25
1719462316412,583.15,25
1719462316412,583.15,25
1719462316412,583.15,25
1719462316412,583.15,25
1719462316412,583.15,25
1719462316412,583.15,25
1719462316412,583.15,25
1719462316412,583.15,25
1719462316412,583.15,25
1719462316412,583.15,25
1719462316412,583.15,25
1719462316412,583.15,25
1719462316412,583.15,25
1719462316412,583.15,25
1719462316412,583.15,25
1719462316412,583.15,25
1719462316412,583.15,25
1719462316412,583.15,25
1719462316412,583.15,25
1719462316412,583.15,25
1719462316412,583.15,25
1719462316412,583.15,25
1719462316412,583.15,25
1719462316412,583.15,25
1719462316412,583.15,25
1719462316412,583.15,25
1719462316412,583.15,25
1719462316412,583.15,25
1719462316412,583.15,25
1719462316412,583.15,25
1719462316412,583.15,25
1719462316412,583.15,25
1719462316412,583.15,25
1719462316412,583.15,25
1719462316412,583.15,25
1719462316412,583.15,25
1719462316412,583.15,25
1719462316412,583.15,25
1719462316412,583.15,25
1719462316412,583.15,25
1719462316412,583.15,25
1719462316412,583.15,25
1719462400631,587.3,50
1719462400631,587.3,50
1719462400631,587.3,50
1719462400631,587.3,50
1719462400631,587.3,50
1719462400631,587.3,50
1719462400631,587.3,50
1719462400631,587.3,50
1719462400631,587.3,50
1719462400631,587.3,50
1719462413980,592.45,25
1719462413980,592.45,25
1719462413980,592.45,25
1719462413980,592.45,25
1719462419090,600.0,50
1719462419090,600.0,50
1719462419090,600.0,50
1719462419090,600.0,50
1719462419090,600.0,50
1719462419090,600.0,50
1719462419090,600.0,50
1719462419090,600.0,50
1719462419090,600.0,50
1719462419090,600.0,50
1719462432003,603.95,50
1719462432003,603.95,50
1719462432003,603.95,50
1719462432003,603.95,50
1719462432003,603.95,50
1719462432003,603.95,50
1719462432003,603.95,50
1719462432003,603.95,50
1719462442697,602.1,50
1719462442697,602.1,50
1719462442697,602.1,50
1719462442697,602.1,50
1719462442697,602.1,50
1719462442697,602.1,50
1719462442697,602.1,50
1719462442697,602.1,50
1719462442697,602.1,50
1719462442697,602.1,50
1719462442697,602.1,50
1719462457397,604.1,50
1719462457397,604.1,50
1719462457397,604.1,50
1719462457397,604.1,50
1719462457397,604.1,50
1719462457397,604.1,50
1719462466052,607.4,50
1719462466052,607.4,50
1719462466052,607.4,50
1719462466052,607.4,50
1719462466052,607.4,50
1719462466052,607.4,50
1719462466052,607.4,50
1719462466052,607.4,50
1719462466052,607.4,50
1719462466052,607.4,50
1719462466052,607.4,50
1719462480391,615.9,50
1719462480391,615.9,50
1719462482503,620.0,25
1719462482503,620.0,25
1719462482503,620.0,25
1719462482503,620.0,25
1719462482503,620.0,25
1719462482503,620.0,25
1719462482503,620.0,25
1719462482503,620.0,25
1719462482503,620.0,25
1719462482503,620.0,25
1719462482503,620.0,25
1719462482503,620.0,25
1719462482503,620.0,25
1719462482503,620.0,25
1719462482503,620.0,25
1719462482503,620.0,25
1719462482503,620.0,25
1719462482503,620.0,25
1719462482503,620.0,25
1719462482503,620.0,25
1719462482503,620.0,25
1719462482503,620.0,25
1719462482503,620.0,25
1719462482503,620.0,25
1719462482503,620.0,25
1719462482503,620.0,25
1719462482503,620.0,25
1719462482503,620.0,25
1719462482503,620.0,25
1719462482503,620.0,25
1719462482503,620.0,25
1719462482503,620.0,25
1719462482503,620.0,25
1719462482503,620.0,25
1719462482503,620.0,25
1719462482503,620.0,25
1719462482503,620.0,25
1719462482503,620.0,25
1719462482503,620.0,25
1719462482503,620.0,25
1719462482503,620.0,25
1719462482503,620.0,25
1719462482503,620.0,25
1719462482503,620.0,25
1719462482503,620.0,25
1719462482503,620.0,25
1719462482503,620.0,25
1719462482503,620.0,25
1719462482503,620.0,25
1719462482503,620.0,25
1719462482503,620.0,25
1719462482503,620.0,25
1719462482503,620.0,25
1719462482503,620.0,25
1719462482503,620.0,25
1719462482503,620.0,25
1719462482503,620.0,25
1719462482503,620.0,25
1719462482503,620.0,25
1719462482503,620.0,25
1719462482503,620.0,25
1719462482503,620.0,25
1719462482503,620.0,25
1719462482503,620.0,25
1719462482503,620.0,25
1719462482503,620.0,25
1719462482503,620.0,25
1719462482503,620.0,25
1719462482503,620.0,25
1719462482503,620.0,25
1719462482503,620.0,25
1719462482503,620.0,25
1719462482503,620.0,25
1719462482503,620.0,25
1719462482503,620.0,25
1719462482503,620.0,25
1719462482503,620.0,25
1719462482503,620.0,25
1719462482503,620.0,25
1719462482503,620.0,25
1719462482503,620.0,25
1719462482503,620.0,25
1719462482503,620.0,25
1719462482503,620.0,25
1719462482503,620.0,25
1719462482503,620.0,25
1719462482503,620.0,25
1719462482503,620.0,25
1719462482503,620.0,25
1719462482503,620.0,25
1719462482503,620.0,25
1719462482503,620.0,25
1719462482503,620.0,25
1719462482503,620.0,25
1719462482503,620.0,25
1719462482503,620.0,25
1719462632599,622.3,50
1719462632599,622.3,50
1719462633083,622.5,50
1719462633083,622.5,50
1719462633083,622.5,50
1719462633083,622.5,50
1719462633083,622.5,50
1719462639348,624.6,50
1719462639348,624.6,50
1719462639348,624.6,50
1719462639348,624.6,50
1719462639348,624.6,50
1719462639348,624.6,50
1719462639348,624.6,50
1719462639348,624.6,50
1719462639348,624.6,50
1719462639348,624.6,50
1719462639348,624.6,50
1719462639348,624.6,50
1719462639348,624.6,50
1719462639348,624.6,50
1719462639348,624.6,50
1719462639348,624.6,50
1719462661982,629.9,50
1719462661982,629.9,50
1719462661982,629.9,50
1719462661982,629.9,50
1719462661982,629.9,50
1719462661982,629.9,50
1719462661982,629.9,50
1719462661982,629.9,50
1719462661982,629.9,50
1719462661982,629.9,50
1719462661982,629.9,50
1719462661982,629.9,50
1719462661982,629.9,50
1719462661982,629.9,50
1719462661982,629.9,50
1719462661982,629.9,50
1719462661982,629.9,50
1719462661982,629.9,50
1719462661982,629.9,50
1719462661982,629.9,50
1719462661982,629.9,50
1719462661982,629.9,50
1719462661982,629.9,50
1719462738473,644.25,25
1719462738473,644.25,25
1719462738473,644.25,25
1719462738473,644.25,25
1719462738473,644.25,25
1719462738473,644.25,25
1719462738473,644.25,25
1719462738473,644.25,25
1719462738473,644.25,25
1719462738473,644.25,25
1719462738473,644.25,25
1719462738473,644.25,25
1719462738473,644.25,25
1719462738473,644.25,25
1719462756738,643.55,50
1719462756738,643.55,50
1719462756738,643.55,50
1719462756738,643.55,50
1719462756738,643.55,50
1719462756738,643.55,50
1719462756738,643.55,50
1719462756738,643.55,50
1719462756738,643.55,50
1719462756738,643.55,50
1719462756738,643.55,50
1719462756738,643.55,50
1719462756738,643.55,50
1719462756738,643.55,50
1719462756738,643.55,50
1719462756738,643.55,50
1719462781141,651.3,25
1719462781141,651.3,25
1719462781141,651.3,25
1719462781141,651.3,25
1719462781141,651.3,25
1719462781141,651.3,25
1719462781141,651.3,25
1719462781141,651.3,25
1719462781141,651.3,25
1719462781141,651.3,25
1719462781141,651.3,25
1719462781141,651.3,25
1719462781141,651.3,25
1719462781141,651.3,25
1719462781141,651.3,25
1719462781141,651.3,25
1719462781141,651.3,25
1719462781141,651.3,25
1719462781141,651.3,25
1719462781141,651.3,25
1719462781141,651.3,25
1719462781141,651.3,25
1719462813311,645.75,50
1719462813311,645.75,50
1719462813311,645.75,50
1719462813311,645.75,50
1719462813311,645.75,50
1719462813311,645.75,50
1719462813311,645.75,50
1719462813311,645.75,50
1719462813311,645.75,50
1719462825652,640.8,100
1719462825652,640.8,100
1719462825652,640.8,100
1719462825652,640.8,100
1719462825652,640.8,100
1719462825652,640.8,100
1719462825652,640.8,100
1719462825652,640.8,100
1719462825652,640.8,100
1719462825652,640.8,100
1719462825652,640.8,100
1719462825652,640.8,100
1719462825652,640.8,100
1719462825652,640.8,100
1719462825652,640.8,100
1719462825652,640.8,100
1719462825652,640.8,100
1719462825652,640.8,100
1719462825652,640.8,100
1719462825652,640.8,100
1719462825652,640.8,100
1719462825652,640.8,100
1719462825652,640.8,100
1719462825652,640.8,100
1719462825652,640.8,100
1719462825652,640.8,100
1719462865443,646.35,50
1719462865443,646.35,50
1719462865443,646.35,50
1719462865443,646.35,50
1719463133709,650.55,25
1719463133709,650.55,25
1719463133709,650.55,25
1719463308344,652.2,25
1719463308344,652.2,25
1719463308344,652.2,25
1719463308344,652.2,25
1719463308344,652.2,25
1719463308344,652.2,25
1719463308344,652.2,25
1719463308344,652.2,25
1719463308344,652.2,25
1719463308344,652.2,25
1719463308344,652.2,25
1719463308344,652.2,25
1719463308344,652.2,25
1719463308344,652.2,25
1719463308344,652.2,25
1719463308344,652.2,25
1719463308344,652.2,25
1719463308344,652.2,25
1719463308344,652.2,25
1719463308344,652.2,25
1719463308344,652.2,25
1719463308344,652.2,25
1719463308344,652.2,25
1719463308344,652.2,25
1719463308344,652.2,25
1719463308344,652.2,25
1719463308344,652.2,25
1719463308344,652.2,25
1719463308344,652.2,25
1719463308344,652.2,25
1719463308344,652.2,25
1719463308344,652.2,25
1719463308344,652.2,25
1719463308344,652.2,25
1719463308344,652.2,25
1719463308344,652.2,25
1719463308344,652.2,25
1719463308344,652.2,25
1719463308344,652.2,25
1719463308344,652.2,25
1719463308344,652.2,25
1719463308344,652.2,25
1719463308344,652.2,25
1719463390895,655.95,25
1719463390895,655.95,25
1719463390895,655.95,25
1719463390895,655.95,25
1719463390895,655.95,25
1719463390895,655.95,25
1719463390895,655.95,25
1719463390895,655.95,25
1719463390895,655.95,25
1719463390895,655.95,25
1719463390895,655.95,25
1719463390895,655.95,25
1719463390895,655.95,25
1719463390895,655.95,25
1719463390895,655.95,25
1719463390895,655.95,25
1719463390895,655.95,25
1719463390895,655.95,25
1719463390895,655.95,25
1719463390895,655.95,25
1719463390895,655.95,25
1719463390895,655.95,25
1719463390895,655.95,25
1719463390895,655.95,25
1719463390895,655.95,25
1719463390895,655.95,25
1719463390895,655.95,25
1719463390895,655.95,25
1719463390895,655.95,25
1719463390895,655.95,25
1719463390895,655.95,25
1719463390895,655.95,25
1719463390895,655.95,25
1719463390895,655.95,25
1719463390895,655.95,25
1719463390895,655.95,25
1719463390895,655.95,25
1719463390895,655.95,25
1719463390895,655.95,25
1719463390895,655.95,25
1719463390895,655.95,25
1719463390895,655.95,25
1719463390895,655.95,25
1719463390895,655.95,25
1719463390895,655.95,25
1719463390895,655.95,25
1719463390895,655.95,25
1719463390895,655.95,25
1719463390895,655.95,25
1719463390895,655.95,25
1719463390895,655.95,25
1719463390895,655.95,25
1719463390895,655.95,25
1719463390895,655.95,25
1719463390895,655.95,25
1719463390895,655.95,25
1719463390895,655.95,25
1719463390895,655.95,25
1719463390895,655.95,25
1719463390895,655.95,25
1719463390895,655.95,25
1719463390895,655.95,25
1719463390895,655.95,25
1719463390895,655.95,25
1719463390895,655.95,25
1719463390895,655.95,25
1719463390895,655.95,25
1719463390895,655.95,25
1719463390895,655.95,25
1719463390895,655.95,25
1719463390895,655.95,25
1719463390895,655.95,25
1719463390895,655.95,25
1719463390895,655.95,25
1719463390895,655.95,25
1719463390895,655.95,25
1719463390895,655.95,25
1719463390895,655.95,25
1719463390895,655.95,25
1719463390895,655.95,25
1719463390895,655.95,25
1719463390895,655.95,25
1719463390895,655.95,25
1719463390895,655.95,25
1719463390895,655.95,25
1719463390895,655.95,25
1719463390895,655.95,25
1719463390895,655.95,25
1719463390895,655.95,25
1719463390895,655.95,25
1719463390895,655.95,25
1719463390895,655.95,25
1719463390895,655.95,25
1719463390895,655.95,25
1719463390895,655.95,25
1719463390895,655.95,25
1719463390895,655.95,25
1719463390895,655.95,25
1719463390895,655.95,25
1719463390895,655.95,25
1719463390895,655.95,25
1719463390895,655.95,25
1719463390895,655.95,25
1719463390895,655.95,25
1719463390895,655.95,25
1719463390895,655.95,25
1719463390895,655.95,25
1719463390895,655.95,25
1719463390895,655.95,25
1719463390895,655.95,25
1719463390895,655.95,25
1719463390895,655.95,25
1719463390895,655.95,25
1719463390895,655.95,25
1719463390895,655.95,25
1719463390895,655.95,25
1719463390895,655.95,25
1719463390895,655.95,25
1719463390895,655.95,25
1719463390895,655.95,25
1719463390895,655.95,25
1719463390895,655.95,25
1719463390895,655.95,25
1719463390895,655.95,25
1719463390895,655.95,25
1719463390895,655.95,25
1719463390895,655.95,25
1719463390895,655.95,25
1719463390895,655.95,25
1719463390895,655.95,25
1719463390895,655.95,25
1719463390895,655.95,25
1719463390895,655.95,25
1719463390895,655.95,25
1719463390895,655.95,25
1719463390895,655.95,25
1719463390895,655.95,25
1719463390895,655.95,25
1719463390895,655.95,25
1719463390895,655.95,25
1719463390895,655.95,25
1719463390895,655.95,25
1719463390895,655.95,25
1719463390895,655.95,25
1719463390895,655.95,25
1719463390895,655.95,25
1719463390895,655.95,25
1719463390895,655.95,25
1719463390895,655.95,25
1719463390895,655.95,25
1719463390895,655.95,25
1719463390895,655.95,25
1719463390895,655.95,25
1719463390895,655.95,25
1719463390895,655.95,25
1719463390895,655.95,25
1719463390895,655.95,25
1719463390895,655.95,25
1719463390895,655.95,25
1719463390895,655.95,25
1719463390895,655.95,25
1719463390895,655.95,25
1719463390895,655.95,25
1719463390895,655.95,25
1719463390895,655.95,25
1719463390895,655.95,25
1719463390895,655.95,25
1719463390895,655.95,25
1719463390895,655.95,25
1719463390895,655.95,25
1719463390895,655.95,25
1719463390895,655.95,25
1719463390895,655.95,25
1719463390895,655.95,25
1719463390895,655.95,25
1719463668225,644.75,25
1719463668225,644.75,25
1719463668225,644.75,25
1719463668225,644.75,25
1719463668225,644.75,25
1719463668225,644.75,25
1719463668225,644.75,25
1719463668225,644.75,25
1719463668225,644.75,25
1719463668225,644.75,25
1719463668225,644.75,25
1719463668225,644.75,25
1719463668225,644.75,25
1719463668225,644.75,25
1719463668225,644.75,25
1719463668225,644.75,25
1719463668225,644.75,25
1719463668225,644.75,25
1719463668225,644.75,25
1719463668225,644.75,25
1719463668225,644.75,25
1719463668225,644.75,25
1719463668225,644.75,25
1719463668225,644.75,25
1719463668225,644.75,25
1719463668225,644.75,25
1719463668225,644.75,25
1719463668225,644.75,25
1719463668225,644.75,25
1719463668225,644.75,25
1719463668225,644.75,25
1719463668225,644.75,25
1719463716226,648.6,25
1719463716226,648.6,25
1719463716226,648.6,25
1719463716226,648.6,25
1719463716226,648.6,25
1719463716226,648.6,25
1719463716226,648.6,25
1719463716226,648.6,25
1719463716226,648.6,25
1719463716226,648.6,25
1719463716226,648.6,25
1719463716226,648.6,25
1719463735141,650.2,150
1719463735141,650.2,150
1719463735141,650.2,150
1719463735141,650.2,150
1719463735141,650.2,150
1719463735141,650.2,150
1719463735141,650.2,150
1719463735141,650.2,150
1719463735141,650.2,150
1719463735141,650.2,150
1719463735141,650.2,150
1719463735141,650.2,150
1719463735141,650.2,150
1719463735141,650.2,150
1719463735141,650.2,150
1719463735141,650.2,150
1719463735141,650.2,150
1719463735141,650.2,150
1719463735141,650.2,150
1719463735141,650.2,150
1719463735141,650.2,150
1719463735141,650.2,150
1719463735141,650.2,150
1719463735141,650.2,150
1719463735141,650.2,150
1719463735141,650.2,150
1719463735141,650.2,150
1719463735141,650.2,150
1719463735141,650.2,150
1719463735141,650.2,150
1719463735141,650.2,150
1719463735141,650.2,150
1719463735141,650.2,150
1719463735141,650.2,150
1719463735141,650.2,150
1719463735141,650.2,150
1719463788165,649.8,25
1719463788165,649.8,25
1719463788165,649.8,25
1719463788165,649.8,25
1719463788165,649.8,25
1719463788165,649.8,25
1719463788165,649.8,25
1719463788165,649.8,25
1719463788165,649.8,25
1719463788165,649.8,25
1719463788165,649.8,25
1719463788165,649.8,25
1719463788165,649.8,25
1719463788165,649.8,25
1719463788165,649.8,25
1719463788165,649.8,25
1719463788165,649.8,25
1719463788165,649.8,25
1719463788165,649.8,25
1719463788165,649.8,25
1719463788165,649.8,25
1719463788165,649.8,25
1719463788165,649.8,25
1719463788165,649.8,25
1719463788165,649.8,25
1719463788165,649.8,25
1719463788165,649.8,25
1719463788165,649.8,25
1719463788165,649.8,25
1719463788165,649.8,25
1719463833691,651.25,25
1719463833691,651.25,25
1719463833691,651.25,25
1719463833691,651.25,25
1719463833691,651.25,25
1719463833691,651.25,25
1719463833691,651.25,25
1719463833691,651.25,25
1719463833691,651.25,25
1719463833691,651.25,25
1719463833691,651.25,25
1719463833691,651.25,25
1719463833691,651.25,25
1719463833691,651.25,25
1719463833691,651.25,25
1719463833691,651.25,25
1719463833691,651.25,25
1719463833691,651.25,25
1719463833691,651.25,25
1719463833691,651.25,25
1719463833691,651.25,25
1719463833691,651.25,25
1719463833691,651.25,25
1719463833691,651.25,25
1719463833691,651.25,25
1719463833691,651.25,25
1719463833691,651.25,25
1719463833691,651.25,25
1719463833691,651.25,25
1719463833691,651.25,25
1719463833691,651.25,25
1719463833691,651.25,25
1719463833691,651.25,25
1719463833691,651.25,25
1719463833691,651.25,25
1719463833691,651.25,25
1719463833691,651.25,25
1719463833691,651.25,25
1719463833691,651.25,25
1719463833691,651.25,25
1719463833691,651.25,25
1719463833691,651.25,25
1719463833691,651.25,25
1719463833691,651.25,25
1719463833691,651.25,25
1719463833691,651.25,25
1719463833691,651.25,25
1719463833691,651.25,25
1719463833691,651.25,25
1719463833691,651.25,25
1719463833691,651.25,25
1719463833691,651.25,25
1719463833691,651.25,25
1719463833691,651.25,25
1719463833691,651.25,25
1719463833691,651.25,25
1719463833691,651.25,25
1719463833691,651.25,25
1719463833691,651.25,25
1719463833691,651.25,25
1719463833691,651.25,25
1719463833691,651.25,25
1719463833691,651.25,25
1719463833691,651.25,25
1719463833691,651.25,25
1719463935445,655.95,25
1719463935445,655.95,25
1719463935445,655.95,25
1719463935445,655.95,25
1719463935445,655.95,25
1719463935445,655.95,25
1719463935445,655.95,25
1719463935445,655.95,25
1719463935445,655.95,25
1719463935445,655.95,25
1719463935445,655.95,25
1719463935445,655.95,25
1719463935445,655.95,25
1719463935445,655.95,25
1719463935445,655.95,25
1719463935445,655.95,25
1719463935445,655.95,25
1719463935445,655.95,25
1719463935445,655.95,25
1719463935445,655.95,25
1719463935445,655.95,25
1719463935445,655.95,25
1719463935445,655.95,25
1719463935445,655.95,25
1719463935445,655.95,25
1719463935445,655.95,25
1719463935445,655.95,25
1719463935445,655.95,25
1719463935445,655.95,25
1719463935445,655.95,25
1719463935445,655.95,25
1719463935445,655.95,25
1719463935445,655.95,25
1719463935445,655.95,25
1719463935445,655.95,25
1719463935445,655.95,25
1719463935445,655.95,25
1719463935445,655.95,25
1719463935445,655.95,25
1719463935445,655.95,25
1719463935445,655.95,25
1719463935445,655.95,25
1719463935445,655.95,25
1719463935445,655.95,25
1719463935445,655.95,25
1719463935445,655.95,25
1719463935445,655.95,25
1719463935445,655.95,25
1719463935445,655.95,25
1719463935445,655.95,25
1719463935445,655.95,25
1719463935445,655.95,25
1719463935445,655.95,25
1719463935445,655.95,25
1719463935445,655.95,25
1719463935445,655.95,25
1719463935445,655.95,25
1719463935445,655.95,25
1719463935445,655.95,25
1719463935445,655.95,25
1719463935445,655.95,25
1719463935445,655.95,25
1719463935445,655.95,25
1719463935445,655.95,25
1719463935445,655.95,25
1719463935445,655.95,25
1719463935445,655.95,25
1719463935445,655.95,25
1719463935445,655.95,25
1719463935445,655.95,25
1719463935445,655.95,25
1719463935445,655.95,25
1719463935445,655.95,25
1719463935445,655.95,25
1719463935445,655.95,25
1719463935445,655.95,25
1719463935445,655.95,25
1719463935445,655.95,25
1719463935445,655.95,25
1719463935445,655.95,25
1719463935445,655.95,25
1719463935445,655.95,25
1719463935445,655.95,25
1719463935445,655.95,25
1719463935445,655.95,25
1719463935445,655.95,25
1719463935445,655.95,25
1719463935445,655.95,25
1719463935445,655.95,25
1719463935445,655.95,25
1719463935445,655.95,25
1719463935445,655.95,25
1719463935445,655.95,25
1719463935445,655.95,25
1719463935445,655.95,25
1719463935445,655.95,25
1719463935445,655.95,25
1719463935445,655.95,25
1719463935445,655.95,25
1719463935445,655.95,25
1719463935445,655.95,25
1719463935445,655.95,25
1719463935445,655.95,25
1719463935445,655.95,25
1719463935445,655.95,25
1719463935445,655.95,25
1719463935445,655.95,25
1719463935445,655.95,25
1719463935445,655.95,25
1719463935445,655.95,25
1719463935445,655.95,25
1719463935445,655.95,25
1719463935445,655.95,25
1719464107371,645.15,25
1719464107371,645.15,25
1719464107371,645.15,25
1719464107371,645.15,25
1719464107371,645.15,25
1719464107371,645.15,25
1719464107371,645.15,25
1719464107371,645.15,25
1719464107371,645.15,25
1719464107371,645.15,25
1719464107371,645.15,25
1719464107371,645.15,25
1719464107371,645.15,25
1719464107371,645.15,25
1719464107371,645.15,25
1719464107371,645.15,25
1719464107371,645.15,25
1719464107371,645.15,25
1719464107371,645.15,25
1719464107371,645.15,25
1719464107371,645.15,25
1719464107371,645.15,25
1719464107371,645.15,25
1719464107371,645.15,25
1719464107371,645.15,25
1719464107371,645.15,25
1719464107371,645.15,25
1719464107371,645.15,25
1719464107371,645.15,25
1719464152914,646.7,25
1719464152914,646.7,25
1719464152914,646.7,25
1719464152914,646.7,25
1719464152914,646.7,25
1719464152914,646.7,25
1719464152914,646.7,25
1719464152914,646.7,25
1719464152914,646.7,25
1719464152914,646.7,25
1719464152914,646.7,25
1719464152914,646.7,25
1719464152914,646.7,25
1719464152914,646.7,25
1719464152914,646.7,25
1719464152914,646.7,25
1719464152914,646.7,25
1719464152914,646.7,25
1719464152914,646.7,25
1719464152914,646.7,25
1719464181617,649.6,200
1719464181617,649.6,200
1719464181617,649.6,200
1719464181617,649.6,200
1719464181617,649.6,200
1719464181617,649.6,200
1719464181617,649.6,200
1719464181617,649.6,200
1719464181617,649.6,200
1719464181617,649.6,200
1719464181617,649.6,200
1719464181617,649.6,200
1719464181617,649.6,200
1719464181617,649.6,200
1719464181617,649.6,200
1719464181617,649.6,200
1719464181617,649.6,200
1719464181617,649.6,200
1719464181617,649.6,200
1719464181617,649.6,200
1719464181617,649.6,200
1719464181617,649.6,200
1719464181617,649.6,200
1719464181617,649.6,200
1719464181617,649.6,200
1719464181617,649.6,200
1719464181617,649.6,200
1719464222884,653.45,200
1719464222884,653.45,200
1719464222884,653.45,200
1719464222884,653.45,200
1719464222884,653.45,200
1719464222884,653.45,200
1719464222884,653.45,200
1719464222884,653.45,200
1719464222884,653.45,200
1719464222884,653.45,200
1719464222884,653.45,200
1719464222884,653.45,200
1719464222884,653.45,200
1719464222884,653.45,200
1719464222884,653.45,200
1719464222884,653.45,200
1719464222884,653.45,200
1719464222884,653.45,200
1719464222884,653.45,200
1719464222884,653.45,200
1719464222884,653.45,200
1719464222884,653.45,200
1719464222884,653.45,200
1719464222884,653.45,200
1719464222884,653.45,200
1719464222884,653.45,200
1719464222884,653.45,200
1719464222884,653.45,200
1719464222884,653.45,200
1719464222884,653.45,200
1719464222884,653.45,200
1719464222884,653.45,200
1719464222884,653.45,200
1719464222884,653.45,200
1719464222884,653.45,200
1719464222884,653.45,200
1719464222884,653.45,200
1719464222884,653.45,200
1719464222884,653.45,200
1719464222884,653.45,200
1719464222884,653.45,200
1719464222884,653.45,200
1719464222884,653.45,200
1719464222884,653.45,200
1719464222884,653.45,200
1719464222884,653.45,200
1719464222884,653.45,200
1719464222884,653.45,200
1719464222884,653.45,200
1719464222884,653.45,200
1719464222884,653.45,200
1719464222884,653.45,200
1719464222884,653.45,200
1719464222884,653.45,200
1719464222884,653.45,200
1719464222884,653.45,200
1719464222884,653.45,200
1719464222884,653.45,200
1719464222884,653.45,200
1719464222884,653.45,200
1719464222884,653.45,200
1719464222884,653.45,200
1719464222884,653.45,200
1719464222884,653.45,200
1719464222884,653.45,200
1719464222884,653.45,200
1719464222884,653.45,200
1719464222884,653.45,200
1719464222884,653.45,200
1719464222884,653.45,200
1719464333500,667.85,25
1719464333500,667.85,25
1719464333500,667.85,25
1719464333500,667.85,25
1719464333500,667.85,25
1719464333500,667.85,25
1719464333500,667.85,25
1719464333500,667.85,25
1719464333500,667.85,25
1719464333500,667.85,25
1719464333500,667.85,25
1719464333500,667.85,25
1719464333500,667.85,25
1719464333500,667.85,25
1719464333500,667.85,25
1719464333500,667.85,25
1719464333500,667.85,25
1719464333500,667.85,25
1719464333500,667.85,25
1719464333500,667.85,25
1719464333500,667.85,25
1719464333500,667.85,25
1719464333500,667.85,25
1719464333500,667.85,25
1719464367889,665.0,25
1719464367889,665.0,25
1719464367889,665.0,25
1719464367889,665.0,25
1719464367889,665.0,25
1719464367889,665.0,25
1719464367889,665.0,25
1719464367889,665.0,25
1719464367889,665.0,25
1719464367889,665.0,25
1719464367889,665.0,25
1719464367889,665.0,25
1719464367889,665.0,25
1719464367889,665.0,25
1719464367889,665.0,25
1719464367889,665.0,25
1719464367889,665.0,25
1719464367889,665.0,25
1719464367889,665.0,25
1719464367889,665.0,25
1719464367889,665.0,25
1719464367889,665.0,25
1719464367889,665.0,25
1719464367889,665.0,25
1719464367889,665.0,25
1719464367889,665.0,25
1719464367889,665.0,25
1719464367889,665.0,25
1719464367889,665.0,25
1719464367889,665.0,25
1719464367889,665.0,25
1719464367889,665.0,25
1719464367889,665.0,25
1719464367889,665.0,25
1719464367889,665.0,25
1719464367889,665.0,25
1719464367889,665.0,25
1719464367889,665.0,25
1719464367889,665.0,25
1719464367889,665.0,25
1719464367889,665.0,25
1719464367889,665.0,25
1719464367889,665.0,25
1719464367889,665.0,25
1719464367889,665.0,25
1719464367889,665.0,25
1719464367889,665.0,25
1719464367889,665.0,25
1719464367889,665.0,25
1719464367889,665.0,25
1719464367889,665.0,25
1719464367889,665.0,25
1719464367889,665.0,25
1719464367889,665.0,25
1719464367889,665.0,25
1719464367889,665.0,25
1719464367889,665.0,25
1719464367889,665.0,25
1719464367889,665.0,25
1719464367889,665.0,25
1719464367889,665.0,25
1719464367889,665.0,25
1719464367889,665.0,25
1719464367889,665.0,25
1719464367889,665.0,25
1719464367889,665.0,25
1719464367889,665.0,25
1719464367889,665.0,25
1719464367889,665.0,25
1719464367889,665.0,25
1719464367889,665.0,25
1719464367889,665.0,25
1719464367889,665.0,25
1719464367889,665.0,25
1719464367889,665.0,25
1719464367889,665.0,25
1719464367889,665.0,25
1719464367889,665.0,25
1719464367889,665.0,25
1719464367889,665.0,25
1719464367889,665.0,25
1719464367889,665.0,25
1719464494504,663.55,25
1719464494504,663.55,25
1719464494504,663.55,25
1719464494504,663.55,25
1719464494504,663.55,25
1719464494504,663.55,25
1719464494504,663.55,25
1719464494504,663.55,25
1719464494504,663.55,25
1719464494504,663.55,25
1719464494504,663.55,25
1719464494504,663.55,25
1719464494504,663.55,25
1719464494504,663.55,25
1719464494504,663.55,25
1719464494504,663.55,25
1719464494504,663.55,25
1719464494504,663.55,25
1719464494504,663.55,25
1719464494504,663.55,25
1719464494504,663.55,25
1719464494504,663.55,25
1719464494504,663.55,25
1719464494504,663.55,25
1719464494504,663.55,25
1719464494504,663.55,25
1719464494504,663.55,25
1719464494504,663.55,25
1719464494504,663.55,25
1719464494504,663.55,25
1719464494504,663.55,25
1719464494504,663.55,25
1719464494504,663.55,25
1719464494504,663.55,25
1719464494504,663.55,25
1719464494504,663.55,25
1719464494504,663.55,25
1719464494504,663.55,25
1719464494504,663.55,25
1719464494504,663.55,25
1719464494504,663.55,25
1719464494504,663.55,25
1719464494504,663.55,25
1719464494504,663.55,25
1719464494504,663.55,25
1719464494504,663.55,25
1719464494504,663.55,25
1719464494504,663.55,25
1719464494504,663.55,25
1719464494504,663.55,25
1719464494504,663.55,25
1719464494504,663.55,25
1719464494504,663.55,25
1719464494504,663.55,25
1719464494504,663.55,25
1719464494504,663.55,25
1719464494504,663.55,25
1719464494504,663.55,25
1719464494504,663.55,25
1719464494504,663.55,25
1719464494504,663.55,25
1719464494504,663.55,25
1719464494504,663.55,25
1719464494504,663.55,25
1719464494504,663.55,25
1719464494504,663.55,25
1719464494504,663.55,25
1719464494504,663.55,25
1719464494504,663.55,25
1719464494504,663.55,25
1719464494504,663.55,25
1719464601322,640.0,50
1719464601322,640.0,50
1719464601322,640.0,50
1719464601322,640.0,50
1719464601322,640.0,50
1719464601322,640.0,50
1719464601322,640.0,50
1719464601322,640.0,50
1719464611871,619.0,125
1719464611871,619.0,125
1719464612223,612.5,50
1719464612974,603.0,125
1719464612974,603.0,125
1719464612974,603.0,125
1719464614522,597.75,50
1719464614522,597.75,50
1719464614522,597.75,50
1719464614522,597.75,50
1719464614522,597.75,50
1719464614522,597.75,50
1719464614522,597.75,50
1719464614522,597.75,50
1719464630039,624.65,25
1719464630039,624.65,25
1719464630039,624.65,25
1719464630039,624.65,25
1719464630039,624.65,25
1719464630039,624.65,25
1719464630039,624.65,25
1719464630039,624.65,25
1719464630039,624.65,25
1719464630039,624.65,25
1719464630039,624.65,25
1719464630039,624.65,25
1719464630039,624.65,25
1719464630039,624.65,25
1719464630039,624.65,25
1719464630039,624.65,25
1719464630039,624.65,25
1719464630039,624.65,25
1719464630039,624.65,25
1719464630039,624.65,25
1719464630039,624.65,25
1719464630039,624.65,25
1719464630039,624.65,25
1719464630039,624.65,25
1719464630039,624.65,25
1719464630039,624.65,25
1719464630039,624.65,25
1719464630039,624.65,25
1719464630039,624.65,25
1719464630039,624.65,25
1719464630039,624.65,25
1719464630039,624.65,25
1719464630039,624.65,25
1719464630039,624.65,25
1719464630039,624.65,25
1719464630039,624.65,25
1719464630039,624.65,25
1719464630039,624.65,25
1719464630039,624.65,25
1719464630039,624.65,25
1719464630039,624.65,25
1719464630039,624.65,25
1719464695827,612.1,50
1719464695827,612.1,50
1719464697108,611.4,25
1719464697108,611.4,25
1719464697108,611.4,25
1719464697108,611.4,25
1719464697108,611.4,25
1719464697108,611.4,25
1719464697108,611.4,25
1719464697108,611.4,25
1719464697108,611.4,25
1719464697108,611.4,25
1719464697108,611.4,25
1719464697108,611.4,25
1719464697108,611.4,25
1719464697108,611.4,25
1719464697108,611.4,25
1719464697108,611.4,25
1719464697108,611.4,25
1719464697108,611.4,25
1719464697108,611.4,25
1719464697108,611.4,25
1719464697108,611.4,25
1719464727874,610.9,25
1719464727874,610.9,25
1719464727874,610.9,25
1719464727874,610.9,25
1719464727874,610.9,25
1719464727874,610.9,25
1719464733471,612.55,25
1719464733471,612.55,25
1719464733471,612.55,25
1719464733471,612.55,25
1719464733471,612.55,25
1719464733471,612.55,25
1719464733471,612.55,25
1719464733471,612.55,25
1719464733471,612.55,25
1719464733471,612.55,25
1719464733471,612.55,25
1719464733471,612.55,25
1719464733471,612.55,25
1719464733471,612.55,25
1719464733471,612.55,25
1719464756153,621.75,50
1719464756153,621.75,50
1719464756153,621.75,50
1719464756153,621.75,50
1719464756153,621.75,50
1719464756153,621.75,50
1719464756153,621.75,50
1719464756153,621.75,50
1719464756153,621.75,50
1719464756153,621.75,50
1719464756153,621.75,50
1719464756153,621.75,50
1719464756153,621.75,50
1719464756153,621.75,50
1719464756153,621.75,50
1719464756153,621.75,50
1719464756153,621.75,50
1719464756153,621.75,50
1719464756153,621.75,50
1719464756153,621.75,50
1719464756153,621.75,50
1719464756153,621.75,50
1719464756153,621.75,50
1719464756153,621.75,50
1719464756153,621.75,50
1719464756153,621.75,50
1719464756153,621.75,50
1719464756153,621.75,50
1719464756153,621.75,50
1719464756153,621.75,50
1719464756153,621.75,50
1719464756153,621.75,50
1719464756153,621.75,50
1719464756153,621.75,50
1719464756153,621.75,50
1719464756153,621.75,50
1719464756153,621.75,50
1719464756153,621.75,50
1719464756153,621.75,50
1719464756153,621.75,50
1719464756153,621.75,50
1719464756153,621.75,50
1719464756153,621.75,50
1719464756153,621.75,50
1719464756153,621.75,50
1719464756153,621.75,50
1719464756153,621.75,50
1719464756153,621.75,50
1719464756153,621.75,50
1719464756153,621.75,50
1719464756153,621.75,50
1719464756153,621.75,50
1719464756153,621.75,50
1719464756153,621.75,50
1719464756153,621.75,50
1719464756153,621.75,50
1719464756153,621.75,50
1719464756153,621.75,50
1719464756153,621.75,50
1719464756153,621.75,50
1719464756153,621.75,50
1719464756153,621.75,50
1719464756153,621.75,50
1719464756153,621.75,50
1719464756153,621.75,50
1719464756153,621.75,50
1719464756153,621.75,50
1719464756153,621.75,50
1719464756153,621.75,50
1719464756153,621.75,50
1719464756153,621.75,50
1719464756153,621.75,50
1719464756153,621.75,50
1719464756153,621.75,50
1719464756153,621.75,50
1719464756153,621.75,50
1719464756153,621.75,50
1719464756153,621.75,50
1719464756153,621.75,50
1719464756153,621.75,50
1719464756153,621.75,50
1719464756153,621.75,50
1719464885863,626.35,50
1719464885863,626.35,50
1719464885863,626.35,50
1719464885863,626.35,50
1719464885863,626.35,50
1719464885863,626.35,50
1719464885863,626.35,50
1719464885863,626.35,50
1719464885863,626.35,50
1719464885863,626.35,50
1719464885863,626.35,50
1719464885863,626.35,50
1719464885863,626.35,50
1719464885863,626.35,50
1719464885863,626.35,50
1719464885863,626.35,50
1719464885863,626.35,50
1719464885863,626.35,50
1719464885863,626.35,50
1719464885863,626.35,50
1719464885863,626.35,50
1719464885863,626.35,50
1719464885863,626.35,50
1719464885863,626.35,50
1719464885863,626.35,50
1719464885863,626.35,50
1719464885863,626.35,50
1719464885863,626.35,50
1719464885863,626.35,50
1719464885863,626.35,50
1719464885863,626.35,50
1719464885863,626.35,50
1719464885863,626.35,50
1719464885863,626.35,50
1719464885863,626.35,50
1719464885863,626.35,50
1719464885863,626.35,50
1719464885863,626.35,50
1719464885863,626.35,50
1719464885863,626.35,50
1719464885863,626.35,50
1719464885863,626.35,50
1719464885863,626.35,50
1719464885863,626.35,50
1719464885863,626.35,50
1719464885863,626.35,50
1719464885863,626.35,50
1719464885863,626.35,50
1719464885863,626.35,50
1719464885863,626.35,50
1719464885863,626.35,50
1719464885863,626.35,50
1719464885863,626.35,50
1719464885863,626.35,50
1719464885863,626.35,50
1719464885863,626.35,50
1719464885863,626.35,50
1719464885863,626.35,50
1719464885863,626.35,50
1719464885863,626.35,50
1719464885863,626.35,50
1719464885863,626.35,50
1719464885863,626.35,50
1719464885863,626.35,50
1719464885863,626.35,50
1719464885863,626.35,50
1719464885863,626.35,50
1719464885863,626.35,50
1719464885863,626.35,50
1719464885863,626.35,50
1719464885863,626.35,50
1719464885863,626.35,50
1719464885863,626.35,50
1719464885863,626.35,50
1719464885863,626.35,50
1719464885863,626.35,50
1719464885863,626.35,50
1719464885863,626.35,50
1719464885863,626.35,50
1719464885863,626.35,50
1719464885863,626.35,50
1719464885863,626.35,50
1719464885863,626.35,50
1719464885863,626.35,50
1719464885863,626.35,50
1719464885863,626.35,50
1719464885863,626.35,50
1719464885863,626.35,50
1719464885863,626.35,50
1719464885863,626.35,50
1719464885863,626.35,50
1719464885863,626.35,50
1719464885863,626.35,50
1719464885863,626.35,50
1719464885863,626.35,50
1719464885863,626.35,50
1719464885863,626.35,50
1719464885863,626.35,50
1719464885863,626.35,50
1719464885863,626.35,50
1719464885863,626.35,50
1719464885863,626.35,50
1719464885863,626.35,50
1719464885863,626.35,50
1719464885863,626.35,50
1719464885863,626.35,50
1719464885863,626.35,50
1719464885863,626.35,50
1719464885863,626.35,50
1719464885863,626.35,50
1719464885863,626.35,50
1719464885863,626.35,50
1719464885863,626.35,50
1719464885863,626.35,50
1719464885863,626.35,50
1719464885863,626.35,50
1719464885863,626.35,50
1719464885863,626.35,50
1719464885863,626.35,50
1719464885863,626.35,50
1719464885863,626.35,50
1719464885863,626.35,50
1719464885863,626.35,50
1719464885863,626.35,50
1719464885863,626.35,50
1719464885863,626.35,50
1719464885863,626.35,50
1719464885863,626.35,50
1719464885863,626.35,50
1719464885863,626.35,50
1719464885863,626.35,50
1719464885863,626.35,50
1719464885863,626.35,50
1719464885863,626.35,50
1719464885863,626.35,50
1719464885863,626.35,50
1719464885863,626.35,50
1719464885863,626.35,50
1719464885863,626.35,50
1719464885863,626.35,50
1719464885863,626.35,50
1719464885863,626.35,50
1719464885863,626.35,50
1719464885863,626.35,50
1719464885863,626.35,50
1719464885863,626.35,50
1719464885863,626.35,50
1719464885863,626.35,50
1719464885863,626.35,50
1719464885863,626.35,50
1719464885863,626.35,50
1719464885863,626.35,50
1719464885863,626.35,50
1719464885863,626.35,50
1719464885863,626.35,50
1719464885863,626.35,50
1719464885863,626.35,50
1719464885863,626.35,50
1719464885863,626.35,50
1719464885863,626.35,50
1719464885863,626.35,50
1719464885863,626.35,50
1719464885863,626.35,50
1719464885863,626.35,50
1719464885863,626.35,50
1719464885863,626.35,50
1719464885863,626.35,50
1719464885863,626.35,50
1719464885863,626.35,50
1719464885863,626.35,50
1719464885863,626.35,50
1719464885863,626.35,50
1719464885863,626.35,50
1719464885863,626.35,50
1719464885863,626.35,50
1719464885863,626.35,50
1719464885863,626.35,50
1719464885863,626.35,50
1719464885863,626.35,50
1719464885863,626.35,50
1719464885863,626.35,50
1719464885863,626.35,50
1719464885863,626.35,50
1719464885863,626.35,50
1719464885863,626.35,50
1719464885863,626.35,50
1719464885863,626.35,50
1719464885863,626.35,50
1719464885863,626.35,50
1719464885863,626.35,50
1719464885863,626.35,50
1719464885863,626.35,50
1719464885863,626.35,50
1719464885863,626.35,50
1719464885863,626.35,50
1719464885863,626.35,50
1719464885863,626.35,50
1719464885863,626.35,50
1719464885863,626.35,50
1719464885863,626.35,50
1719464885863,626.35,50
1719464885863,626.35,50
1719464885863,626.35,50
1719464885863,626.35,50
1719464885863,626.35,50
1719464885863,626.35,50
1719464885863,626.35,50
1719464885863,626.35,50
1719464885863,626.35,50
1719464885863,626.35,50
1719464885863,626.35,50
1719465216000,589.5,50
1719465216212,589.5,50
1719465216212,589.5,50
1719465216212,589.5,50
1719465216212,589.5,50
1719465216212,589.5,50
1719465216212,589.5,50
1719465216212,589.5,50
1719465216212,589.5,50
1719465216212,589.5,50
1719465216212,589.5,50
1719465216212,589.5,50
1719465216212,589.5,50
1719465216212,589.5,50
1719465216212,589.5,50
1719465216212,589.5,50
1719465216212,589.5,50
1719465216212,589.5,50
1719465216212,589.5,50
1719465216212,589.5,50
1719465216212,589.5,50
1719465216212,589.5,50
1719465216212,589.5,50
1719465216212,589.5,50
1719465216212,589.5,50
1719465216212,589.5,50
1719465216212,589.5,50
1719465216212,589.5,50
1719465216212,589.5,50
1719465216212,589.5,50
1719465216212,589.5,50
1719465216212,589.5,50
1719465216212,589.5,50
1719465216212,589.5,50
1719465216212,589.5,50
1719465216212,589.5,50
1719465216212,589.5,50
1719465216212,589.5,50
1719465216212,589.5,50
1719465216212,589.5,50
1719465216212,589.5,50
1719465216212,589.5,50
1719465216212,589.5,50
1719465216212,589.5,50
1719465216212,589.5,50
1719465216212,589.5,50
1719465216212,589.5,50
1719465216212,589.5,50
1719465216212,589.5,50
1719465216212,589.5,50
1719465216212,589.5,50
1719465216212,589.5,50
1719465216212,589.5,50
1719465216212,589.5,50
1719465216212,589.5,50
1719465216212,589.5,50
1719465216212,589.5,50
1719465216212,589.5,50
1719465308090,555.5,50
1719465308090,555.5,50
1719465308090,555.5,50
1719465308090,555.5,50
1719465308090,555.5,50
1719465308090,555.5,50
1719465308090,555.5,50
1719465308090,555.5,50
1719465308090,555.5,50
1719465308090,555.5,50
1719465308090,555.5,50
1719465308090,555.5,50
1719465308090,555.5,50
1719465308090,555.5,50
1719465308090,555.5,50
1719465308090,555.5,50
1719465308090,555.5,50
1719465308090,555.5,50
1719465308090,555.5,50
1719465308090,555.5,50
1719465308090,555.5,50
1719465308090,555.5,50
1719465308090,555.5,50
1719465308090,555.5,50
1719465308090,555.5,50
1719465308090,555.5,50
1719465346595,561.85,50
1719465346595,561.85,50
1719465346595,561.85,50
1719465346595,561.85,50
1719465346595,561.85,50
1719465346595,561.85,50
1719465346595,561.85,50
1719465346595,561.85,50
1719465346595,561.85,50
1719465346595,561.85,50
1719465346595,561.85,50
1719465346595,561.85,50
1719465346595,561.85,50
1719465346595,561.85,50
1719465346595,561.85,50
1719465346595,561.85,50
1719465346595,561.85,50
1719465346595,561.85,50
1719465346595,561.85,50
1719465346595,561.85,50
1719465346595,561.85,50
1719465346595,561.85,50
1719465346595,561.85,50
1719465346595,561.85,50
1719465346595,561.85,50
1719465346595,561.85,50
1719465346595,561.85,50
1719465346595,561.85,50
1719465346595,561.85,50
1719465346595,561.85,50
1719465346595,561.85,50
1719465346595,561.85,50
1719465346595,561.85,50
1719465346595,561.85,50
1719465346595,561.85,50
1719465346595,561.85,50
1719465346595,561.85,50
1719465346595,561.85,50
1719465346595,561.85,50
1719465346595,561.85,50
1719465346595,561.85,50
1719465346595,561.85,50
1719465346595,561.85,50
1719465346595,561.85,50
1719465346595,561.85,50
1719465346595,561.85,50
1719465346595,561.85,50
1719465346595,561.85,50
1719465346595,561.85,50
1719465346595,561.85,50
1719465346595,561.85,50
1719465346595,561.85,50
1719465346595,561.85,50
1719465346595,561.85,50
1719465346595,561.85,50
1719465346595,561.85,50
1719465346595,561.85,50
1719465346595,561.85,50
1719465346595,561.85,50
1719465346595,561.85,50
1719465346595,561.85,50
1719465346595,561.85,50
1719465444903,555.05,100
1719465444903,555.05,100
1719465444903,555.05,100
1719465444903,555.05,100
1719465444903,555.05,100
1719465444903,555.05,100
1719465444903,555.05,100
1719465444903,555.05,100
1719465444903,555.05,100
1719465444903,555.05,100
1719465459086,562.9,150
1719465459086,562.9,150
1719465459086,562.9,150
1719465459086,562.9,150
1719465459086,562.9,150
1719465459086,562.9,150
1719465459086,562.9,150
1719465459086,562.9,150
1719465459086,562.9,150
1719465470896,562.65,25
1719465470896,562.65,25
1719465470896,562.65,25
1719465470896,562.65,25
1719465470896,562.65,25
1719465470896,562.65,25
1719465470896,562.65,25
1719465470896,562.65,25
1719465470896,562.65,25
1719465470896,562.65,25
1719465470896,562.65,25
1719465470896,562.65,25
1719465470896,562.65,25
1719465470896,562.65,25
1719465470896,562.65,25
1719465470896,562.65,25
1719465470896,562.65,25
1719465470896,562.65,25
1719465470896,562.65,25
1719465470896,562.65,25
1719465470896,562.65,25
1719465470896,562.65,25
1719465470896,562.65,25
1719465470896,562.65,25
1719465470896,562.65,25
1719465470896,562.65,25
1719465470896,562.65,25
1719465470896,562.65,25
1719465470896,562.65,25
1719465470896,562.65,25
1719465470896,562.65,25
1719465470896,562.65,25
1719465470896,562.65,25
1719465470896,562.65,25
1719465470896,562.65,25
1719465470896,562.65,25
1719465470896,562.65,25
1719465470896,562.65,25
1719465470896,562.65,25
1719465470896,562.65,25
1719465470896,562.65,25
1719465470896,562.65,25
1719465470896,562.65,25
1719465470896,562.65,25
1719465470896,562.65,25
1719465470896,562.65,25
1719465470896,562.65,25
1719465470896,562.65,25
1719465470896,562.65,25
1719465470896,562.65,25
1719465470896,562.65,25
1719465470896,562.65,25
1719465470896,562.65,25
1719465470896,562.65,25
1719465470896,562.65,25
1719465470896,562.65,25
1719465470896,562.65,25
1719465470896,562.65,25
1719465470896,562.65,25
1719465470896,562.65,25
1719465470896,562.65,25
1719465470896,562.65,25
1719465470896,562.65,25
1719465470896,562.65,25
1719465470896,562.65,25
1719465470896,562.65,25
1719465470896,562.65,25
1719465470896,562.65,25
1719465470896,562.65,25
1719465470896,562.65,25
1719465470896,562.65,25
1719465470896,562.65,25
1719465470896,562.65,25
1719465470896,562.65,25
1719465470896,562.65,25
1719465470896,562.65,25
1719465470896,562.65,25
1719465470896,562.65,25
1719465470896,562.65,25
1719465470896,562.65,25
1719465470896,562.65,25
1719465470896,562.65,25
1719465470896,562.65,25
1719465470896,562.65,25
1719465470896,562.65,25
1719465470896,562.65,25
1719465470896,562.65,25
1719465470896,562.65,25
1719465470896,562.65,25
1719465470896,562.65,25
1719465470896,562.65,25
1719465615456,575.85,25
1719465615456,575.85,25
1719465615456,575.85,25
1719465615456,575.85,25
1719465619991,578.4,50
1719465619991,578.4,50
1719465619991,578.4,50
1719465619991,578.4,50
1719465619991,578.4,50
1719465619991,578.4,50
1719465619991,578.4,50
1719465619991,578.4,50
1719465619991,578.4,50
1719465619991,578.4,50
1719465619991,578.4,50
1719465619991,578.4,50
1719465619991,578.4,50
1719465638816,587.9,50
1719465638816,587.9,50
1719465638816,587.9,50
1719465638816,587.9,50
1719465638816,587.9,50
1719465638816,587.9,50
1719465638816,587.9,50
1719465638816,587.9,50
1719465649239,586.0,25
1719465649239,586.0,25
1719465649239,586.0,25
1719465649239,586.0,25
1719465649239,586.0,25
1719465649239,586.0,25
1719465649239,586.0,25
1719465649239,586.0,25
1719465649239,586.0,25
1719465649239,586.0,25
1719465649239,586.0,25
1719465649239,586.0,25
1719465649239,586.0,25
1719465649239,586.0,25
1719465649239,586.0,25
1719465649239,586.0,25
1719465649239,586.0,25
1719465649239,586.0,25
1719465649239,586.0,25
1719465649239,586.0,25
1719465649239,586.0,25
1719465649239,586.0,25
1719465649239,586.0,25
1719465649239,586.0,25
1719465649239,586.0,25
1719465649239,586.0,25
1719465649239,586.0,25
1719465649239,586.0,25
1719465649239,586.0,25
1719465649239,586.0,25
1719465649239,586.0,25
1719465649239,586.0,25
1719465649239,586.0,25
1719465649239,586.0,25
1719465649239,586.0,25
1719465649239,586.0,25
1719465649239,586.0,25
1719465649239,586.0,25
1719465649239,586.0,25
1719465649239,586.0,25
1719465649239,586.0,25
1719465649239,586.0,25
1719465649239,586.0,25
1719465649239,586.0,25
1719465649239,586.0,25
1719465649239,586.0,25
1719465649239,586.0,25
1719465649239,586.0,25
1719465723583,586.0,25
1719465723583,586.0,25
1719465723583,586.0,25
1719465723583,586.0,25
1719465723583,586.0,25
1719465723583,586.0,25
1719465723583,586.0,25
1719465723583,586.0,25
1719465723583,586.0,25
1719465723583,586.0,25
1719465723583,586.0,25
1719465723583,586.0,25
1719465723583,586.0,25
1719465723583,586.0,25
1719465723583,586.0,25
1719465723583,586.0,25
1719465723583,586.0,25
1719465723583,586.0,25
1719465723583,586.0,25
1719465723583,586.0,25
1719465723583,586.0,25
1719465723583,586.0,25
1719465723583,586.0,25
1719465723583,586.0,25
1719465723583,586.0,25
1719465723583,586.0,25
1719465723583,586.0,25
1719465723583,586.0,25
1719465723583,586.0,25
1719465723583,586.0,25
1719465723583,586.0,25
1719465723583,586.0,25
1719465723583,586.0,25
1719465723583,586.0,25
1719465723583,586.0,25
1719465723583,586.0,25
1719465723583,586.0,25
1719465723583,586.0,25
1719465723583,586.0,25
1719465723583,586.0,25
1719465723583,586.0,25
1719465723583,586.0,25
1719465723583,586.0,25
1719465723583,586.0,25
1719465723583,586.0,25
1719465723583,586.0,25
1719465723583,586.0,25
1719465723583,586.0,25
1719465723583,586.0,25
1719465723583,586.0,25
1719465723583,586.0,25
1719465723583,586.0,25
1719465723583,586.0,25
1719465723583,586.0,25
1719465723583,586.0,25
1719465723583,586.0,25
1719465723583,586.0,25
1719465723583,586.0,25
1719465723583,586.0,25
1719465723583,586.0,25
1719465723583,586.0,25
1719465723583,586.0,25
1719465723583,586.0,25
1719465723583,586.0,25
1719465723583,586.0,25
1719465723583,586.0,25
1719465723583,586.0,25
1719465723583,586.0,25
1719465723583,586.0,25
1719465723583,586.0,25
1719465723583,586.0,25
1719465723583,586.0,25
1719465723583,586.0,25
1719465723583,586.0,25
1719465723583,586.0,25
1719465723583,586.0,25
1719465723583,586.0,25
1719465723583,586.0,25
1719465723583,586.0,25
1719465723583,586.0,25
1719465723583,586.0,25
1719465723583,586.0,25
1719465723583,586.0,25
1719465723583,586.0,25
1719465723583,586.0,25
1719465723583,586.0,25
1719465723583,586.0,25
1719465723583,586.0,25
1719465723583,586.0,25
1719465723583,586.0,25
1719465723583,586.0,25
1719465723583,586.0,25
1719465723583,586.0,25
1719465723583,586.0,25
1719465723583,586.0,25
1719465723583,586.0,25
1719465723583,586.0,25
1719465723583,586.0,25
1719465723583,586.0,25
1719465723583,586.0,25
1719465723583,586.0,25
1719465723583,586.0,25
1719465723583,586.0,25
1719465723583,586.0,25
1719465723583,586.0,25
1719465723583,586.0,25
1719465723583,586.0,25
1719465723583,586.0,25
1719465723583,586.0,25
1719465723583,586.0,25
1719465723583,586.0,25
1719465723583,586.0,25
1719465723583,586.0,25
1719465723583,586.0,25
1719465723583,586.0,25
1719465723583,586.0,25
1719465723583,586.0,25
1719465723583,586.0,25
1719465723583,586.0,25
1719465723583,586.0,25
1719465723583,586.0,25
1719465723583,586.0,25
1719465723583,586.0,25
1719465723583,586.0,25
1719465723583,586.0,25
1719465723583,586.0,25
1719465723583,586.0,25
1719465723583,586.0,25
1719465723583,586.0,25
1719465723583,586.0,25
1719465723583,586.0,25
1719465723583,586.0,25
1719465723583,586.0,25
1719465723583,586.0,25
1719465723583,586.0,25
1719465937104,573.0,50
1719465937104,573.0,50
1719465937104,573.0,50
1719465937104,573.0,50
1719465937104,573.0,50
1719465937104,573.0,50
1719465937104,573.0,50
1719465937104,573.0,50
1719465937104,573.0,50
1719465937104,573.0,50
1719465937104,573.0,50
1719465937104,573.0,50
1719465937104,573.0,50
1719465937104,573.0,50
1719465937104,573.0,50
1719465937104,573.0,50
1719465937104,573.0,50
1719465937104,573.0,50
1719465937104,573.0,50
1719465937104,573.0,50
1719465937104,573.0,50
1719465937104,573.0,50
1719465937104,573.0,50
1719465937104,573.0,50
1719465937104,573.0,50
1719465937104,573.0,50
1719465937104,573.0,50
1719465937104,573.0,50
1719465937104,573.0,50
1719465937104,573.0,50
1719465937104,573.0,50
1719465937104,573.0,50
1719465937104,573.0,50
1719465937104,573.0,50
1719465937104,573.0,50
1719465937104,573.0,50
1719465937104,573.0,50
1719465937104,573.0,50
1719465937104,573.0,50
1719465937104,573.0,50
1719465937104,573.0,50
1719465937104,573.0,50
1719465937104,573.0,50
1719465937104,573.0,50
1719465937104,573.0,50
1719465937104,573.0,50
1719465937104,573.0,50
1719465937104,573.0,50
1719465937104,573.0,50
1719465937104,573.0,50
1719465937104,573.0,50
1719465937104,573.0,50
1719465937104,573.0,50
1719465937104,573.0,50
1719465937104,573.0,50
1719465937104,573.0,50
1719465937104,573.0,50
1719465937104,573.0,50
1719465937104,573.0,50
1719465937104,573.0,50
1719465937104,573.0,50
1719465937104,573.0,50
1719465937104,573.0,50
1719465937104,573.0,50
1719465937104,573.0,50
1719465937104,573.0,50
1719465937104,573.0,50
1719465937104,573.0,50
1719465937104,573.0,50
1719465937104,573.0,50
1719465937104,573.0,50
1719465937104,573.0,50
1719465937104,573.0,50
1719465937104,573.0,50
1719465937104,573.0,50
1719466052149,582.15,50
1719466052149,582.15,50
1719466052149,582.15,50
1719466052149,582.15,50
1719466052149,582.15,50
1719466052149,582.15,50
1719466228886,600.35,25
1719466228886,600.35,25
1719466230773,603.1,25
1719466230773,603.1,25
1719466230773,603.1,25
1719466234881,603.3,25
1719466234881,603.3,25
1719466234881,603.3,25
1719466234881,603.3,25
1719466234881,603.3,25
1719466234881,603.3,25
1719466234881,603.3,25
1719466234881,603.3,25
1719466247197,598.3,50
1719466247197,598.3,50
1719466247197,598.3,50
1719466247197,598.3,50
1719466247197,598.3,50
1719466252994,597.35,25
1719466252994,597.35,25
1719466252994,597.35,25
1719466252994,597.35,25
1719466252994,597.35,25
1719466252994,597.35,25
1719466252994,597.35,25
1719466252994,597.35,25
1719466252994,597.35,25
1719466252994,597.35,25
1719466252994,597.35,25
1719466252994,597.35,25
1719466252994,597.35,25
1719466252994,597.35,25
1719466252994,597.35,25
1719466252994,597.35,25
1719466252994,597.35,25
1719466252994,597.35,25
1719466252994,597.35,25
1719466252994,597.35,25
1719466252994,597.35,25
1719466252994,597.35,25
1719466252994,597.35,25
1719466252994,597.35,25
1719466288263,607.45,25
1719466288263,607.45,25
1719466288263,607.45,25
1719466288263,607.45,25
1719466288263,607.45,25
1719466288263,607.45,25
1719466288263,607.45,25
1719466288263,607.45,25
1719466288263,607.45,25
1719466288263,607.45,25
1719466288263,607.45,25
1719466288263,607.45,25
1719466288263,607.45,25
1719466308300,603.0,75
1719466308300,603.0,75
1719466308300,603.0,75
1719466308300,603.0,75
1719466312842,602.15,25
1719466312842,602.15,25
1719466312842,602.15,25
1719466312842,602.15,25
1719466312842,602.15,25
1719466312842,602.15,25
1719466312842,602.15,25
1719466312842,602.15,25
1719466312842,602.15,25
1719466312842,602.15,25
1719466312842,602.15,25
1719466312842,602.15,25
1719466312842,602.15,25
1719466312842,602.15,25
1719466312842,602.15,25
1719466312842,602.15,25
1719466312842,602.15,25
1719466312842,602.15,25
1719466312842,602.15,25
1719466312842,602.15,25
1719466312842,602.15,25
1719466344555,595.55,25
1719466344555,595.55,25
1719466344555,595.55,25
1719466344555,595.55,25
1719466349984,602.6,50
1719466349984,602.6,50
1719466349984,602.6,50
1719466349984,602.6,50
1719466349984,602.6,50
1719466349984,602.6,50
1719466349984,602.6,50
1719466349984,602.6,50
1719466349984,602.6,50
1719466349984,602.6,50
1719466349984,602.6,50
1719466349984,602.6,50
1719466349984,602.6,50
1719466349984,602.6,50
1719466349984,602.6,50
1719466349984,602.6,50
1719466349984,602.6,50
1719466349984,602.6,50
1719466349984,602.6,50
1719466349984,602.6,50
1719466349984,602.6,50
1719466349984,602.6,50
1719466349984,602.6,50
1719466349984,602.6,50
1719466349984,602.6,50
1719466349984,602.6,50
1719466349984,602.6,50
1719466349984,602.6,50
1719466349984,602.6,50
1719466349984,602.6,50
1719466349984,602.6,50
1719466349984,602.6,50
1719466349984,602.6,50
1719466349984,602.6,50
1719466349984,602.6,50
1719466349984,602.6,50
1719466349984,602.6,50
1719466349984,602.6,50
1719466349984,602.6,50
1719466349984,602.6,50
1719466349984,602.6,50
1719466349984,602.6,50
1719466349984,602.6,50
1719466349984,602.6,50
1719466349984,602.6,50
1719466349984,602.6,50
1719466349984,602.6,50
1719466349984,602.6,50
1719466349984,602.6,50
1719466349984,602.6,50
1719466349984,602.6,50
1719466349984,602.6,50
1719466349984,602.6,50
1719466349984,602.6,50
1719466349984,602.6,50
1719466349984,602.6,50
1719466349984,602.6,50
1719466349984,602.6,50
1719466349984,602.6,50
1719466349984,602.6,50
1719466349984,602.6,50
1719466349984,602.6,50
1719466349984,602.6,50
1719466349984,602.6,50
1719466349984,602.6,50
1719466349984,602.6,50
1719466349984,602.6,50
1719466349984,602.6,50
1719466349984,602.6,50
1719466349984,602.6,50
1719466349984,602.6,50
1719466349984,602.6,50
1719466349984,602.6,50
1719466349984,602.6,50
1719466349984,602.6,50
1719466349984,602.6,50
1719466349984,602.6,50
1719466349984,602.6,50
1719466349984,602.6,50
1719466349984,602.6,50
1719466349984,602.6,50
1719466349984,602.6,50
1719466349984,602.6,50
1719466349984,602.6,50
1719466349984,602.6,50
1719466349984,602.6,50
1719466349984,602.6,50
1719466349984,602.6,50
1719466349984,602.6,50
1719466349984,602.6,50
1719466349984,602.6,50
1719466349984,602.6,50
1719466349984,602.6,50
1719466349984,602.6,50
1719466349984,602.6,50
1719466349984,602.6,50
1719466349984,602.6,50
1719466349984,602.6,50
1719466349984,602.6,50
1719466349984,602.6,50
1719466349984,602.6,50
1719466349984,602.6,50
1719466349984,602.6,50
1719466349984,602.6,50
1719466349984,602.6,50
1719466349984,602.6,50
1719466349984,602.6,50
1719466349984,602.6,50
1719466349984,602.6,50
1719466349984,602.6,50
1719466349984,602.6,50
1719466349984,602.6,50
1719466349984,602.6,50
1719466349984,602.6,50
1719466349984,602.6,50
1719466349984,602.6,50
1719466349984,602.6,50
1719466349984,602.6,50
1719466349984,602.6,50
1719466349984,602.6,50
1719466349984,602.6,50
1719466349984,602.6,50
1719466349984,602.6,50
1719466349984,602.6,50
1719466349984,602.6,50
1719466349984,602.6,50
1719466349984,602.6,50
1719466349984,602.6,50
1719466349984,602.6,50
1719466349984,602.6,50
1719466349984,602.6,50
1719466349984,602.6,50
1719466349984,602.6,50
1719466349984,602.6,50
1719466349984,602.6,50
1719466349984,602.6,50
1719466349984,602.6,50
1719466349984,602.6,50
1719466349984,602.6,50
1719466349984,602.6,50
1719466349984,602.6,50
1719466349984,602.6,50
1719466349984,602.6,50
1719466349984,602.6,50
1719466349984,602.6,50
1719466349984,602.6,50
1719466349984,602.6,50
1719466349984,602.6,50
1719466349984,602.6,50
1719466349984,602.6,50
1719466349984,602.6,50
1719466349984,602.6,50
1719466349984,602.6,50
1719466349984,602.6,50
1719466349984,602.6,50
1719466349984,602.6,50
1719466349984,602.6,50
1719466349984,602.6,50
1719466349984,602.6,50
1719466349984,602.6,50
1719466349984,602.6,50
1719466349984,602.6,50
1719466349984,602.6,50
1719466349984,602.6,50
1719466349984,602.6,50
1719466349984,602.6,50
1719466349984,602.6,50
1719466349984,602.6,50
1719466349984,602.6,50
1719466349984,602.6,50
1719466349984,602.6,50
1719466349984,602.6,50
1719466349984,602.6,50
1719466349984,602.6,50
1719466349984,602.6,50
1719466349984,602.6,50
1719466349984,602.6,50
1719466349984,602.6,50
1719466349984,602.6,50
1719466628437,596.3,25
1719466628437,596.3,25
1719466628437,596.3,25
1719466628437,596.3,25
1719466628437,596.3,25
1719466628437,596.3,25
1719466628437,596.3,25
1719466628437,596.3,25
1719466628437,596.3,25
1719466628437,596.3,25
1719466628437,596.3,25
1719466628437,596.3,25
1719466628437,596.3,25
1719466628437,596.3,25
1719466628437,596.3,25
1719466628437,596.3,25
1719466628437,596.3,25
1719466628437,596.3,25
1719466628437,596.3,25
1719466628437,596.3,25
1719466628437,596.3,25
1719466628437,596.3,25
1719466628437,596.3,25
1719466628437,596.3,25
1719466628437,596.3,25
1719466628437,596.3,25
1719466628437,596.3,25
1719466628437,596.3,25
1719466628437,596.3,25
1719466628437,596.3,25
1719466628437,596.3,25
1719466628437,596.3,25
1719466628437,596.3,25
1719466628437,596.3,25
1719466628437,596.3,25
1719466628437,596.3,25
1719466679524,600.5,25
1719466679524,600.5,25
1719466679524,600.5,25
1719466679524,600.5,25
1719466679524,600.5,25
1719466679524,600.5,25
1719466679524,600.5,25
1719466679524,600.5,25
1719466679524,600.5,25
1719466679524,600.5,25
1719466679524,600.5,25
1719466679524,600.5,25
1719466679524,600.5,25
1719466679524,600.5,25
1719466679524,600.5,25
1719466679524,600.5,25
1719466679524,600.5,25
1719466679524,600.5,25
1719466679524,600.5,25
1719466679524,600.5,25
1719466679524,600.5,25
1719466679524,600.5,25
1719466679524,600.5,25
1719466679524,600.5,25
1719466679524,600.5,25
1719466679524,600.5,25
1719466679524,600.5,25
1719466679524,600.5,25
1719466679524,600.5,25
1719466679524,600.5,25
1719466679524,600.5,25
1719466679524,600.5,25
1719466679524,600.5,25
1719466679524,600.5,25
1719466679524,600.5,25
1719466679524,600.5,25
1719466679524,600.5,25
1719466679524,600.5,25
1719466679524,600.5,25
1719466679524,600.5,25
1719466679524,600.5,25
1719466679524,600.5,25
1719466679524,600.5,25
1719466679524,600.5,25
1719466679524,600.5,25
1719466679524,600.5,25
1719466679524,600.5,25
1719466679524,600.5,25
1719466679524,600.5,25
1719466679524,600.5,25
1719466679524,600.5,25
1719466679524,600.5,25
1719466679524,600.5,25
1719466679524,600.5,25
1719466679524,600.5,25
1719466679524,600.5,25
1719466679524,600.5,25
1719466679524,600.5,25
1719466679524,600.5,25
1719466679524,600.5,25
1719466679524,600.5,25
1719466679524,600.5,25
1719466679524,600.5,25
1719466679524,600.5,25
1719466679524,600.5,25
1719466679524,600.5,25
1719466679524,600.5,25
1719466679524,600.5,25
1719466679524,600.5,25
1719466679524,600.5,25
1719466679524,600.5,25
1719466679524,600.5,25
1719466679524,600.5,25
1719466679524,600.5,25
1719466679524,600.5,25
1719466679524,600.5,25
1719466679524,600.5,25
1719466679524,600.5,25
1719466679524,600.5,25
1719466679524,600.5,25
1719466800922,598.4,50
1719466800922,598.4,50
1719466800922,598.4,50
1719466800922,598.4,50
1719466800922,598.4,50
1719466800922,598.4,50
1719466800922,598.4,50
1719466800922,598.4,50
1719466800922,598.4,50
1719466800922,598.4,50
1719466800922,598.4,50
1719466800922,598.4,50
1719466800922,598.4,50
1719466800922,598.4,50
1719466800922,598.4,50
1719466800922,598.4,50
1719466800922,598.4,50
1719466800922,598.4,50
1719466800922,598.4,50
1719466800922,598.4,50
1719466800922,598.4,50
1719466800922,598.4,50
1719466800922,598.4,50
1719466800922,598.4,50
1719466800922,598.4,50
1719466800922,598.4,50
1719466800922,598.4,50
1719466800922,598.4,50
1719466800922,598.4,50
1719466800922,598.4,50
1719466800922,598.4,50
1719466800922,598.4,50
1719466800922,598.4,50
1719466800922,598.4,50
1719466800922,598.4,50
1719466800922,598.4,50
1719466800922,598.4,50
1719466800922,598.4,50
1719466800922,598.4,50
1719466800922,598.4,50
1719466800922,598.4,50
1719466800922,598.4,50
1719466800922,598.4,50
1719466800922,598.4,50
1719466800922,598.4,50
1719466800922,598.4,50
1719466800922,598.4,50
1719466800922,598.4,50
1719466800922,598.4,50
1719466800922,598.4,50
1719466800922,598.4,50
1719466800922,598.4,50
1719466800922,598.4,50
1719466800922,598.4,50
1719466800922,598.4,50
1719466800922,598.4,50
1719466800922,598.4,50
1719466800922,598.4,50
1719466800922,598.4,50
1719466800922,598.4,50
1719466800922,598.4,50
1719466800922,598.4,50
1719466800922,598.4,50
1719466800922,598.4,50
1719466800922,598.4,50
1719466800922,598.4,50
1719466800922,598.4,50
1719466800922,598.4,50
1719466800922,598.4,50
1719466800922,598.4,50
1719466800922,598.4,50
1719466800922,598.4,50
1719466800922,598.4,50
1719466800922,598.4,50
1719466800922,598.4,50
1719466800922,598.4,50
1719466800922,598.4,50
1719466800922,598.4,50
1719466800922,598.4,50
1719466800922,598.4,50
1719466800922,598.4,50
1719466800922,598.4,50
1719466800922,598.4,50
1719466800922,598.4,50
1719466800922,598.4,50
1719466800922,598.4,50
1719466800922,598.4,50
1719466800922,598.4,50
1719466800922,598.4,50
1719466800922,598.4,50
1719466800922,598.4,50
1719466800922,598.4,50
1719466800922,598.4,50
1719466800922,598.4,50
1719466800922,598.4,50
1719466800922,598.4,50
1719466800922,598.4,50
1719466800922,598.4,50
1719466800922,598.4,50
1719466800922,598.4,50
1719466800922,598.4,50
1719466800922,598.4,50
1719466800922,598.4,50
1719466800922,598.4,50
1719466960927,601.9,25
1719466960927,601.9,25
1719466960927,601.9,25
1719466960927,601.9,25
1719466960927,601.9,25
1719466960927,601.9,25
1719466960927,601.9,25
1719466960927,601.9,25
1719466960927,601.9,25
1719466960927,601.9,25
1719466960927,601.9,25
1719466960927,601.9,25
1719466960927,601.9,25
1719466960927,601.9,25
1719466960927,601.9,25
1719466960927,601.9,25
1719466960927,601.9,25
1719466960927,601.9,25
1719466960927,601.9,25
1719466960927,601.9,25
1719466960927,601.9,25
1719466960927,601.9,25
1719466992687,624.7,25
1719466992687,624.7,25
1719466994942,623.9,25
1719466994942,623.9,25
1719466994942,623.9,25
1719466994942,623.9,25
1719466994942,623.9,25
1719466994942,623.9,25
1719466994942,623.9,25
1719466994942,623.9,25
1719466994942,623.9,25
1719466994942,623.9,25
1719466994942,623.9,25
1719466994942,623.9,25
1719466994942,623.9,25
1719466994942,623.9,25
1719467014933,621.15,25
1719467014933,621.15,25
1719467014933,621.15,25
1719467014933,621.15,25
1719467014933,621.15,25
1719467014933,621.15,25
1719467014933,621.15,25
1719467014933,621.15,25
1719467014933,621.15,25
1719467014933,621.15,25
1719467014933,621.15,25
1719467014933,621.15,25
1719467014933,621.15,25
1719467014933,621.15,25
1719467014933,621.15,25
1719467014933,621.15,25
1719467014933,621.15,25
1719467014933,621.15,25
1719467014933,621.15,25
1719467014933,621.15,25
1719467014933,621.15,25
1719467014933,621.15,25
1719467014933,621.15,25
1719467014933,621.15,25
1719467014933,621.15,25
1719467014933,621.15,25
1719467014933,621.15,25
1719467014933,621.15,25
1719467014933,621.15,25
1719467014933,621.15,25
1719467014933,621.15,25
1719467014933,621.15,25
1719467014933,621.15,25
1719467014933,621.15,25
1719467014933,621.15,25
1719467014933,621.15,25
1719467014933,621.15,25
1719467014933,621.15,25
1719467014933,621.15,25
1719467076914,622.55,25
1719467076914,622.55,25
1719467076914,622.55,25
1719467076914,622.55,25
1719467076914,622.55,25
1719467076914,622.55,25
1719467076914,622.55,25
1719467076914,622.55,25
1719467076914,622.55,25
1719467076914,622.55,25
1719467076914,622.55,25
1719467076914,622.55,25
1719467076914,622.55,25
1719467076914,622.55,25
1719467076914,622.55,25
1719467076914,622.55,25
1719467076914,622.55,25
1719467076914,622.55,25
1719467076914,622.55,25
1719467076914,622.55,25
1719467076914,622.55,25
1719467076914,622.55,25
1719467076914,622.55,25
1719467076914,622.55,25
1719467076914,622.55,25
1719467076914,622.55,25
1719467076914,622.55,25
1719467076914,622.55,25
1719467076914,622.55,25
1719467076914,622.55,25
1719467076914,622.55,25
1719467076914,622.55,25
1719467076914,622.55,25
1719467076914,622.55,25
1719467076914,622.55,25
1719467076914,622.55,25
1719467076914,622.55,25
1719467076914,622.55,25
1719467076914,622.55,25
1719467076914,622.55,25
1719467076914,622.55,25
1719467076914,622.55,25
1719467076914,622.55,25
1719467076914,622.55,25
1719467076914,622.55,25
1719467076914,622.55,25
1719467076914,622.55,25
1719467076914,622.55,25
1719467076914,622.55,25
1719467076914,622.55,25
1719467076914,622.55,25
1719467076914,622.55,25
1719467076914,622.55,25
1719467076914,622.55,25
1719467076914,622.55,25
1719467076914,622.55,25
1719467076914,622.55,25
1719467076914,622.55,25
1719467076914,622.55,25
1719467076914,622.55,25
1719467076914,622.55,25
1719467076914,622.55,25
1719467076914,622.55,25
1719467076914,622.55,25
1719467076914,622.55,25
1719467076914,622.55,25
1719467076914,622.55,25
1719467076914,622.55,25
1719467076914,622.55,25
1719467076914,622.55,25
1719467076914,622.55,25
1719467076914,622.55,25
1719467076914,622.55,25
1719467076914,622.55,25
1719467076914,622.55,25
1719467076914,622.55,25
1719467076914,622.55,25
1719467076914,622.55,25
1719467076914,622.55,25
1719467076914,622.55,25
1719467076914,622.55,25
1719467076914,622.55,25
1719467076914,622.55,25
1719467076914,622.55,25
1719467076914,622.55,25
1719467076914,622.55,25
1719467076914,622.55,25
1719467076914,622.55,25
1719467076914,622.55,25
1719467076914,622.55,25
1719467076914,622.55,25
1719467076914,622.55,25
1719467076914,622.55,25
1719467076914,622.55,25
1719467076914,622.55,25
1719467076914,622.55,25
1719467076914,622.55,25
1719467076914,622.55,25
1719467076914,622.55,25
1719467076914,622.55,25
1719467076914,622.55,25
1719467076914,622.55,25
1719467076914,622.55,25
1719467076914,622.55,25
1719467076914,622.55,25
1719467076914,622.55,25
1719467076914,622.55,25
1719467076914,622.55,25
1719467076914,622.55,25
1719467076914,622.55,25
1719467076914,622.55,25
1719467076914,622.55,25
1719467076914,622.55,25
1719467076914,622.55,25
1719467076914,622.55,25
1719467076914,622.55,25
1719467076914,622.55,25
1719467076914,622.55,25
1719467076914,622.55,25
1719467076914,622.55,25
1719467076914,622.55,25
1719467076914,622.55,25
1719467076914,622.55,25
1719467076914,622.55,25
1719467076914,622.55,25
1719467076914,622.55,25
1719467076914,622.55,25
1719467076914,622.55,25
1719467076914,622.55,25
1719467076914,622.55,25
1719467076914,622.55,25
1719467076914,622.55,25
1719467076914,622.55,25
1719467076914,622.55,25
1719467076914,622.55,25
1719467076914,622.55,25
1719467076914,622.55,25
1719467076914,622.55,25
1719467076914,622.55,25
1719467076914,622.55,25
1719467076914,622.55,25
1719467076914,622.55,25
1719467076914,622.55,25
1719467076914,622.55,25
1719467076914,622.55,25
1719467076914,622.55,25
1719467076914,622.55,25
1719467309346,618.35,100
1719467309346,618.35,100
1719467309346,618.35,100
1719467309346,618.35,100
1719467309346,618.35,100
1719467309346,618.35,100
1719467309346,618.35,100
1719467309346,618.35,100
1719467309346,618.35,100
1719467309346,618.35,100
1719467309346,618.35,100
1719467323836,618.75,50
1719467323836,618.75,50
1719467323836,618.75,50
1719467323836,618.75,50
1719467323836,618.75,50
1719467323836,618.75,50
1719467323836,618.75,50
1719467323836,618.75,50
1719467323836,618.75,50
1719467323836,618.75,50
1719467323836,618.75,50
1719467323836,618.75,50
1719467323836,618.75,50
1719467323836,618.75,50
1719467323836,618.75,50
1719467323836,618.75,50
1719467323836,618.75,50
1719467323836,618.75,50
1719467323836,618.75,50
1719467323836,618.75,50
1719467323836,618.75,50
1719467323836,618.75,50
1719467323836,618.75,50
1719467323836,618.75,50
1719467323836,618.75,50
1719467323836,618.75,50
1719467323836,618.75,50
1719467323836,618.75,50
1719467323836,618.75,50
1719467323836,618.75,50
1719467323836,618.75,50
1719467323836,618.75,50
1719467323836,618.75,50
1719467323836,618.75,50
1719467323836,618.75,50
1719467323836,618.75,50
1719467323836,618.75,50
1719467323836,618.75,50
1719467323836,618.75,50
1719467323836,618.75,50
1719467323836,618.75,50
1719467323836,618.75,50
1719467323836,618.75,50
1719467323836,618.75,50
1719467323836,618.75,50
1719467323836,618.75,50
1719467323836,618.75,50
1719467323836,618.75,50
1719467323836,618.75,50
1719467323836,618.75,50
1719467323836,618.75,50
1719467323836,618.75,50
1719467323836,618.75,50
1719467323836,618.75,50
1719467323836,618.75,50
1719467323836,618.75,50
1719467323836,618.75,50
1719467323836,618.75,50
1719467323836,618.75,50
1719467323836,618.75,50
1719467323836,618.75,50
1719467323836,618.75,50
1719467323836,618.75,50
1719467323836,618.75,50
1719467323836,618.75,50
1719467323836,618.75,50
1719467323836,618.75,50
1719467323836,618.75,50
1719467323836,618.75,50
1719467323836,618.75,50
1719467323836,618.75,50
1719467323836,618.75,50
1719467323836,618.75,50
1719467323836,618.75,50
1719467323836,618.75,50
1719467323836,618.75,50
1719467323836,618.75,50
1719467323836,618.75,50
1719467323836,618.75,50
1719467323836,618.75,50
1719467323836,618.75,50
1719467323836,618.75,50
1719467323836,618.75,50
1719467323836,618.75,50
1719467323836,618.75,50
1719467323836,618.75,50
1719467323836,618.75,50
1719467323836,618.75,50
1719467323836,618.75,50
1719467323836,618.75,50
1719467323836,618.75,50
1719467323836,618.75,50
1719467323836,618.75,50
1719467323836,618.75,50
1719467323836,618.75,50
1719467323836,618.75,50
1719467323836,618.75,50
1719467323836,618.75,50
1719467323836,618.75,50
1719467323836,618.75,50
1719467323836,618.75,50
1719467323836,618.75,50
1719467323836,618.75,50
1719467323836,618.75,50
1719467323836,618.75,50
1719467323836,618.75,50
1719467323836,618.75,50
1719467492895,603.55,25
1719467492895,603.55,25
1719467492895,603.55,25
1719467492895,603.55,25
1719467492895,603.55,25
1719467492895,603.55,25
1719467492895,603.55,25
1719467492895,603.55,25
1719467492895,603.55,25
1719467492895,603.55,25
1719467492895,603.55,25
1719467492895,603.55,25
1719467492895,603.55,25
1719467492895,603.55,25
1719467492895,603.55,25
1719467492895,603.55,25
1719467492895,603.55,25
1719467492895,603.55,25
1719467492895,603.55,25
1719467492895,603.55,25
1719467492895,603.55,25
1719467595236,614.95,25
1719467595236,614.95,25
1719467664739,626.25,50
1719467664739,626.25,50
1719467664739,626.25,50
1719467664739,626.25,50
1719467664739,626.25,50
1719467664739,626.25,50
1719467664739,626.25,50
1719467664739,626.25,50
1719467664739,626.25,50
1719467664739,626.25,50
1719467664739,626.25,50
1719467664739,626.25,50
1719467664739,626.25,50
1719467664739,626.25,50
1719467664739,626.25,50
1719467664739,626.25,50
1719467664739,626.25,50
1719467664739,626.25,50
1719467664739,626.25,50
1719467664739,626.25,50
1719467664739,626.25,50
1719467664739,626.25,50
1719467664739,626.25,50
1719467664739,626.25,50
1719467664739,626.25,50
1719467664739,626.25,50
1719467664739,626.25,50
1719467664739,626.25,50
1719467664739,626.25,50
1719467664739,626.25,50
1719467664739,626.25,50
1719467664739,626.25,50
1719467664739,626.25,50
1719467664739,626.25,50
1719467664739,626.25,50
1719467664739,626.25,50
1719467995298,620.55,25
1719467995298,620.55,25
1719467995298,620.55,25
1719467995298,620.55,25
1719467995298,620.55,25
1719467995298,620.55,25
1719467995298,620.55,25
1719467995298,620.55,25
1719468103937,629.85,25
1719468103937,629.85,25
1719468103937,629.85,25
1719468103937,629.85,25
1719468103937,629.85,25
1719468103937,629.85,25
1719468103937,629.85,25
1719468103937,629.85,25
1719468103937,629.85,25
1719468103937,629.85,25
1719468103937,629.85,25
1719468103937,629.85,25
1719468103937,629.85,25
1719468103937,629.85,25
1719468103937,629.85,25
1719468103937,629.85,25
1719468103937,629.85,25
1719468103937,629.85,25
1719468103937,629.85,25
1719468103937,629.85,25
1719468103937,629.85,25
1719468103937,629.85,25
1719468103937,629.85,25
1719468103937,629.85,25
1719468103937,629.85,25
1719468103937,629.85,25
1719468103937,629.85,25
1719468103937,629.85,25
1719468103937,629.85,25
1719468103937,629.85,25
1719468103937,629.85,25
1719468103937,629.85,25
1719468103937,629.85,25
1719468103937,629.85,25
1719468103937,629.85,25
1719468103937,629.85,25
1719468103937,629.85,25
1719468103937,629.85,25
1719468103937,629.85,25
1719468103937,629.85,25
1719468103937,629.85,25
1719468103937,629.85,25
1719468103937,629.85,25
1719468103937,629.85,25
1719468103937,629.85,25
1719468103937,629.85,25
1719468103937,629.85,25
1719468103937,629.85,25
1719468103937,629.85,25
1719468103937,629.85,25
1719468103937,629.85,25
1719468103937,629.85,25
1719468103937,629.85,25
1719468103937,629.85,25
1719468103937,629.85,25
1719468103937,629.85,25
1719468103937,629.85,25
1719468103937,629.85,25
1719468103937,629.85,25
1719468103937,629.85,25
1719468103937,629.85,25
1719468103937,629.85,25
1719468103937,629.85,25
1719468103937,629.85,25
1719468103937,629.85,25
1719468103937,629.85,25
1719468103937,629.85,25
1719468103937,629.85,25
1719468103937,629.85,25
1719468103937,629.85,25
1719468103937,629.85,25
1719468103937,629.85,25
1719468103937,629.85,25
1719468103937,629.85,25
1719468103937,629.85,25
1719468103937,629.85,25
1719468103937,629.85,25
1719468103937,629.85,25
1719468103937,629.85,25
1719468103937,629.85,25
1719468103937,629.85,25
1719468103937,629.85,25
1719468103937,629.85,25
1719468103937,629.85,25
1719468103937,629.85,25
1719468103937,629.85,25
1719468103937,629.85,25
1719468103937,629.85,25
1719468103937,629.85,25
1719468103937,629.85,25
1719468103937,629.85,25
1719468103937,629.85,25
1719468103937,629.85,25
1719468103937,629.85,25
1719468103937,629.85,25
1719468103937,629.85,25
1719468103937,629.85,25
1719468103937,629.85,25
1719468103937,629.85,25
1719468103937,629.85,25
1719468103937,629.85,25
1719468103937,629.85,25
1719468103937,629.85,25
1719468103937,629.85,25
1719468103937,629.85,25
1719468103937,629.85,25
1719468103937,629.85,25
1719468103937,629.85,25
1719468103937,629.85,25
1719468103937,629.85,25
1719468103937,629.85,25
1719468103937,629.85,25
1719468103937,629.85,25
1719468103937,629.85,25
1719468103937,629.85,25
1719468103937,629.85,25
1719468103937,629.85,25
1719468103937,629.85,25
1719468103937,629.85,25
1719468103937,629.85,25
1719468103937,629.85,25
1719468103937,629.85,25
1719468103937,629.85,25
1719468103937,629.85,25
1719468103937,629.85,25
1719468103937,629.85,25
1719468103937,629.85,25
1719468103937,629.85,25
1719468103937,629.85,25
1719468103937,629.85,25
1719468103937,629.85,25
1719468103937,629.85,25
1719468103937,629.85,25
1719468103937,629.85,25
1719468103937,629.85,25
1719468103937,629.85,25
1719468103937,629.85,25
1719468103937,629.85,25
1719468103937,629.85,25
1719468103937,629.85,25
1719468103937,629.85,25
1719468103937,629.85,25
1719468103937,629.85,25
1719468103937,629.85,25
1719468103937,629.85,25
1719468103937,629.85,25
1719468103937,629.85,25
1719468330690,626.3,75
1719468330690,626.3,75
1719468330690,626.3,75
1719468330690,626.3,75
1719468330690,626.3,75
1719468330690,626.3,75
1719468330690,626.3,75
1719468330690,626.3,75
1719468330690,626.3,75
1719468330690,626.3,75
1719468330690,626.3,75
1719468330690,626.3,75
1719468330690,626.3,75
1719468330690,626.3,75
1719468330690,626.3,75
1719468330690,626.3,75
1719468330690,626.3,75
1719468330690,626.3,75
1719468330690,626.3,75
1719468330690,626.3,75
1719468330690,626.3,75
1719468330690,626.3,75
1719468330690,626.3,75
1719468330690,626.3,75
1719468330690,626.3,75
1719468330690,626.3,75
1719468330690,626.3,75
1719468330690,626.3,75
1719468330690,626.3,75
1719468330690,626.3,75
1719468330690,626.3,75
1719468330690,626.3,75
1719468330690,626.3,75
1719468330690,626.3,75
1719468330690,626.3,75
1719468330690,626.3,75
1719468330690,626.3,75
1719468330690,626.3,75
1719468330690,626.3,75
1719468330690,626.3,75
1719468330690,626.3,75
1719468330690,626.3,75
1719468330690,626.3,75
1719468330690,626.3,75
1719468330690,626.3,75
1719468330690,626.3,75
1719468330690,626.3,75
1719468330690,626.3,75
1719468330690,626.3,75
1719468330690,626.3,75
1719468330690,626.3,75
1719468330690,626.3,75
1719468330690,626.3,75
1719468330690,626.3,75
1719468330690,626.3,75
1719468330690,626.3,75
1719468330690,626.3,75
1719468330690,626.3,75
1719468330690,626.3,75
1719468330690,626.3,75
1719468330690,626.3,75
1719468330690,626.3,75
1719468330690,626.3,75
1719468330690,626.3,75
1719468330690,626.3,75
1719468330690,626.3,75
1719468330690,626.3,75
1719468330690,626.3,75
1719468330690,626.3,75
1719468330690,626.3,75
1719468661142,629.8,25
1719468661142,629.8,25
1719468661142,629.8,25
1719468661142,629.8,25
1719468661142,629.8,25
1719469406021,636.3,50
1719469406021,636.3,50
1719469406021,636.3,50
1719469406021,636.3,50
1719469406021,636.3,50
1719469406021,636.3,50
1719469406021,636.3,50
1719469406021,636.3,50
1719469406021,636.3,50
1719469406021,636.3,50
1719469406021,636.3,50
1719469406021,636.3,50
1719469406021,636.3,50
1719469406021,636.3,50
1719469406021,636.3,50
1719469406021,636.3,50
1719469406021,636.3,50
1719469864559,656.8,50
1719469864559,656.8,50
1719469864559,656.8,50
1719469864559,656.8,50
1719469864559,656.8,50
1719469864559,656.8,50
1719469864559,656.8,50
1719469864559,656.8,50
1719469864559,656.8,50
1719469864559,656.8,50
1719469864559,656.8,50
1719469864559,656.8,50
1719469864559,656.8,50
1719469864559,656.8,50
1719469864559,656.8,50
1719469864559,656.8,50
1719469864559,656.8,50
1719469864559,656.8,50
1719469864559,656.8,50
1719469864559,656.8,50
1719469864559,656.8,50
1719469864559,656.8,50
1719469864559,656.8,50
1719469864559,656.8,50
1719469864559,656.8,50
1719469864559,656.8,50
1719469864559,656.8,50
1719469864559,656.8,50
1719469864559,656.8,50
1719469864559,656.8,50
1719469864559,656.8,50
1719469864559,656.8,50
1719469864559,656.8,50
1719469864559,656.8,50
1719469864559,656.8,50
1719469864559,656.8,50
1719469864559,656.8,50
1719469864559,656.8,50
1719469864559,656.8,50
1719469864559,656.8,50
1719469864559,656.8,50
1719469864559,656.8,50
1719469864559,656.8,50
1719469864559,656.8,50
1719469864559,656.8,50
1719469864559,656.8,50
1719469864559,656.8,50
1719469864559,656.8,50
1719469864559,656.8,50
1719469864559,656.8,50
1719469864559,656.8,50
1719469864559,656.8,50
1719469864559,656.8,50
1719469864559,656.8,50
1719469864559,656.8,50
1719469864559,656.8,50
1719469864559,656.8,50
1719469864559,656.8,50
1719469864559,656.8,50
1719469864559,656.8,50
1719469864559,656.8,50
1719469864559,656.8,50
1719469864559,656.8,50
1719469864559,656.8,50
1719469864559,656.8,50
1719469864559,656.8,50
1719469864559,656.8,50
1719469864559,656.8,50
1719469864559,656.8,50
1719469864559,656.8,50
1719469864559,656.8,50
1719469864559,656.8,50
1719469864559,656.8,50
1719469864559,656.8,50
1719469864559,656.8,50
1719469864559,656.8,50
1719469864559,656.8,50
1719469864559,656.8,50
1719469864559,656.8,50
1719469864559,656.8,50
1719469864559,656.8,50
1719469864559,656.8,50
1719469864559,656.8,50
1719469864559,656.8,50
1719469864559,656.8,50
1719469864559,656.8,50
1719469864559,656.8,50
1719469864559,656.8,50
1719469864559,656.8,50
1719469864559,656.8,50
1719470336509,650.5,50
1719470336509,650.5,50
1719470336509,650.5,50
1719470336509,650.5,50
1719470336509,650.5,50
1719470336509,650.5,50
1719470336509,650.5,50
1719470336509,650.5,50
1719470336509,650.5,50
1719470336509,650.5,50
1719470336509,650.5,50
1719470336509,650.5,50
1719470336509,650.5,50
1719470336509,650.5,50
1719470336509,650.5,50
1719470336509,650.5,50
1719470336509,650.5,50
1719470336509,650.5,50
1719470336509,650.5,50
1719470336509,650.5,50
1719470336509,650.5,50
1719470336509,650.5,50
1719470336509,650.5,50
1719470336509,650.5,50
1719470336509,650.5,50
1719470336509,650.5,50
1719470336509,650.5,50
1719470336509,650.5,50
1719470336509,650.5,50
1719470336509,650.5,50
1719470336509,650.5,50
1719470336509,650.5,50
1719470336509,650.5,50
1719470336509,650.5,50
1719470336509,650.5,50
1719470336509,650.5,50
1719470336509,650.5,50
1719470336509,650.5,50
1719470336509,650.5,50
1719470336509,650.5,50
1719470336509,650.5,50
1719470336509,650.5,50
1719470336509,650.5,50
1719470336509,650.5,50
1719470336509,650.5,50
1719470336509,650.5,50
1719470336509,650.5,50
1719470336509,650.5,50
1719470336509,650.5,50
1719470336509,650.5,50
1719470336509,650.5,50
1719470336509,650.5,50
1719470336509,650.5,50
1719470336509,650.5,50
1719470336509,650.5,50
1719470336509,650.5,50
1719470336509,650.5,50
1719470336509,650.5,50
1719470336509,650.5,50
1719470336509,650.5,50
1719470336509,650.5,50
1719470336509,650.5,50
1719470336509,650.5,50
1719470336509,650.5,50
1719470612899,681.75,25
1719470789920,684.9,50
1719470789920,684.9,50
1719470789920,684.9,50
1719470789920,684.9,50
1719470789920,684.9,50
1719470789920,684.9,50
1719470789920,684.9,50
1719470789920,684.9,50
1719470789920,684.9,50
1719470789920,684.9,50
1719470789920,684.9,50
1719470789920,684.9,50
1719470789920,684.9,50
1719470789920,684.9,50
1719470789920,684.9,50
1719470789920,684.9,50
1719470789920,684.9,50
1719470789920,684.9,50
1719470789920,684.9,50
1719470789920,684.9,50
1719470789920,684.9,50
1719470789920,684.9,50
1719470789920,684.9,50
1719470789920,684.9,50
1719470789920,684.9,50
1719470789920,684.9,50
1719470789920,684.9,50
1719470789920,684.9,50
1719470789920,684.9,50
1719470789920,684.9,50
1719470789920,684.9,50
1719470789920,684.9,50
1719470789920,684.9,50
1719470789920,684.9,50
1719470789920,684.9,50
1719470789920,684.9,50
1719470789920,684.9,50
1719470789920,684.9,50
1719470789920,684.9,50
1719470789920,684.9,50
1719470789920,684.9,50
1719470789920,684.9,50
1719470789920,684.9,50
1719470789920,684.9,50
1719470876146,691.2,50
1719470876146,691.2,50
1719470876146,691.2,50
1719470876146,691.2,50
1719470876146,691.2,50
1719470876146,691.2,50
1719470876146,691.2,50
1719470876146,691.2,50
1719470876146,691.2,50
1719470876146,691.2,50
1719470876146,691.2,50
1719470876146,691.2,50
1719470876146,691.2,50
1719470876146,691.2,50
1719470876146,691.2,50
1719470876146,691.2,50
1719470876146,691.2,50
1719470876146,691.2,50
1719470876146,691.2,50
1719470876146,691.2,50
1719470876146,691.2,50
1719470876146,691.2,50
1719470876146,691.2,50
1719470876146,691.2,50
1719470876146,691.2,50
1719470876146,691.2,50
1719470876146,691.2,50
1719470876146,691.2,50
1719470876146,691.2,50
1719470876146,691.2,50
1719470876146,691.2,50
1719470876146,691.2,50
1719470876146,691.2,50
1719470876146,691.2,50
1719470876146,691.2,50
1719470876146,691.2,50
1719470876146,691.2,50
1719470876146,691.2,50
1719470876146,691.2,50
1719470876146,691.2,50
1719470876146,691.2,50
1719470876146,691.2,50
1719470876146,691.2,50
1719470876146,691.2,50
1719470876146,691.2,50
1719470876146,691.2,50
1719470876146,691.2,50
1719470876146,691.2,50
1719470876146,691.2,50
1719470876146,691.2,50
1719470876146,691.2,50
1719470876146,691.2,50
1719470876146,691.2,50
1719470876146,691.2,50
1719470876146,691.2,50
1719470876146,691.2,50
1719470876146,691.2,50
1719470876146,691.2,50
1719470876146,691.2,50
1719470876146,691.2,50
1719470876146,691.2,50
1719470876146,691.2,50
1719470876146,691.2,50
1719470876146,691.2,50
1719470876146,691.2,50
1719470876146,691.2,50
1719470876146,691.2,50
1719470876146,691.2,50
1719470876146,691.2,50
1719470876146,691.2,50
1719470876146,691.2,50
1719470876146,691.2,50
1719470876146,691.2,50
1719470876146,691.2,50
1719470876146,691.2,50
1719470876146,691.2,50
1719470876146,691.2,50
1719470876146,691.2,50
1719471002326,688.0,50
1719471002326,688.0,50
1719471003782,688.0,50
1719471003782,688.0,50
1719471003782,688.0,50
1719471003782,688.0,50
1719471003782,688.0,50
1719471003782,688.0,50
1719471003782,688.0,50
1719471003782,688.0,50
1719471014421,690.05,75
1719471014421,690.05,75
1719471014421,690.05,75
1719471014421,690.05,75
1719471014421,690.05,75
1719471014421,690.05,75
1719471014421,690.05,75
1719471014421,690.05,75
1719471014421,690.05,75
1719471014421,690.05,75
1719471014421,690.05,75
1719471014421,690.05,75
1719471014421,690.05,75
1719471014421,690.05,75
1719471014421,690.05,75
1719471014421,690.05,75
1719471014421,690.05,75
1719471014421,690.05,75
1719471014421,690.05,75
1719471014421,690.05,75
1719471014421,690.05,75
1719471014421,690.05,75
1719471014421,690.05,75
1719471014421,690.05,75
1719471014421,690.05,75
1719471014421,690.05,75
1719471014421,690.05,75
1719471014421,690.05,75
1719471014421,690.05,75
1719471014421,690.05,75
1719471014421,690.05,75
1719471014421,690.05,75
1719471014421,690.05,75
1719471014421,690.05,75
1719471014421,690.05,75
1719471014421,690.05,75
1719471014421,690.05,75
1719471014421,690.05,75
1719471014421,690.05,75
1719471014421,690.05,75
1719471014421,690.05,75
1719471014421,690.05,75
1719471014421,690.05,75
1719471014421,690.05,75
1719471014421,690.05,75
1719471014421,690.05,75
1719471014421,690.05,75
1719471014421,690.05,75
1719471014421,690.05,75
1719471014421,690.05,75
1719471014421,690.05,75
1719471014421,690.05,75
1719471014421,690.05,75
1719471014421,690.05,75
1719471014421,690.05,75
1719471014421,690.05,75
1719471014421,690.05,75
1719471014421,690.05,75
1719471014421,690.05,75
1719471014421,690.05,75
1719471014421,690.05,75
1719471014421,690.05,75
1719471014421,690.05,75
1719471014421,690.05,75
1719471014421,690.05,75
1719471014421,690.05,75
1719471014421,690.05,75
1719471014421,690.05,75
1719471014421,690.05,75
1719471014421,690.05,75
1719471014421,690.05,75
1719471014421,690.05,75
1719471014421,690.05,75
1719471014421,690.05,75
1719471014421,690.05,75
1719471014421,690.05,75
1719471014421,690.05,75
1719471014421,690.05,75
1719471014421,690.05,75
1719471014421,690.05,75
1719471014421,690.05,75
1719471014421,690.05,75
1719471014421,690.05,75
1719471014421,690.05,75
1719471014421,690.05,75
1719471014421,690.05,75
1719471014421,690.05,75
1719471014421,690.05,75
1719471014421,690.05,75
1719471014421,690.05,75
1719471014421,690.05,75
1719471014421,690.05,75
1719471014421,690.05,75
1719471014421,690.05,75
1719471014421,690.05,75
1719471014421,690.05,75
1719471014421,690.05,75
1719471014421,690.05,75
1719471014421,690.05,75
1719471014421,690.05,75
1719471175167,682.95,125
1719471175167,682.95,125
1719471175167,682.95,125
1719471175167,682.95,125
1719471175167,682.95,125
1719471175167,682.95,125
1719471175167,682.95,125
1719471175167,682.95,125
1719471175167,682.95,125
1719471175167,682.95,125
1719471175167,682.95,125
1719471175167,682.95,125
1719471175167,682.95,125
1719471175167,682.95,125
1719471175167,682.95,125
1719471175167,682.95,125
1719471175167,682.95,125
1719471175167,682.95,125
1719471175167,682.95,125
1719471175167,682.95,125
1719471175167,682.95,125
1719471175167,682.95,125
1719471175167,682.95,125
1719471175167,682.95,125
1719471175167,682.95,125
1719471175167,682.95,125
1719471175167,682.95,125
1719471175167,682.95,125
1719471175167,682.95,125
1719471175167,682.95,125
1719471175167,682.95,125
1719471175167,682.95,125
1719471175167,682.95,125
1719471175167,682.95,125
1719471175167,682.95,125
1719471175167,682.95,125
1719471175167,682.95,125
1719471175167,682.95,125
1719471175167,682.95,125
1719471175167,682.95,125
1719471175167,682.95,125
1719471175167,682.95,125
1719471175167,682.95,125
1719471175167,682.95,125
1719471175167,682.95,125
1719471175167,682.95,125
1719471175167,682.95,125
1719471175167,682.95,125
1719471175167,682.95,125
1719471175167,682.95,125
1719471175167,682.95,125
1719471175167,682.95,125
1719471175167,682.95,125
1719471175167,682.95,125
1719471175167,682.95,125
1719471175167,682.95,125
1719471175167,682.95,125
1719471175167,682.95,125
1719471175167,682.95,125
1719471175167,682.95,125
1719471175167,682.95,125
1719471175167,682.95,125
1719471175167,682.95,125
1719471175167,682.95,125
1719471175167,682.95,125
1719471175167,682.95,125
1719471175167,682.95,125
1719471175167,682.95,125
1719471175167,682.95,125
1719471175167,682.95,125
1719471175167,682.95,125
1719471175167,682.95,125
1719471175167,682.95,125
1719471175167,682.95,125
1719471175167,682.95,125
1719471175167,682.95,125
1719471175167,682.95,125
1719471175167,682.95,125
1719471175167,682.95,125
1719471175167,682.95,125
1719471175167,682.95,125
1719471175167,682.95,125
1719471175167,682.95,125
1719471175167,682.95,125
1719471175167,682.95,125
1719471175167,682.95,125
1719471175167,682.95,125
