time,price,volume
1719461503451,178.95,175
1719461504498,179.3,25
1719461505025,179.0,25
1719461505611,178.85,25
1719461506442,178.9,25
1719461506442,178.9,25
1719461507301,179.3,25
1719461508394,179.05,25
1719461508565,178.6,75
1719461509549,179.05,25
1719461510099,178.75,175
1719461510377,178.75,225
1719461511384,178.7,150
1719461511384,178.7,150
1719461512472,178.7,400
1719461512690,179.25,25
1719461514391,178.0,25
1719461514391,178.0,25
1719461515658,178.3,25
1719461516256,177.2,25
1719461516256,177.2,25
1719461517550,177.4,50
1719461518386,178.45,25
1719461518626,178.5,25
1719461519243,178.7,75
1719461519243,178.7,75
1719461520741,178.6,25
1719461521714,178.6,100
1719461521714,178.6,100
1719461522234,179.3,25
1719461523304,178.2,100
1719461524005,178.95,50
1719461524603,179.15,100
1719461525314,179.1,50
1719461525484,178.95,25
1719461526504,179.6,25
1719461526826,180.6,25
1719461527637,180.65,250
1719461527637,180.65,250
1719461529828,180.6,25
1719461530254,180.1,25
1719461530503,180.2,25
1719461531503,180.55,25
1719461531753,180.55,25
1719461532503,180.15,25
1719461533433,180.45,50
1719461533823,180.3,25
1719461534496,180.35,125
1719461535206,180.35,175
1719461535561,180.35,25
1719461536386,180.35,25
1719461536886,180.6,25
1719461536886,180.6,25
1719461537896,180.3,25
1719461539269,180.5,225
1719461539269,180.5,225
1719461540696,181.15,125
1719461541411,181.2,225
1719461541849,181.55,25
1719461542530,181.6,100
1719461543588,181.65,25
1719461544231,182.05,25
1719461544875,181.7,50
1719461544875,181.7,50
1719461545708,182.65,25
1719461546892,182.65,25
1719461547615,182.2,50
1719461548023,181.9,25
1719461548635,181.1,200
1719461548784,181.05,300
1719461550361,181.2,25
1719461550531,181.75,125
1719461550801,181.55,25
1719461551254,181.6,50
1719461551254,181.6,50
1719461552112,181.65,300
1719461552872,181.75,25
1719461554556,181.4,25
1719461555243,181.4,25
1719461555541,181.6,25
1719461556497,181.8,100
1719461556946,181.85,50
1719461557545,181.35,50
1719461558590,181.0,25
1719461559527,181.45,25
1719461559527,181.45,25
1719461561198,181.35,25
1719461561585,181.45,25
1719461561708,181.7,50
1719461562556,182.1,25
1719461563432,183.45,25
1719461563432,183.45,25
1719461564676,183.95,75
1719461565403,183.95,25
1719461565505,183.55,100
1719461566471,183.45,25
1719461567005,183.5,275
1719461567432,183.25,25
1719461568329,183.55,25
1719461569611,182.85,75
1719461570378,183.65,25
1719461570611,183.5,25
1719461571814,182.8,25
1719461571814,182.8,25
1719461571814,182.8,25
1719461573832,183.15,150
1719461574293,182.85,25
1719461575334,183.55,25
1719461575457,183.45,25
1719461575950,182.5,25
1719461575950,182.5,25
1719461577497,182.1,50
1719461578438,181.95,100
1719461579528,182.35,25
1719461580442,182.35,25
1719461580609,182.1,25
1719461580768,182.1,50
1719461581622,182.15,50
1719461581858,182.4,100
1719461582648,182.0,25
1719461583582,181.9,25
1719461584595,182.3,25
1719461585253,182.25,25
1719461585753,182.75,25
1719461586472,183.25,25
1719461586472,183.25,25
1719461587858,183.2,50
1719461588642,183.85,25
1719461588642,183.85,25
1719461589270,183.2,300
1719461589270,183.2,300
1719461591023,184.2,25
1719461591023,184.2,25
1719461592376,184.25,325
1719461592601,184.7,25
1719461593454,184.25,100
1719461594447,183.25,75
1719461594894,183.25,25
1719461594894,183.25,25
1719461596418,182.1,25
1719461596418,182.1,25
1719461597641,182.65,50
1719461598574,183.35,100
1719461599649,182.55,50
1719461600320,182.4,50
1719461600320,182.4,50
1719461600786,182.8,25
1719461600786,182.8,25
1719461602446,182.85,25
1719461603632,183.05,25
1719461605353,183.05,75
1719461606139,182.3,25
1719461606139,182.3,25
1719461607241,182.7,125
1719461607478,183.45,25
1719461607723,183.5,25
1719461609424,183.0,50
1719461609424,183.0,50
1719461610509,183.7,25
1719461610509,183.7,25
1719461610965,183.05,25
1719461610965,183.05,25
1719461612518,183.1,100
1719461612518,183.1,100
1719461614654,183.25,25
1719461614654,183.25,25
1719461616545,183.55,25
1719461617049,183.2,25
1719461617652,183.85,25
1719461618145,183.65,50
1719461619765,183.35,100
1719461619765,183.35,100
1719461621353,182.4,250
1719461621353,182.4,250
1719461622244,182.3,275
1719461622850,182.55,200
1719461622850,182.55,200
1719461623852,182.1,475
1719461624974,180.7,25
1719461624974,180.7,25
1719461625736,180.3,75
1719461626851,181.6,25
1719461626851,181.6,25
1719461627529,180.9,25
1719461628039,180.05,25
1719461628039,180.05,25
1719461628984,180.75,25
1719461630160,180.6,75
1719461630160,180.6,75
1719461631880,181.6,25
1719461631918,181.65,25
1719461632396,180.85,75
1719461633542,181.1,125
1719461633542,181.1,125
1719461634182,180.55,150
1719461634182,180.55,150
1719461636603,181.1,25
1719461636983,181.05,25
1719461637400,181.1,25
1719461638580,181.35,25
1719461639920,181.0,25
1719461640234,181.4,25
1719461640722,181.65,50
1719461640722,181.65,50
1719461640722,181.65,50
1719461642653,181.5,75
1719461642653,181.5,75
1719461643840,181.75,25
1719461644381,181.65,25
1719461645096,181.75,25
1719461645656,181.5,25
1719461646511,181.65,25
1719461647072,181.4,25
1719461647480,181.7,25
1719461648600,181.7,50
1719461648600,181.7,50
1719461649614,182.05,25
1719461650055,182.05,25
1719461650055,182.05,25
1719461651964,181.95,25
1719461651964,181.95,25
1719461652493,181.6,50
1719461653473,180.8,25
1719461653473,180.8,25
1719461654507,180.4,125
1719461655206,180.0,25
1719461655565,180.45,25
1719461656286,180.4,50
1719461656286,180.4,50
1719461658291,180.8,25
1719461658494,181.0,25
1719461658941,182.15,50
1719461659119,182.55,25
1719461659772,181.8,25
1719461660584,181.75,200
1719461661581,182.2,25
1719461661581,182.2,25
1719461662888,183.5,25
1719461663688,183.75,325
1719461663807,183.3,100
1719461664507,183.4,150
1719461665020,183.05,25
1719461665020,183.05,25
1719461666667,182.4,50
1719461667003,182.15,25
1719461667003,182.15,25
1719461668548,180.5,25
1719461668548,180.5,25
1719461669479,181.2,25
1719461670555,180.9,25
1719461670618,181.55,25
1719461670618,181.55,25
1719461671529,181.4,100
1719461672049,181.1,150
1719461672049,181.1,150
1719461673286,181.4,25
1719461673971,182.05,25
1719461674218,182.05,150
1719461675441,182.05,25
1719461675441,182.05,25
1719461676081,181.35,50
1719461677221,180.8,25
1719461677602,180.9,25
1719461678277,181.35,50
1719461678277,181.35,50
1719461679604,182.0,25
1719461679943,182.1,50
1719461679943,182.1,50
1719461681313,182.05,50
1719461682264,181.85,50
1719461682552,181.45,50
1719461683526,180.9,25
1719461685042,181.2,25
1719461685593,180.7,50
1719461685593,180.7,50
1719461686602,180.8,25
1719461687244,180.95,25
1719461687496,180.75,25
1719461688103,181.4,100
1719461688103,181.4,100
1719461689629,180.95,250
1719461690142,180.85,25
1719461690142,180.85,25
1719461690993,180.2,25
1719461690993,180.2,25
1719461692739,181.1,100
1719461692963,181.1,25
1719461692963,181.1,25
1719461692963,181.1,25
1719461695813,180.55,25
1719461696468,180.85,50
1719461696468,180.85,50
1719461698497,181.2,50
1719461698497,181.2,50
1719461699005,182.0,100
1719461699705,182.15,25
1719461699705,182.15,25
1719461700780,180.6,50
1719461701712,179.95,75
1719461702416,178.75,25
1719461702663,179.45,50
1719461703356,179.5,25
1719461703784,179.85,25
1719461704497,179.3,25
1719461705568,180.7,100
1719461705568,180.7,100
1719461706506,181.25,25
1719461707253,181.6,25
1719461707920,182.75,50
1719461708239,181.9,50
1719461708239,181.9,50
1719461709731,182.1,50
1719461710619,180.8,200
1719461710753,180.5,25
1719461711392,180.05,125
1719461712150,180.95,25
1719461712150,180.95,25
1719461712150,180.95,25
1719461714409,181.4,175
1719461714820,181.7,200
1719461715391,181.35,175
1719461715391,181.35,175
1719461716823,181.55,175
1719461716823,181.55,175
1719461718069,180.75,25
1719461718504,180.8,25
1719461718504,180.8,25
1719461719675,179.95,25
1719461720371,179.0,25
1719461720700,179.05,50
1719461721415,179.5,75
1719461722027,179.4,75
1719461722584,179.7,25
1719461723359,180.5,25
1719461723359,180.5,25
1719461748651,176.1,25
1719461748651,176.1,25
1719461749337,175.45,50
1719461750620,175.8,25
1719461750926,175.45,25
1719461751482,174.85,25
1719461752250,174.45,25
1719461752746,174.55,25
1719461753538,174.15,25
1719461754535,175.45,50
1719461755335,174.45,25
1719461755335,174.45,25
1719461756360,174.95,100
1719461757138,174.95,100
1719461757544,175.05,25
1719461758107,175.8,50
1719461759029,174.7,25
1719461759727,175.2,25
1719461760467,175.35,25
1719461760930,175.05,300
1719461761775,174.85,25
1719461762150,174.15,25
1719461762777,174.5,25
1719461763609,174.45,25
1719461763808,174.95,75
1719461764774,174.0,50
1719461765389,174.45,25
1719461766965,174.95,25
1719461767243,174.55,25
1719461767698,174.6,25
1719461768754,175.0,25
1719461768791,174.75,25
1719461769775,175.2,25
1719461770517,174.95,150
1719461770753,174.6,25
1719461771985,175.1,25
1719461772082,175.55,25
1719461772779,175.1,25
1719461773738,175.55,25
1719461773738,175.55,25
1719461774585,176.25,50
1719461775400,175.4,25
1719461775784,175.5,150
1719461776705,175.75,25
1719461776705,175.75,25
1719461777708,176.05,25
1719461778706,175.8,75
1719461778706,175.8,75
1719461779430,175.9,25
1719461780390,175.85,25
1719461780390,175.85,25
1719461781485,175.95,125
1719461782080,175.45,25
1719461782312,174.95,100
1719461783774,174.95,25
1719461783890,175.05,25
1719461784141,175.0,25
1719461785300,175.55,25
1719461785639,175.0,75
1719461786797,173.5,25
1719461786797,173.5,25
1719461787725,173.1,50
1719461788870,172.85,50
1719461789039,173.1,25
1719461789769,172.95,250
1719461790479,172.8,25
1719461790693,172.75,25
1719461791650,173.05,50
1719461792089,173.45,25
1719461792797,173.95,175
1719461793918,173.55,25
1719461794688,174.1,25
1719461795537,174.05,50
1719461795795,173.75,50
1719461796627,173.65,125
1719461796883,174.4,200
1719461797930,173.1,25
1719461798676,173.0,200
1719461798676,173.0,200
1719461800124,173.85,25
1719461800124,173.85,25
1719461800758,173.55,25
1719461801521,173.15,100
1719461801998,173.7,25
1719461801998,173.7,25
1719461803950,173.0,25
1719461804593,174.0,25
1719461805352,173.8,50
1719461805780,173.3,200
1719461806764,173.65,50
1719461806805,173.8,25
1719461807614,173.5,75
1719461808706,173.8,125
1719461808706,173.8,125
1719461809444,173.8,25
1719461810120,174.65,50
1719461810854,173.55,25
1719461811766,173.5,100
1719461811766,173.5,100
1719461812719,173.8,175
1719461813716,173.7,250
1719461814374,174.0,50
1719461815422,174.8,100
1719461815774,174.55,25
1719461816763,174.2,125
1719461817136,175.9,100
1719461817665,175.55,100
1719461818658,175.5,75
1719461818896,175.45,250
1719461818896,175.45,250
1719461818896,175.45,250
1719461818896,175.45,250
1719461821183,175.4,50
1719461821706,175.15,50
1719461822168,175.45,25
1719461822660,175.55,25
1719461823813,175.8,50
1719461823909,175.85,50
1719461824841,176.8,25
1719461825502,175.65,25
1719461825720,176.05,75
1719461826650,176.85,100
1719461826650,176.85,100
1719461827676,176.25,25
1719461828754,176.2,25
1719461829005,176.0,25
1719461829753,176.05,25
1719461830503,176.3,25
1719461830753,176.35,25
1719461831698,177.2,100
1719461832112,176.6,25
1719461832458,176.35,25
1719461833888,175.45,25
1719461834909,175.45,50
1719461835552,174.1,25
1719461835688,174.3,25
1719461836796,175.45,25
1719461836838,175.45,25
1719461836838,175.45,25
1719461838611,176.3,100
1719461838964,176.4,25
1719461839675,177.0,75
1719461840469,177.05,25
1719461840469,177.05,25
1719461841963,177.75,25
1719461842091,177.4,25
1719461842605,177.5,50
1719461843701,177.0,100
1719461843842,177.0,125
1719461844313,176.7,125
1719461844313,176.7,125
1719461845697,177.25,100
1719461846580,177.0,25
1719461846580,177.0,25
1719461847698,177.0,50
1719461848072,177.1,25
1719461849747,177.15,225
1719461850302,177.45,25
1719461850302,177.45,25
1719461850302,177.45,25
1719461851751,177.65,150
1719461851751,177.65,150
1719461852443,177.75,25
1719461852974,177.85,25
1719461852974,177.85,25
1719461854818,177.65,25
1719461855431,177.3,100
1719461855678,177.3,100
1719461856111,177.15,25
1719461857174,177.25,25
1719461857588,177.6,25
1719461858514,177.45,50
1719461859030,177.85,25
1719461859030,177.85,25
1719461860634,178.55,25
1719461860992,178.55,25
1719461861644,177.6,500
1719461861644,177.6,500
1719461862470,177.75,25
1719461863521,177.75,25
1719461863521,177.75,25
1719461863521,177.75,25
1719461865848,177.45,25
1719461866776,177.25,50
1719461866983,177.35,100
1719461867708,177.75,25
1719461868401,177.75,200
1719461868401,177.75,200
1719461869290,178.0,150
1719461870441,178.35,25
1719461870441,178.35,25
1719461871530,178.2,50
1719461872250,178.9,50
1719461872250,178.9,50
1719461873881,179.0,100
1719461874874,179.35,25
1719461875467,179.4,250
1719461875467,179.4,250
1719461876654,179.45,75
1719461877206,179.45,25
1719461877426,179.6,100
1719461878656,179.15,75
1719461879063,179.75,25
1719461879625,179.7,50
1719461880567,179.45,250
1719461880567,179.45,250
1719461881611,179.7,250
1719461882263,180.5,100
1719461882425,180.2,50
1719461884058,179.3,125
1719461884555,179.55,275
1719461885551,179.45,25
1719461885700,179.5,50
1719461886753,178.65,25
1719461887256,178.85,25
1719461887256,178.85,25
1719461888585,179.05,100
1719461889942,179.35,250
1719461890455,179.4,25
1719461890731,179.75,25
1719461891623,179.95,25
1719461892265,180.0,500
1719461892734,180.4,50
1719461893695,180.3,25
1719461893695,180.3,25
1719461894539,180.1,25
1719461895353,180.5,25
1719461895353,180.5,25
1719461896790,179.95,50
1719461897034,179.85,75
1719461897788,180.0,25
1719461898520,180.25,125
1719461898520,180.25,125
1719461898989,180.25,25
1719461900668,179.9,75
1719461900668,179.9,75
1719461901008,180.0,100
1719461901949,179.0,100
1719461902792,178.8,100
1719461902792,178.8,100
1719461904086,179.1,175
1719461904416,179.25,50
1719461905482,179.3,25
1719461905821,179.7,50
1719461906490,180.0,150
1719461907187,180.4,75
1719461907739,179.85,25
1719461908435,180.05,50
1719461908937,179.9,25
1719461909687,179.75,25
1719461910827,180.65,25
1719461910970,181.0,25
1719461911440,181.45,25
1719461911969,181.1,25
1719461912816,180.5,100
1719461913591,180.2,50
1719461914145,181.15,25
1719461915267,181.2,25
1719461915267,181.2,25
1719461916694,181.85,50
1719461917331,180.75,150
1719461917707,180.85,50
1719461918808,180.75,275
1719461919441,180.85,200
1719461920542,180.95,75
1719461920945,180.7,25
1719461921450,179.85,100
1719461922261,179.8,75
1719461922465,179.8,25
1719461923641,180.0,50
1719461923641,180.0,50
1719461923641,180.0,50
1719461926020,178.55,25
1719461926202,179.0,25
1719461926991,179.4,25
1719461926991,179.4,25
1719461928696,179.45,25
1719461929842,180.0,25
1719461929896,179.9,25
1719461930818,179.3,225
1719461931620,179.65,25
1719461931620,179.65,25
1719461932578,179.8,100
1719461933774,179.7,25
1719461933950,180.0,50
1719461934267,179.6,125
1719461935104,180.0,25
1719461936281,179.65,50
1719461936281,179.65,50
1719461937811,179.75,25
1719461938271,180.25,25
1719461938271,180.25,25
1719461939470,179.4,25
1719461940807,179.05,50
1719461940807,179.05,50
1719461941468,179.25,50
1719461942116,179.75,100
1719461942699,179.8,25
1719461943864,179.2,50
1719461944500,179.55,25
1719461945193,179.5,25
1719461945193,179.5,25
1719461946753,178.55,25
1719461947379,178.5,100
1719461947860,178.45,25
1719461948047,178.9,250
1719461949142,178.25,25
1719461949839,178.55,25
1719461950797,178.2,25
1719461951106,178.45,25
1719461952012,178.35,100
1719461952594,178.3,25
1719461953662,178.2,50
1719461954127,178.0,25
1719461954885,178.4,25
1719461954922,178.9,25
1719461954922,178.9,25
1719461956816,178.2,25
1719461956816,178.2,25
1719461957732,177.75,150
1719461958868,177.2,25
1719461959127,176.95,175
1719461960037,176.7,50
1719461960807,175.8,25
1719461961605,174.95,175
1719461962404,174.75,175
1719461962753,175.15,25
1719461963824,174.35,125
1719461964171,175.05,25
1719461964840,174.8,75
1719461965719,174.9,25
1719461966078,175.05,25
1719461966815,175.95,25
1719461966815,175.95,25
1719461967435,175.2,550
1719461968310,175.55,25
1719461968310,175.55,25
1719461970419,175.2,75
1719461970419,175.2,75
1719461971637,175.35,25
1719461971957,175.0,25
1719461971957,175.0,25
1719461972612,174.95,25
1719461973165,175.15,25
1719461974078,176.0,25
1719461974078,176.0,25
1719461975625,175.75,25
1719461976606,175.8,25
1719461977438,175.5,75
1719461977789,175.75,25
1719461978855,176.3,25
1719461978855,176.3,25
1719461979953,176.15,25
1719461980720,176.25,75
1719461981348,176.0,25
1719461981348,176.0,25
1719461983015,175.15,125
1719461983768,174.75,25
1719461984171,174.5,200
1719461984893,174.0,25
1719461985586,174.75,25
1719461985886,174.65,25
1719461986422,174.75,25
1719461987310,174.3,25
1719461987880,174.85,25
1719461988555,174.65,25
1719461988555,174.65,25
1719461989628,174.8,25
1719461990606,174.75,25
1719461992238,174.75,25
1719461992755,175.0,275
1719461993606,174.7,25
1719461994106,174.65,25
1719461994856,174.25,25
1719461995750,173.95,75
1719461995956,174.0,25
1719461996752,175.15,25
1719461997468,175.2,25
1719461997919,175.25,25
1719461998471,175.05,100
1719461999209,174.8,200
1719461999641,174.75,25
1719462000543,175.3,75
1719462000543,175.3,75
1719462001907,174.0,25
1719462002434,173.9,25
1719462002566,173.6,25
1719462003712,174.3,25
1719462003994,174.4,25
1719462004670,174.0,100
1719462005572,174.0,25
1719462005572,174.0,25
1719462006504,173.8,25
1719462007477,173.05,25
1719462007733,172.95,50
1719462008753,172.5,25
1719462009088,172.6,25
1719462009858,172.85,25
1719462010477,172.6,75
1719462010477,172.6,75
1719462012254,173.6,25
1719462012475,173.35,25
1719462012754,173.25,25
1719462013753,173.1,25
1719462014040,173.1,25
1719462015008,173.7,100
1719462015892,172.6,100
1719462017109,172.75,25
1719462017458,172.6,100
1719462017911,172.05,25
1719462018758,172.6,25
1719462018988,172.3,25
1719462019410,172.95,25
1719462020888,172.15,150
1719462020888,172.15,150
1719462022238,174.05,25
1719462022426,174.05,175
1719462022426,174.05,175
1719462023888,174.3,50
1719462023950,174.3,200
1719462024879,174.9,50
1719462025620,174.8,75
1719462025620,174.8,75
1719462026804,174.5,25
1719462027359,174.9,25
1719462028042,175.1,25
1719462028808,174.6,25
1719462028808,174.6,25
1719462029885,174.65,125
1719462030806,174.4,50
1719462030806,174.4,50
1719462030996,174.1,25
1719462031746,174.0,25
1719462032283,174.05,25
1719462032283,174.05,25
1719462033828,173.75,75
1719462033828,173.75,75
1719462035121,174.1,100
1719462035583,174.5,50
1719462036905,173.8,75
1719462037529,174.75,50
1719462037529,174.75,50
1719462038809,174.35,25
1719462038940,174.15,300
1719462039854,174.6,25
1719462040413,174.05,300
1719462041925,174.55,50
1719462042095,174.9,475
1719462043198,174.45,25
1719462043480,175.0,25
1719462044108,175.3,100
1719462044809,174.95,125
1719462045914,174.95,100
1719462046657,175.05,150
1719462047462,174.65,300
1719462047749,174.65,200
1719462049080,174.55,50
1719462049557,174.6,25
1719462050823,173.85,25
1719462051440,173.75,175
1719462052524,173.75,75
1719462052591,173.1,25
1719462053936,173.0,50
1719462054028,173.4,25
1719462054773,173.9,100
1719462055821,174.1,25
1719462055821,174.1,25
1719462058522,175.0,200
1719462059034,175.6,250
1719462059854,175.4,125
1719462060699,174.75,200
1719462060699,174.75,200
1719462061967,173.85,50
1719462061967,173.85,50
1719462062812,173.95,50
1719462063755,174.6,50
1719462064171,174.9,50
1719462064943,175.6,100
1719462064943,175.6,100
1719462064943,175.6,100
1719462066754,175.45,25
1719462067473,175.8,25
1719462067473,175.8,25
1719462069135,175.4,50
1719462069135,175.4,50
1719462069591,175.6,25
1719462070899,175.3,25
1719462071753,175.4,25
1719462072467,175.05,25
1719462072800,175.7,125
1719462073564,175.25,25
1719462074035,175.15,25
1719462074035,175.15,25
1719462075609,175.35,25
1719462076630,175.35,25
1719462077124,175.05,50
1719462077124,175.05,50
1719462078755,175.0,25
1719462079337,175.15,250
1719462079614,174.95,25
1719462080610,174.8,75
1719462081621,175.05,25
1719462082586,175.45,175
1719462082754,177.4,50
1719462082754,177.4,50
1719462085506,176.5,25
1719462085896,176.8,50
1719462086565,176.2,100
1719462087331,176.25,100
1719462087331,176.25,100
1719462088680,175.9,75
1719462089377,176.25,25
1719462089969,176.0,75
1719462089969,176.0,75
1719462089969,176.0,75
1719462091899,176.5,25
1719462092499,176.35,25
1719462093154,176.4,75
1719462093579,176.85,100
1719462094170,177.05,25
1719462094906,177.35,75
1719462095954,176.5,50
1719462096932,176.8,100
1719462097403,176.8,125
1719462097673,176.7,100
1719462098550,177.0,100
1719462099373,176.25,400
1719462099922,175.95,225
1719462100659,176.05,450
1719462101935,176.45,125
1719462101935,176.45,125
1719462102699,176.5,25
1719462104017,175.95,75
1719462104201,176.4,25
1719462104597,175.95,300
1719462105944,176.65,25
1719462105944,176.65,25
1719462106872,176.25,50
1719462106872,176.25,50
1719462107957,176.2,50
1719462108659,175.5,350
1719462109382,175.75,100
1719462109819,175.1,100
1719462110571,174.65,75
1719462111970,175.1,225
1719462112633,174.7,125
1719462113177,173.5,25
1719462113500,174.05,175
1719462114207,174.6,200
1719462114851,175.0,125
1719462116016,174.7,50
1719462116599,174.95,50
1719462116599,174.95,50
1719462117736,175.55,25
1719462118711,175.6,25
1719462119349,176.7,100
1719462119880,176.1,100
1719462120020,176.0,25
1719462120919,175.9,25
1719462120919,175.9,25
1719462121892,176.75,25
1719462122449,177.0,100
1719462122952,176.65,300
1719462123583,176.2,50
1719462124183,176.7,125
1719462124667,176.5,50
1719462125002,176.3,125
1719462126721,176.65,50
1719462127644,176.2,25
1719462127644,176.2,25
1719462128775,176.5,25
1719462129878,176.45,50
1719462130569,176.8,50
1719462130569,176.8,50
1719462132292,176.35,50
1719462132592,176.65,50
1719462132837,177.0,25
1719462133924,176.5,125
1719462134212,176.75,25
1719462134932,175.95,25
1719462134932,175.95,25
1719462135987,176.8,25
1719462136602,176.0,25
1719462137381,176.85,50
1719462137741,176.35,25
1719462139142,177.3,25
1719462140116,178.0,100
1719462140874,177.3,900
1719462140874,177.3,900
1719462141875,177.4,25
1719462142515,177.7,175
1719462142687,177.5,225
1719462143249,177.7,25
1719462143249,177.7,25
1719462144861,177.7,125
1719462145869,177.55,250
1719462145869,177.55,250
1719462146702,177.3,125
1719462147635,176.6,25
1719462147725,176.6,125
1719462148492,176.15,75
1719462148492,176.15,75
1719462149989,176.2,125
1719462150535,176.55,125
1719462150535,176.55,125
1719462151550,177.0,25
1719462152044,177.35,25
1719462152044,177.35,25
1719462153137,177.1,25
1719462154197,177.4,100
1719462154687,176.85,125
1719462154998,177.3,50
1719462154998,177.3,50
1719462157057,177.3,125
1719462157309,176.75,25
1719462157309,176.75,25
1719462159211,177.55,25
1719462159211,177.55,25
1719462159541,177.6,25
1719462160861,177.55,25
1719462160861,177.55,25
1719462161709,177.7,50
1719462161709,177.7,50
1719462162952,178.15,75
1719462163833,177.95,25
1719462163833,177.95,25
1719462164371,178.5,50
1719462165161,178.2,25
1719462165161,178.2,25
1719462165161,178.2,25
1719462167952,178.0,150
1719462168662,178.1,100
1719462169271,178.7,75
1719462169878,179.5,25
1719462170785,178.85,25
1719462170785,178.85,25
1719462171946,178.6,50
1719462172711,178.0,25
1719462172908,177.95,75
1719462173602,177.75,150
1719462174251,177.35,100
1719462174681,177.2,25
1719462174681,177.2,25
1719462174681,177.2,25
1719462178218,179.45,25
1719462178474,179.75,200
1719462178474,179.75,200
1719462179972,179.4,25
1719462179972,179.4,25
1719462179972,179.4,25
1719462180951,179.65,25
1719462181986,179.95,25
1719462182534,179.15,125
1719462182987,179.4,25
1719462183949,179.45,100
1719462184177,179.6,25
1719462184856,179.4,225
1719462185624,179.4,25
1719462186023,179.65,25
1719462187018,180.0,125
1719462187018,180.0,125
1719462187018,180.0,125
1719462188883,179.95,25
1719462189501,179.7,75
1719462189583,179.15,25
1719462189583,179.15,25
1719462191337,179.6,25
1719462191518,179.7,450
1719462191518,179.7,450
1719462193367,179.55,25
1719462193919,179.7,25
1719462193919,179.7,25
1719462194806,179.6,25
1719462195868,179.6,25
1719462196854,179.85,25
1719462197161,179.9,25
1719462197896,179.15,125
1719462198173,179.65,250
1719462198173,179.65,250
1719462199868,179.4,50
1719462200878,179.0,100
1719462200878,179.0,100
1719462201898,178.55,25
1719462202727,178.3,225
1719462202934,178.45,75
1719462203577,178.6,75
1719462204410,177.55,25
1719462204410,177.55,25
1719462205694,177.8,25
1719462205694,177.8,25
1719462206719,177.65,25
1719462207711,177.4,25
1719462207711,177.4,25
1719462208937,178.45,25
1719462209548,178.3,50
1719462209743,177.8,200
1719462210393,178.9,225
1719462210393,178.9,225
1719462211128,179.0,25
1719462211528,178.95,25
1719462212664,179.0,25
1719462212868,178.7,100
1719462213485,178.3,25
1719462214521,178.5,25
1719462214745,178.65,150
1719462215777,179.0,50
1719462215777,179.0,50
1719462216815,178.55,25
1719462217756,178.45,25
1719462218024,178.7,25
1719462218451,178.55,25
1719462219376,178.2,25
1719462219376,178.2,25
1719462219376,178.2,25
1719462222043,178.8,25
1719462222669,178.6,25
1719462222669,178.6,25
1719462223892,177.95,75
1719462223892,177.95,75
1719462225085,178.9,25
1719462225938,178.0,25
1719462226725,178.3,25
1719462227626,178.75,25
1719462227952,177.9,25
1719462228811,178.55,75
1719462229297,178.5,25
1719462229297,178.5,25
1719462230740,179.0,225
1719462230740,179.0,225
1719462231296,179.0,25
1719462232773,179.05,75
1719462232773,179.05,75
1719462233934,178.55,25
1719462234092,178.5,275
1719462235004,178.45,225
1719462235806,178.65,25
1719462235806,178.65,25
1719462236740,178.95,25
1719462237806,179.8,25
1719462237806,179.8,25
1719462239033,179.2,75
1719462239033,179.2,75
1719462239964,178.95,100
1719462240158,179.2,25
1719462241005,178.4,25
1719462241005,178.4,25
1719462241997,178.0,50
1719462242159,178.05,575
1719462242921,178.0,25
1719462243491,177.45,25
1719462244085,177.7,50
1719462244085,177.7,50
1719462246029,177.5,25
1719462246029,177.5,25
1719462247070,177.05,25
1719462247070,177.05,25
1719462247916,177.4,50
1719462248894,176.55,50
1719462249406,177.3,25
1719462249780,177.5,25
1719462250994,177.85,25
1719462251227,178.4,50
1719462251638,178.3,25
1719462252755,178.75,50
1719462252917,179.3,75
1719462254052,179.25,25
1719462254052,179.25,25
1719462254825,178.5,25
1719462254825,178.5,25
1719462256348,178.7,25
1719462257273,178.7,75
1719462257760,178.6,25
1719462257929,178.6,25
1719462258942,178.8,75
1719462259459,178.6,25
1719462259625,179.2,25
1719462261058,178.6,25
1719462261058,178.6,25
1719462262791,178.2,25
1719462262791,178.2,25
1719462263976,178.0,150
1719462264394,177.75,25
1719462264612,177.85,75
1719462265516,178.0,25
1719462265516,178.0,25
1719462267445,177.5,25
1719462267677,177.4,50
1719462267956,177.6,150
1719462268790,177.85,25
1719462268790,177.85,25
1719462270062,177.5,25
1719462270840,177.75,75
1719462270840,177.75,75
1719462272070,177.8,25
1719462272070,177.8,25
1719462273035,177.75,25
1719462274109,177.9,50
1719462274109,177.9,50
1719462274983,177.75,25
1719462275837,177.3,75
1719462277652,176.6,25
1719462277652,176.6,25
1719462277958,176.45,25
1719462278690,176.4,25
1719462279446,176.2,50
1719462279695,176.0,125
1719462280266,175.85,25
1719462281182,175.85,25
1719462282444,175.5,25
1719462283255,176.05,50
1719462283737,176.1,50
1719462284219,176.05,25
1719462285070,176.75,200
1719462285272,176.3,25
1719462287244,176.05,25
1719462287872,176.05,75
1719462287872,176.05,75
1719462288523,176.5,100
1719462289222,176.0,25
1719462290237,175.6,25
1719462291045,175.1,50
1719462291170,175.0,25
1719462292098,174.3,25
1719462292810,174.6,25
1719462292810,174.6,25
1719462293269,174.85,25
1719462294283,175.45,25
1719462295018,175.9,25
1719462295899,175.55,50
1719462296737,175.8,25
1719462296737,175.8,25
1719462298870,175.3,200
1719462298870,175.3,200
1719462299536,175.85,25
1719462300380,175.05,75
1719462300744,174.9,25
1719462300744,174.9,25
1719462301872,175.0,50
1719462302886,174.85,50
1719462302986,175.2,50
1719462303461,175.65,25
1719462303461,175.65,25
1719462304701,175.4,25
1719462305890,175.5,75
1719462306111,175.55,50
1719462307003,175.1,25
1719462307879,174.4,25
1719462307991,174.95,100
1719462309024,175.35,100
1719462309519,175.45,100
1719462310255,175.5,25
1719462310732,175.25,25
1719462311321,175.45,100
1719462312046,173.9,50
1719462312847,173.0,25
1719462313006,172.7,25
1719462313999,173.8,75
1719462314504,173.5,25
1719462314504,173.5,25
1719462316251,173.6,150
1719462316251,173.6,150
1719462316591,174.35,25
1719462317126,173.8,25
1719462317126,173.8,25
1719462318926,173.8,50
1719462319443,173.8,25
1719462319591,173.8,100
1719462321229,173.85,75
1719462321229,173.85,75
1719462322855,173.8,75
1719462322855,173.8,75
1719462324284,173.8,50
1719462324415,173.8,225
1719462324415,173.8,225
1719462325811,173.6,50
1719462326269,174.1,25
1719462326269,174.1,25
1719462326269,174.1,25
1719462327987,173.8,225
1719462329086,172.65,25
1719462329086,172.65,25
1719462330008,173.4,50
1719462330724,172.8,25
1719462330724,172.8,25
1719462330724,172.8,25
1719462331734,172.85,25
1719462332991,174.05,50
1719462334150,173.0,25
1719462334150,173.0,25
1719462335005,173.95,175
1719462335797,173.8,50
1719462335797,173.8,50
1719462336611,173.65,175
1719462338006,174.1,25
1719462338006,174.1,25
1719462338720,174.25,25
1719462339138,174.2,25
1719462339576,173.8,25
1719462340457,173.55,50
1719462340457,173.55,50
1719462342378,174.1,25
1719462342378,174.1,25
1719462342378,174.1,25
1719462342378,174.1,25
1719462347207,174.6,25
1719462347892,173.95,25
1719462347892,173.95,25
1719462347892,173.95,25
1719462349890,174.25,25
1719462349890,174.25,25
1719462352465,174.05,200
1719462352465,174.05,200
1719462354070,175.0,25
1719462354391,174.9,500
1719462354940,173.9,75
1719462355934,174.15,50
1719462355934,174.15,50
1719462357098,174.3,225
1719462357822,174.05,50
1719462358383,174.95,25
1719462358383,174.95,25
1719462360110,174.6,25
1719462360753,174.8,125
1719462360753,174.8,125
1719462361319,174.55,25
1719462361863,174.15,25
1719462362692,175.0,100
1719462362692,175.0,100
1719462363638,175.15,75
1719462363638,175.15,75
1719462365127,175.25,25
1719462366095,175.3,100
1719462366320,175.7,25
1719462366668,175.75,25
1719462367624,176.15,25
1719462368112,175.8,100
1719462368934,175.7,25
1719462369287,175.7,25
1719462370099,175.45,100
1719462370753,174.7,25
1719462370753,174.7,25
1719462371968,174.25,25
1719462372727,174.15,25
1719462372727,174.15,25
1719462375662,174.3,125
1719462375662,174.3,125
1719462376475,174.15,175
1719462376685,174.65,25
1719462376685,174.65,25
1719462378127,174.9,25
1719462378651,175.2,25
1719462378651,175.2,25
1719462380244,175.75,375
1719462381029,175.85,25
1719462381029,175.85,25
1719462381805,176.45,25
1719462382907,175.6,25
1719462382907,175.6,25
1719462383970,175.9,100
1719462384694,175.65,250
1719462384991,175.35,200
1719462385241,175.25,50
1719462385241,175.25,50
1719462386810,175.3,50
1719462387810,175.35,25
1719462388602,175.8,375
1719462388602,175.8,375
1719462390092,176.3,25
1719462390092,176.3,25
1719462391345,176.0,100
1719462391345,176.0,100
1719462391873,175.95,25
1719462392830,176.05,50
1719462392830,176.05,50
1719462394410,175.2,25
1719462394606,175.85,225
1719462394606,175.85,225
1719462395995,174.65,25
1719462395995,174.65,25
1719462396755,175.05,25
1719462397188,174.0,100
1719462399140,174.25,25
1719462399851,172.95,75
1719462400137,171.9,250
1719462401115,171.0,25
1719462401157,171.05,25
1719462402120,170.2,25
1719462403136,169.4,50
1719462403832,169.0,25
1719462404443,169.5,50
1719462405264,169.9,25
1719462405958,169.8,125
1719462406480,169.8,100
1719462407017,169.45,50
1719462407780,169.0,25
1719462408106,168.0,50
1719462409730,168.2,25
1719462409788,167.9,75
1719462409788,167.9,75
1719462411070,167.7,25
1719462411344,168.35,50
1719462411856,167.15,125
1719462412335,167.85,75
1719462414009,167.95,100
1719462414880,167.0,75
1719462415112,166.05,150
1719462415987,165.25,25
1719462416470,165.15,100
1719462417142,165.4,50
1719462418042,165.1,25
1719462418278,165.05,25
1719462419270,164.55,25
1719462419832,164.1,275
1719462420506,163.75,25
1719462420814,163.35,50
1719462421132,162.85,50
1719462421470,163.15,50
1719462422358,161.4,50
1719462423085,161.4,50
1719462423596,162.3,25
1719462424524,162.2,100
1719462424839,163.2,75
1719462425440,162.9,50
1719462426255,163.1,25
1719462426504,163.35,25
1719462427005,163.05,25
1719462427978,164.4,25
1719462428254,164.15,25
1719462429253,163.3,25
1719462429547,163.2,25
1719462430272,163.85,25
1719462431327,163.55,50
1719462431362,164.15,25
1719462431780,164.0,100
1719462433066,164.7,125
1719462433351,164.3,25
1719462433850,164.55,25
1719462434721,163.45,25
1719462435191,163.0,25
1719462436276,162.9,25
1719462437135,162.95,25
1719462438096,162.35,100
1719462439122,162.15,25
1719462439641,162.45,200
1719462440047,163.0,25
1719462441139,163.3,50
1719462441315,163.15,50
1719462441996,162.65,100
1719462443035,162.6,50
1719462444356,162.35,25
1719462444650,161.8,25
1719462445145,161.7,25
1719462445927,161.4,25
1719462446322,161.45,25
1719462447177,161.75,25
1719462448064,161.95,100
1719462448154,162.0,150
1719462448805,162.55,25
1719462449506,162.25,25
1719462450362,162.3,50
1719462450850,163.3,25
1719462451066,163.55,150
1719462451358,162.85,100
1719462452119,163.0,250
1719462453073,163.5,25
1719462453330,163.45,100
1719462453769,162.75,425
1719462454503,162.4,100
1719462455174,162.35,100
1719462456072,162.1,25
1719462456072,162.1,25
1719462456664,162.15,100
1719462458144,162.75,125
1719462459022,163.1,200
1719462459022,163.1,200
1719462459935,162.8,50
1719462460685,162.45,25
1719462461321,162.65,75
1719462462258,161.45,25
1719462463059,160.75,25
1719462463976,161.0,25
1719462464757,161.15,25
1719462465172,160.8,50
1719462466043,160.0,125
1719462466043,160.0,125
1719462467294,158.95,75
1719462468058,158.65,100
1719462468208,159.0,200
1719462469521,158.25,50
1719462469521,158.25,50
1719462470190,157.9,50
1719462471180,156.95,25
1719462471359,157.95,25
1719462472182,156.35,25
1719462474069,156.15,25
1719462474702,155.95,75
1719462475059,156.3,25
1719462476099,156.1,100
1719462476356,155.0,25
1719462477132,154.5,25
1719462478014,154.95,125
1719462479071,156.1,25
1719462479789,156.1,25
1719462480140,155.85,25
1719462480818,154.6,25
1719462481394,154.25,250
1719462482356,153.9,25
1719462483191,153.05,25
1719462484197,153.9,150
1719462484678,154.4,25
1719462485052,153.45,100
1719462486165,154.8,325
1719462486408,154.35,50
1719462487147,154.4,125
1719462488047,155.2,25
1719462488368,155.4,25
1719462489186,155.35,50
1719462489781,155.25,50
1719462490358,155.0,25
1719462491418,154.7,25
1719462492584,154.05,350
1719462493195,154.65,25
1719462494165,154.65,25
1719462494643,154.5,25
1719462495323,154.0,100
1719462496081,154.7,225
1719462496081,154.7,225
1719462497196,154.15,50
1719462498174,154.35,25
1719462499605,155.65,125
1719462499812,155.75,25
1719462499959,155.75,100
1719462500984,154.5,25
1719462501425,154.9,75
1719462502166,154.45,100
1719462503242,154.4,75
1719462504016,154.85,25
1719462504846,154.05,25
1719462505150,154.05,25
1719462506055,153.4,25
1719462507555,152.8,350
1719462508162,152.95,25
1719462509148,153.65,25
1719462509628,153.4,25
1719462510150,153.25,75
1719462510780,153.75,50
1719462511235,153.55,25
1719462511950,153.15,50
1719462513194,152.05,25
1719462514113,152.6,50
1719462514763,152.6,25
1719462515133,152.85,150
1719462516096,152.4,25
1719462516434,152.55,250
1719462517384,153.0,50
1719462518176,152.65,250
1719462519349,153.35,50
1719462519597,153.15,25
1719462519990,152.6,25
1719462521154,153.6,25
1719462521154,153.6,25
1719462522417,153.95,25
1719462523181,153.7,25
1719462524002,154.2,150
1719462524819,153.55,225
1719462525140,153.9,25
1719462526171,154.15,25
1719462526171,154.15,25
1719462527346,153.7,25
1719462528174,154.0,250
1719462528174,154.0,250
1719462529351,154.3,150
1719462529878,154.7,25
1719462530212,154.8,25
1719462531344,154.15,25
1719462531991,153.8,25
1719462533297,153.9,25
1719462533297,153.9,25
1719462534143,154.2,75
1719462534543,153.7,25
1719462535165,153.7,25
1719462536304,153.65,75
1719462537095,154.0,200
1719462538284,153.95,25
1719462539205,153.75,25
1719462539898,153.2,25
1719462540083,153.35,25
1719462540731,153.75,25
1719462541300,153.9,25
1719462541500,153.45,50
1719462542152,152.75,50
1719462543175,153.3,25
1719462543175,153.3,25
1719462544058,153.7,50
1719462544811,153.2,25
1719462545398,153.2,25
1719462546155,153.65,25
1719462546525,153.65,25
1719462547243,154.0,25
1719462548021,153.6,25
1719462549563,153.7,25
1719462549880,153.5,25
1719462550238,153.45,25
1719462550959,153.55,25
1719462551482,153.05,25
1719462552374,153.05,75
1719462553075,153.3,25
1719462553232,152.9,50
1719462554094,153.0,25
1719462554906,152.8,300
1719462555421,152.5,25
1719462556417,152.0,25
1719462556511,151.95,50
1719462556762,152.15,50
1719462558051,151.85,25
1719462558214,151.95,25
1719462559379,152.0,325
1719462559925,152.15,75
1719462560077,152.05,1800
1719462561112,152.2,25
1719462561326,152.15,25
1719462562270,152.0,100
1719462563130,152.1,25
1719462563358,152.45,25
1719462564093,152.25,25
1719462564788,152.2,75
1719462565181,152.15,25
1719462566193,152.0,25
1719462566254,151.95,25
1719462566966,152.05,25
1719462568119,151.7,250
1719462568119,151.7,250
1719462568778,151.95,50
1719462569354,151.85,25
1719462570003,151.85,50
1719462570783,152.0,50
1719462571117,151.8,25
1719462571470,150.6,25
1719462572258,151.2,25
1719462573187,151.5,25
1719462574419,151.65,50
1719462574828,151.45,25
1719462575441,152.3,50
1719462576415,152.6,400
1719462576471,152.4,175
1719462577005,153.0,25
1719462578133,153.35,25
1719462578236,153.65,25
1719462579186,153.55,25
1719462579794,153.95,50
1719462579794,153.95,50
1719462581162,153.5,200
1719462581162,153.5,200
1719462581825,153.45,25
1719462582893,153.85,100
1719462582893,153.85,100
1719462584055,153.55,225
1719462584848,152.8,25
1719462585180,152.95,25
1719462586257,152.85,25
1719462586257,152.85,25
1719462587179,152.5,25
1719462588074,152.7,450
1719462588954,152.6,25
1719462589669,152.5,25
1719462590084,152.25,300
1719462590994,152.5,25
1719462591557,152.6,25
1719462592181,152.25,25
1719462592962,152.45,50
1719462592962,152.45,50
1719462594191,152.5,50
1719462594556,152.55,25
1719462594556,152.55,25
1719462596097,152.7,25
1719462596546,152.7,25
1719462597163,152.7,25
1719462598123,152.55,25
1719462598123,152.55,25
1719462599203,151.7,25
1719462599905,152.15,50
1719462600425,150.75,25
1719462600822,150.45,25
1719462601264,150.4,50
1719462601466,150.0,25
1719462602191,150.0,25
1719462603145,150.15,50
1719462603260,151.15,25
1719462604141,151.75,50
1719462604980,151.9,25
1719462605103,151.8,100
1719462606066,152.45,25
1719462606488,152.55,25
1719462606915,152.5,25
1719462608170,152.4,25
1719462608170,152.4,25
1719462609109,151.8,50
1719462609958,152.6,25
1719462610173,152.05,100
1719462611453,152.15,25
1719462611592,152.15,25
1719462612256,152.3,25
1719462613004,151.5,100
1719462613319,151.9,50
1719462614248,151.6,25
1719462614971,151.35,25
1719462615467,151.2,25
1719462616387,151.6,25
1719462616387,151.6,25
1719462617214,151.55,75
1719462617214,151.55,75
1719462618494,152.1,25
1719462619104,152.3,25
1719462619892,152.45,175
1719462619892,152.45,175
1719462621106,152.45,50
1719462621467,152.2,25
1719462622209,152.5,50
1719462623449,152.95,125
1719462624502,153.0,625
1719462624996,153.3,25
1719462625463,153.35,25
1719462626254,153.1,25
1719462626503,153.25,25
1719462627181,152.9,25
1719462628189,152.0,450
1719462628189,152.0,450
1719462629056,152.0,25
1719462629635,152.25,100
1719462630304,152.35,25
1719462630304,152.35,25
1719462631400,151.75,25
1719462632096,152.0,25
1719462633254,151.5,25
1719462633399,151.2,100
1719462634205,151.0,500
1719462635054,150.85,25
1719462635054,150.85,25
1719462635759,151.1,75
1719462636578,150.8,25
1719462637201,151.25,125
1719462638157,151.25,225
1719462638993,151.6,175
1719462639831,152.0,25
1719462640075,152.0,25
1719462641452,151.9,25
1719462641648,151.35,75
1719462642215,151.65,900
1719462643262,151.8,25
1719462643380,152.15,25
1719462644482,152.2,25
1719462645033,151.95,25
1719462645458,152.05,75
1719462646405,151.7,50
1719462646545,151.65,25
1719462647339,151.1,25
1719462648406,151.55,50
1719462649196,151.0,75
1719462649735,150.85,25
1719462650416,151.95,75
1719462651161,151.55,25
1719462651585,151.4,25
1719462652252,151.5,25
1719462652896,151.75,25
1719462652896,151.75,25
1719462654442,151.3,325
1719462655039,152.0,25
1719462655187,152.0,75
1719462655809,151.55,50
1719462655809,151.55,50
1719462657440,151.4,125
1719462658228,150.15,50
1719462658491,150.7,125
1719462659187,150.6,125
1719462659969,149.8,25
1719462659969,149.8,25
1719462660826,148.85,25
1719462661301,148.7,25
1719462661669,148.75,50
1719462662242,148.75,25
1719462663321,148.8,225
1719462704526,147.05,200
1719462704922,147.15,100
1719462704922,147.15,100
1719462706144,147.1,25
1719462706732,146.9,25
1719462707289,146.5,100
1719462708128,147.0,25
1719462708345,147.05,25
1719462709300,146.8,325
1719462710096,147.4,25
1719462710532,147.7,25
1719462711164,147.2,50
1719462711767,146.9,25
1719462712113,146.35,150
1719462713179,146.0,25
1719462713179,146.0,25
1719462714257,145.0,25
1719462715151,144.5,300
1719462715282,145.25,25
1719462716273,144.9,125
1719462716273,144.9,125
1719462717292,145.0,25
1719462718265,145.25,25
1719462718416,144.95,25
1719462719030,144.8,250
1719462719793,145.2,150
1719462720447,145.0,25
1719462720753,145.0,25
1719462721335,143.5,200
1719462721772,142.8,125
1719462722329,142.1,100
1719462722995,142.05,25
1719462722995,142.05,25
1719462724381,142.4,25
1719462725205,142.9,50
1719462725514,143.15,50
1719462726522,143.15,25
1719462727261,143.05,25
1719462728261,143.1,50
1719462728261,143.1,50
1719462729313,143.3,50
1719462729806,144.3,25
1719462729806,144.3,25
1719462731544,143.7,50
1719462731749,143.8,25
1719462732479,144.1,150
1719462733303,143.95,275
1719462733492,143.95,725
1719462734393,143.8,25
1719462735200,144.45,50
1719462735718,144.5,25
1719462736293,144.7,25
1719462736613,144.85,50
1719462737236,145.1,25
1719462738235,145.1,25
1719462738366,145.0,100
1719462739001,144.55,25
1719462739743,145.0,50
1719462740328,144.8,25
1719462741200,144.45,200
1719462741737,144.95,50
1719462742018,145.15,100
1719462743104,144.3,50
1719462743504,144.45,25
1719462744145,144.6,25
1719462745155,144.1,50
1719462745155,144.1,50
1719462746022,144.15,25
1719462746807,144.75,75
1719462747266,144.5,50
1719462747998,144.65,350
1719462749344,144.15,25
1719462749762,144.6,125
1719462749762,144.6,125
1719462750858,144.65,25
1719462751267,144.75,25
1719462751751,144.5,25
1719462752746,144.3,25
1719462753321,143.85,25
1719462753452,143.75,225
1719462754090,143.85,50
1719462754469,144.25,300
1719462754469,144.25,300
1719462756329,144.05,50
1719462756741,143.9,25
1719462757717,143.1,25
1719462758448,143.75,25
1719462758448,143.75,25
1719462759566,143.75,25
1719462760201,143.2,25
1719462760558,143.25,25
1719462761216,143.5,25
1719462761747,143.2,50
1719462761996,143.35,25
1719462763444,143.0,25
1719462763546,143.05,25
1719462764081,144.0,25
1719462765179,143.75,25
1719462765179,143.75,25
1719462766304,143.4,25
1719462766392,143.35,25
1719462767073,143.35,25
1719462768541,143.6,25
1719462769541,142.9,25
1719462770049,143.15,50
1719462770380,142.75,25
1719462771337,142.55,25
1719462771824,140.8,25
1719462772350,140.65,25
1719462773313,140.45,50
1719462773313,140.45,50
1719462773870,140.35,50
1719462775233,140.25,50
1719462775346,140.5,100
1719462776524,139.15,25
1719462776839,139.85,50
1719462777350,140.15,25
1719462778336,140.45,25
1719462778459,140.35,25
1719462779565,140.25,25
1719462780272,140.55,50
1719462780531,140.35,25
1719462780762,140.4,25
1719462781869,139.45,25
1719462782545,139.2,25
1719462783476,138.8,25
1719462783752,139.15,25
1719462784350,138.4,100
1719462785259,138.5,50
1719462785290,138.4,25
1719462786362,138.5,50
1719462786746,138.35,25
1719462787380,138.55,75
1719462788489,138.6,25
1719462789126,138.65,50
1719462790187,137.8,25
1719462790584,137.45,25
1719462791287,137.55,25
1719462791831,138.3,25
1719462792548,137.15,25
1719462793448,138.45,50
1719462794548,137.7,75
1719462795272,138.25,25
1719462795327,138.1,50
1719462796457,138.3,50
1719462796618,138.1,25
1719462797362,138.35,25
1719462798118,139.2,25
1719462798118,139.2,25
1719462799330,138.85,25
1719462800271,137.9,25
1719462800418,138.15,25
1719462801416,137.9,25
1719462801837,137.65,75
1719462802333,137.7,25
1719462803359,138.0,50
1719462803359,138.0,50
1719462804317,138.05,50
1719462804982,138.8,100
1719462805475,138.0,125
1719462806466,139.0,25
1719462806860,139.6,25
1719462807215,139.7,25
1719462808042,139.7,50
1719462808042,139.7,50
1719462809184,139.5,25
1719462810140,140.5,25
1719462810644,140.0,100
1719462811340,140.25,25
1719462811905,140.35,25
1719462812710,140.15,25
1719462813523,139.45,25
1719462813853,138.8,350
1719462814358,139.15,25
1719462815342,139.4,25
1719462815342,139.4,25
1719462816376,139.35,25
1719462816859,139.45,400
1719462817365,139.35,25
1719462818526,140.3,100
1719462819537,140.75,25
1719462820257,141.3,25
1719462820708,141.1,125
1719462821730,141.65,25
1719462821908,141.65,25
1719462822361,141.45,25
1719462823524,141.45,25
1719462824445,141.4,150
1719462825351,141.25,150
1719462825445,141.25,50
1719462825616,140.95,75
1719462826920,141.8,100
1719462827213,140.85,25
1719462828359,141.4,50
1719462828359,141.4,50
1719462829300,141.4,25
1719462830366,141.0,25
1719462831196,141.5,50
1719462831846,141.5,25
1719462832297,141.0,25
1719462833386,140.65,25
1719462833442,140.65,25
1719462834048,140.95,50
1719462835260,141.0,25
1719462835596,140.85,100
1719462836375,141.05,25
1719462836782,141.35,50
1719462837195,141.2,25
1719462838227,141.1,25
1719462838528,141.25,25
1719462839595,140.65,25
1719462840259,140.0,25
1719462840813,140.4,25
1719462841352,140.5,100
1719462841443,140.55,25
1719462842481,140.9,50
1719462843295,140.7,75
1719462843295,140.7,75
1719462844214,140.3,150
1719462845264,140.5,25
1719462845599,140.95,50
1719462846489,141.9,25
1719462846899,141.55,25
1719462847062,141.75,100
1719462848594,142.45,25
1719462849519,143.1,175
1719462850174,143.3,25
1719462850174,143.3,25
1719462851208,142.25,25
1719462851719,141.6,25
1719462852326,141.85,125
1719462853477,142.25,25
1719462854618,142.5,200
1719462854618,142.5,200
1719462855558,141.85,100
1719462856613,142.4,150
1719462856712,142.5,25
1719462856927,142.05,25
1719462858593,142.25,50
1719462859292,142.25,100
1719462860160,141.9,25
1719462860302,142.2,25
1719462861220,141.9,25
1719462861769,141.85,25
1719462862276,141.8,250
1719462863593,142.05,25
1719462864540,141.7,25
1719462865042,141.6,100
1719462865267,141.75,25
1719462866382,141.95,100
1719462866755,142.0,100
1719462867322,142.5,325
1719462868200,142.1,75
1719462868200,142.1,75
1719462869225,142.45,50
1719462869225,142.45,50
1719463136502,140.8,50
1719463137168,140.4,225
1719463137583,140.6,25
1719463138484,140.4,25
1719463139480,139.25,50
1719463320337,139.1,100
1719463320705,139.3,25
1719463321111,138.5,150
1719463322059,138.3,100
1719463322641,138.0,25
1719463323350,138.25,75
1719463323350,138.25,75
1719463324470,138.9,25
1719463324953,138.55,125
1719463326557,138.45,75
1719463327279,138.6,175
1719463327875,138.95,50
1719463328278,139.05,75
1719463328278,139.05,75
1719463329452,138.55,25
1719463329452,138.55,25
1719463330734,139.35,25
1719463331128,139.25,50
1719463331128,139.25,50
1719463332534,139.0,25
1719463333009,139.05,50
1719463333009,139.05,50
1719463335607,139.15,75
1719463336851,139.3,275
1719463336851,139.3,275
1719463338814,139.15,50
1719463338814,139.15,50
1719463339523,139.0,200
1719463340361,139.0,25
1719463341638,139.3,25
1719463341638,139.3,25
1719463343136,139.1,150
1719463343801,139.1,25
1719463343943,139.5,25
1719463344684,139.2,100
1719463345531,139.65,25
1719463345812,139.55,25
1719463346641,139.2,25
1719463346889,139.85,25
1719463347420,139.8,125
1719463348582,139.85,25
1719463348996,139.8,25
1719463349319,139.2,975
1719463350578,139.0,250
1719463350801,139.05,25
1719463351305,139.2,75
1719463351305,139.2,75
1719463353484,139.2,25
1719463353759,138.9,150
1719463353759,138.9,150
1719463355195,138.35,150
1719463355459,138.3,25
1719463356672,138.3,175
1719463357307,137.45,125
1719463357621,137.75,50
1719463358602,137.75,25
1719463358602,137.75,25
1719463359364,137.25,50
1719463360613,137.4,50
1719463361173,137.0,25
1719463362028,137.2,25
1719463362843,138.1,25
1719463363870,138.95,25
1719463364020,139.1,25
1719463364602,138.65,50
1719463365289,138.2,75
1719463365289,138.2,75
1719463366525,138.45,25
1719463366525,138.45,25
1719463367536,138.45,25
1719463368676,138.15,50
1719463369025,138.1,25
1719463369754,138.15,25
1719463370596,138.35,25
1719463371391,138.25,25
1719463371391,138.25,25
1719463373060,137.8,25
1719463374018,137.6,25
1719463374385,137.45,50
1719463375249,137.5,25
1719463376564,138.4,25
1719463377107,137.7,25
1719463377107,137.7,25
1719463378749,138.5,150
1719463379113,138.65,200
1719463379820,139.3,25
1719463380010,139.35,25
1719463380010,139.35,25
1719463381102,140.0,325
1719463382285,140.45,25
1719463382702,140.4,25
1719463383808,140.2,50
1719463383998,139.95,175
1719463384556,139.1,200
1719463385614,138.95,25
1719463386839,138.4,100
1719463387351,138.05,25
1719463387351,138.05,25
1719463388725,138.95,25
1719463389160,139.25,25
1719463389722,138.7,25
1719463390508,139.55,25
1719463390508,139.55,25
1719463390867,139.35,350
1719463392080,140.0,25
1719463392454,140.1,150
1719463393449,139.8,500
1719463394167,140.05,25
1719463394167,140.05,25
1719463395688,140.2,50
1719463395688,140.2,50
1719463396412,140.6,25
1719463396412,140.6,25
1719463397580,140.65,350
1719463398890,140.75,25
1719463398890,140.75,25
1719463400268,140.2,100
1719463400618,140.3,100
1719463401186,140.65,25
1719463401186,140.65,25
1719463402607,140.75,100
1719463403126,140.2,50
1719463403756,140.75,50
1719463404452,140.9,25
1719463404452,140.9,25
1719463405898,140.7,125
1719463406731,141.0,100
1719463407369,142.0,25
1719463407774,141.95,25
1719463408811,142.0,50
1719463409067,142.0,25
1719463409628,142.4,25
1719463410521,142.7,50
1719463411691,141.55,25
1719463411691,141.55,25
1719463413125,141.55,50
1719463413400,142.05,25
1719463413755,141.75,50
1719463414291,141.35,25
1719463414291,141.35,25
1719463416917,142.7,50
1719463417121,141.95,25
1719463417121,141.95,25
1719463418655,142.1,25
1719463418989,142.5,25
1719463419706,142.45,50
1719463420476,142.4,500
1719463420476,142.4,500
1719463421364,142.0,25
1719463422332,142.3,75
1719463422475,142.25,75
1719463423543,142.95,125
1719463424219,142.4,25
1719463424490,142.25,75
1719463425522,142.25,150
1719463425522,142.25,150
1719463426733,142.2,250
1719463427360,142.55,25
1719463427639,142.3,25
1719463428648,145.1,75
1719463429153,144.5,25
1719463429153,144.5,25
1719463429882,144.55,25
1719463430822,143.75,25
1719463431379,144.0,75
1719463432425,144.7,25
1719463432782,145.4,25
1719463433733,144.85,25
1719463434182,144.5,75
1719463434867,144.8,25
1719463435716,144.85,50
1719463435857,144.6,25
1719463436816,144.15,250
1719463437167,144.3,25
1719463437561,144.75,25
1719463438931,144.5,25
1719463439084,144.8,50
1719463439712,144.7,25
1719463440332,144.05,50
1719463440332,144.05,50
1719463440899,143.95,25
1719463441386,144.5,25
1719463442393,143.9,25
1719463442669,143.05,175
1719463443455,143.1,25
1719463444236,142.8,100
1719463444611,143.2,225
1719463445819,143.45,50
1719463445819,143.45,50
1719463446903,143.6,25
1719463447184,143.6,250
1719463447184,143.6,250
1719463448894,143.8,50
1719463448894,143.8,50
1719463449741,143.45,25
1719463450471,143.75,300
1719463450898,143.9,50
1719463451306,143.6,50
1719463452342,143.25,25
1719463452741,143.55,25
1719463453450,143.75,50
1719463453945,143.75,100
1719463454639,143.3,50
1719463455620,143.0,25
1719463455620,143.0,25
1719463456747,143.7,25
1719463457258,143.4,225
1719463457856,143.45,50
1719463458380,143.0,300
1719463458893,142.5,25
1719463459490,143.3,25
1719463460486,143.3,25
1719463460486,143.3,25
1719463461578,143.95,75
1719463462295,143.65,25
1719463462684,143.65,250
1719463463733,143.0,25
1719463464060,142.55,75
1719463464725,143.15,250
1719463465166,143.5,25
1719463466309,143.9,25
1719463467017,143.5,150
1719463467017,143.5,150
1719463467017,143.5,150
1719463469172,143.0,100
1719463469436,143.05,50
1719463470795,141.65,25
1719463470795,141.65,25
1719463471109,141.2,50
1719463472381,141.45,75
1719463472721,141.3,100
1719463473740,141.35,50
1719463473958,141.45,25
1719463474847,141.9,100
1719463475768,141.5,100
1719463475768,141.5,100
1719463475768,141.5,100
1719463477037,141.3,75
1719463477037,141.3,75
1719463478263,141.9,25
1719463479522,142.2,125
1719463480525,143.3,225
1719463480965,143.2,175
1719463481529,143.5,75
1719463482364,143.5,250
1719463482707,142.95,75
1719463483334,143.9,50
1719463483812,143.45,150
1719463484557,143.15,25
1719463485755,143.45,100
1719463485755,143.45,100
1719463486938,143.2,25
1719463487133,143.6,75
1719463487750,143.45,200
1719463488181,143.45,25
1719463488181,143.45,25
1719463489328,143.25,50
1719463490707,143.3,25
1719463490707,143.3,25
1719463491998,143.35,25
1719463491998,143.35,25
1719463492976,143.5,200
1719463493648,143.3,250
1719463493648,143.3,250
1719463494450,143.4,25
1719463495157,143.95,100
1719463495157,143.95,100
1719463496536,143.4,50
1719463497450,143.35,25
1719463497450,143.35,25
1719463498514,143.15,50
1719463498514,143.15,50
1719463499638,143.95,25
1719463500623,143.65,25
1719463500812,143.65,400
1719463501295,143.45,25
1719463502015,143.65,75
1719463502015,143.65,75
1719463503399,143.2,50
1719463504127,143.5,125
1719463504127,143.5,125
1719463505717,144.45,100
1719463505717,144.45,100
1719463506705,144.5,100
1719463506705,144.5,100
1719463508975,143.75,25
1719463508975,143.75,25
1719463509920,143.3,25
1719463510100,143.55,25
1719463510923,144.0,25
1719463511630,144.3,100
1719463512498,144.5,50
1719463512604,144.65,175
1719463513331,144.0,25
1719463514109,144.4,25
1719463514668,144.05,25
1719463515448,144.25,25
1719463516529,144.65,25
1719463516971,144.9,25
1719463517582,144.6,125
1719463518050,144.25,75
1719463519012,144.5,25
1719463519780,144.3,125
1719463520722,144.0,50
1719463520722,144.0,50
1719463521672,143.9,25
1719463522341,143.6,25
1719463522947,143.0,75
1719463523775,142.65,50
1719463523775,142.65,50
1719463525085,142.4,175
1719463525747,141.9,525
1719463525747,141.9,525
1719463526753,142.2,25
1719463527523,142.25,25
1719463527523,142.25,25
1719463527523,142.25,25
1719463529756,142.35,25
1719463530788,141.45,25
1719463530788,141.45,25
1719463530788,141.45,25
1719463531232,141.3,325
1719463532441,141.35,100
1719463532811,141.1,25
1719463533672,142.0,75
1719463533672,142.0,75
1719463535581,141.5,400
1719463535581,141.5,400
1719463537005,141.0,25
1719463537421,140.75,25
1719463537820,140.45,75
1719463538311,140.55,125
1719463538311,140.55,125
1719463539765,141.0,25
1719463540735,141.1,25
1719463540735,141.1,25
1719463541732,141.65,25
1719463542368,141.25,100
1719463542368,141.25,100
1719463543674,140.9,50
1719463544183,141.3,25
1719463544690,141.3,25
1719463545375,141.4,175
1719463545375,141.4,175
1719463545375,141.4,175
1719463548140,141.0,75
1719463548140,141.0,75
1719463549741,139.65,25
1719463550422,139.55,25
1719463550422,139.55,25
1719463551653,139.95,25
1719463552469,140.2,200
1719463552937,140.55,25
1719463553709,141.0,50
1719463554012,141.0,50
1719463554783,141.4,50
1719463555445,141.35,175
1719463555445,141.35,175
1719463556987,141.6,50
1719463557361,141.7,150
1719463557361,141.7,150
1719463557967,141.1,50
1719463559009,141.3,125
1719463559009,141.3,125
1719463560746,141.25,25
1719463560746,141.25,25
1719463561198,141.3,25
1719463561863,141.95,50
1719463561863,141.95,50
1719463563789,142.0,50
1719463564193,142.0,25
1719463564193,142.0,25
1719463565535,142.3,200
1719463565535,142.3,200
1719463566477,142.7,75
1719463566477,142.7,75
1719463567960,142.4,25
1719463568331,142.3,75
1719463568331,142.3,75
1719463569724,142.6,50
1719463570523,142.6,25
1719463571749,142.7,25
1719463572507,142.45,25
1719463572808,142.75,25
1719463573813,143.0,25
1719463573813,143.0,25
1719463574270,142.6,25
1719463575462,142.85,50
1719463577397,142.5,25
1719463577397,142.5,25
1719463578077,143.0,75
1719463578687,143.25,75
1719463579148,143.5,100
1719463579148,143.5,100
1719463580015,143.1,25
1719463581363,143.45,25
1719463582548,143.55,25
1719463582691,143.9,25
1719463583742,143.85,25
1719463584023,144.0,325
1719463584023,144.0,325
1719463585465,144.15,25
1719463586700,143.55,25
1719463587682,143.4,25
1719463587682,143.4,25
1719463588912,143.5,25
1719463589282,143.25,225
1719463589801,143.45,25
1719463590291,143.7,150
1719463590291,143.7,150
1719463591823,143.7,300
1719463592547,143.85,25
1719463592547,143.85,25
1719463593811,143.7,25
1719463594220,143.8,100
1719463594220,143.8,100
1719463595575,143.95,125
1719463596418,144.1,25
1719463597447,144.0,25
1719463597741,144.05,50
1719463598867,144.85,150
1719463598867,144.85,150
1719463599501,144.05,75
1719463600818,144.2,250
1719463601749,144.35,25
1719463602456,143.8,500
1719463602456,143.8,500
1719463603706,142.7,50
1719463604067,142.65,25
1719463604811,142.25,50
1719463605724,141.6,25
1719463605724,141.6,25
1719463606721,142.0,25
1719463607147,141.75,25
1719463607147,141.75,25
1719463608300,141.95,25
1719463609238,142.4,25
1719463609317,142.4,25
1719463610704,143.55,25
1719463611025,143.55,75
1719463611246,142.8,75
1719463612618,143.35,50
1719463612618,143.35,50
1719463612871,143.4,25
1719463613893,143.3,50
1719463614482,143.35,75
1719463615826,143.2,100
1719463615826,143.2,100
1719463616408,143.5,25
1719463617711,143.0,25
1719463617711,143.0,25
1719463618678,143.35,50
1719463618678,143.35,50
1719463620706,144.0,250
1719463620706,144.0,250
1719463621429,144.05,125
1719463622718,144.3,25
1719463622822,144.1,25
1719463623286,144.4,25
1719463623286,144.4,25
1719463624954,144.45,75
1719463624954,144.45,75
1719463626106,144.45,50
1719463627814,144.0,25
1719463628244,144.0,25
1719463628915,144.0,25
1719463629551,144.0,250
1719463630746,143.7,25
1719463630746,143.7,25
1719463631728,143.8,25
1719463632468,143.6,50
1719463632468,143.6,50
1719463633709,143.35,25
1719463633928,143.45,25
1719463634459,143.55,25
1719463635064,143.95,100
1719463635064,143.95,100
1719463636844,143.75,200
1719463637387,142.8,25
1719463637844,143.0,25
1719463639276,143.35,25
1719463639641,143.25,75
1719463640679,142.95,100
1719463641831,142.15,100
1719463642368,142.4,125
1719463643068,142.6,25
1719463644265,142.35,25
1719463644894,142.6,125
1719463645493,142.4,25
1719463645899,143.05,125
1719463646869,143.0,225
1719463646869,143.0,225
1719463648056,143.8,50
1719463648056,143.8,50
1719463649310,144.0,75
1719463649612,144.3,475
1719463650065,144.35,50
1719463650065,144.35,50
1719463651745,143.45,250
1719463652167,143.95,25
1719463652167,143.95,25
1719463652900,144.3,225
1719463654210,143.9,150
1719463654853,144.0,25
1719463655061,144.05,25
1719463655061,144.05,25
1719463656438,144.5,25
1719463657349,144.3,200
1719463658513,144.15,75
1719463658513,144.15,75
1719463660217,144.35,25
1719463660217,144.35,25
1719463661982,144.45,25
1719463661982,144.45,25
1719463662958,144.6,25
1719463663330,144.5,25
1719463664188,144.5,275
1719463664798,144.8,100
1719463665924,144.85,50
1719463666191,144.5,375
1719463667302,144.3,25
1719463667302,144.3,25
1719463668761,144.8,25
1719463669002,145.0,75
1719463669747,145.25,525
1719463670877,144.85,25
1719463670877,144.85,25
1719463671944,144.2,25
1719463672212,144.2,250
1719463673664,143.9,25
1719463674008,143.8,150
1719463674008,143.8,150
1719463675077,144.0,25
1719463675077,144.0,25
1719463676387,144.55,50
1719463677527,144.5,100
1719463677527,144.5,100
1719463678992,144.75,50
1719463679363,144.6,100
1719463679582,144.85,25
1719463680922,144.8,25
1719463681714,145.2,25
1719463681714,145.2,25
1719463683271,144.95,25
1719463683695,144.75,75
1719463684382,144.8,25
1719463684493,145.2,100
1719463685268,145.1,25
1719463686749,144.0,50
1719463687513,144.4,125
1719463689433,144.8,75
1719463689433,144.8,75
1719463691870,145.0,25
1719463691870,145.0,25
1719463693746,144.35,75
1719463693746,144.35,75
1719463694461,144.65,100
1719463696027,145.25,25
1719463696056,145.35,50
1719463696827,145.35,25
1719463696972,144.95,25
1719463698867,143.85,25
1719463699416,144.1,25
1719463699416,144.1,25
1719463700880,144.35,25
1719463700880,144.35,25
1719463701470,144.5,25
1719463702856,144.2,25
1719463704243,143.85,50
1719463704416,143.7,100
1719463704764,143.7,25
1719463705872,143.45,200
1719463705872,143.45,200
1719463706818,143.1,150
1719463707261,143.5,25
1719463708062,143.5,25
1719463708688,143.4,50
1719463709380,143.45,250
1719463709677,143.05,225
1719463709677,143.05,225
1719463709677,143.05,225
1719463711428,143.1,25
1719463711726,143.0,25
1719463712405,142.0,75
1719463713946,142.95,25
1719463713946,142.95,25
1719463714670,142.9,25
1719463715840,142.9,25
1719463715840,142.9,25
1719463717085,142.6,25
1719463717085,142.6,25
1719463718272,142.7,25
1719463718272,142.7,25
1719463720156,141.9,25
1719463720447,141.65,25
1719463721011,141.9,225
1719463721640,141.85,450
1719463722287,141.8,75
1719463723650,142.1,25
1719463723989,141.65,25
1719463724788,142.2,25
1719463725438,142.4,125
1719463725438,142.4,125
1719463727002,143.0,25
1719463727002,143.0,25
1719463728755,143.0,50
1719463729166,143.15,50
1719463729661,143.7,175
1719463730878,143.25,25
1719463730878,143.25,25
1719463731864,142.85,50
1719463731864,142.85,50
1719463734009,142.85,50
1719463734009,142.85,50
1719463735587,143.15,25
1719463735587,143.15,25
1719463735587,143.15,25
1719463738622,142.35,50
1719463739031,142.5,50
1719463739322,142.65,25
1719463739322,142.65,25
1719463739322,142.65,25
1719463739322,142.65,25
1719463741380,142.1,750
1719463741605,142.05,50
1719463742780,142.5,25
1719463743795,142.35,25
1719463744446,142.55,50
1719463744548,142.5,50
1719463745410,142.4,75
1719463745410,142.4,75
1719463746484,142.55,25
1719463747797,142.5,225
1719463747797,142.5,225
1719463748516,142.85,50
1719463749381,142.25,50
1719463749381,142.25,50
1719463750696,142.55,50
1719463750696,142.55,50
1719463751546,141.9,50
1719463752523,141.65,25
1719463752523,141.65,25
1719463754525,141.85,25
1719463755871,142.4,25
1719463755871,142.4,25
1719463757083,142.0,50
1719463757220,142.0,50
1719463759095,141.4,25
1719463759500,141.2,100
1719463759850,141.0,75
1719463760969,140.1,50
1719463761644,140.4,50
1719463762796,140.0,50
1719463763958,140.25,350
1719463763958,140.25,350
1719463763958,140.25,350
1719463765854,140.25,25
1719463765854,140.25,25
1719463766828,141.45,500
1719463767763,141.5,25
1719463767763,141.5,25
1719463769332,141.3,25
1719463769332,141.3,25
1719463769332,141.3,25
1719463770219,141.65,25
1719463770219,141.65,25
1719463771805,141.25,50
1719463772778,141.25,50
1719463773707,141.2,75
1719463773707,141.2,75
1719463775926,140.25,100
1719463775926,140.25,100
1719463776775,140.0,25
1719463777779,140.1,200
1719463778409,140.1,150
1719463779199,140.0,25
1719463779199,140.0,25
1719463780548,140.25,975
1719463780548,140.25,975
1719463781604,140.85,25
1719463781604,140.85,25
1719463781604,140.85,25
1719463781604,140.85,25
1719463781604,140.85,25
1719463788942,140.7,25
1719463788942,140.7,25
1719463790592,140.4,25
1719463791085,140.05,25
1719463791766,140.0,25
1719463792814,140.6,25
1719463793886,139.9,25
1719463794219,139.65,100
1719463794219,139.65,100
1719463795833,139.9,25
1719463795833,139.9,25
1719463797044,140.0,50
1719463797044,140.0,50
1719463798747,140.0,25
1719463798747,140.0,25
1719463800271,140.5,25
1719463800821,140.1,75
1719463800821,140.1,75
1719463802608,140.1,75
1719463802608,140.1,75
1719463803768,140.35,100
1719463804296,139.85,150
1719463804296,139.85,150
1719463805286,140.35,175
1719463805286,140.35,175
1719463806232,140.7,25
1719463807296,140.55,25
1719463808229,140.0,25
1719463808229,140.0,25
1719463809968,140.05,100
1719463810741,139.8,25
1719463810741,139.8,25
1719463812022,140.0,125
1719463812022,140.0,125
1719463813307,138.9,25
1719463813930,138.4,25
1719463814429,138.35,75
1719463814429,138.35,75
1719463815947,138.25,100
1719463815947,138.25,100
1719463816965,138.7,25
1719463817909,139.1,150
1719463819073,140.0,25
1719463819073,140.0,25
1719463820325,139.7,25
1719463820583,140.0,25
1719463820583,140.0,25
1719463821626,139.8,75
1719463822652,139.5,25
1719463823119,139.4,50
1719463824292,139.3,25
1719463824292,139.3,25
1719463826180,139.2,25
1719463826317,139.35,50
1719463826538,139.25,50
1719463827669,140.0,25
1719463828073,140.25,25
1719463828807,140.25,25
1719463828807,140.25,25
1719463830115,141.5,25
1719463830296,141.5,50
1719463830296,141.5,50
1719463830296,141.5,50
1719463832646,139.85,75
1719463832646,139.85,75
1719463832646,139.85,75
1719463834799,140.0,100
1719463835859,140.4,75
1719463835859,140.4,75
1719463837267,140.55,75
1719463837812,141.5,25
1719463838938,140.85,25
1719463838938,140.85,25
1719463839798,141.5,25
1719463840798,141.2,75
1719463840798,141.2,75
1719463841378,141.5,200
1719463842230,141.85,175
1719463842230,141.85,175
1719463843608,142.5,25
1719463844171,142.8,25
1719463844693,142.5,25
1719463845936,142.7,50
1719463845936,142.7,50
1719463846905,142.5,75
1719463847146,142.3,25
1719463848554,142.5,25
1719463849434,142.9,125
1719463849664,142.95,100
1719463850490,142.5,150
1719463851138,143.0,200
1719463851778,143.0,25
1719463852841,142.85,50
1719463852841,142.85,50
1719463853898,143.0,25
1719463854462,143.0,25
1719463854462,143.0,25
1719463856168,143.3,50
1719463856168,143.3,50
1719463856847,143.0,25
1719463857807,142.5,100
1719463857807,142.5,100
1719463858923,141.4,300
1719463859362,141.3,75
1719463859362,141.3,75
1719463860319,140.9,100
1719463860927,141.1,25
1719463862215,140.4,25
1719463863008,140.2,25
1719463863989,141.05,75
1719463863989,141.05,75
1719463865138,140.75,75
1719463865602,141.05,25
1719463865602,141.05,25
1719463866639,141.9,25
1719463867928,142.05,25
1719463867928,142.05,25
1719463868728,142.3,50
1719463868728,142.3,50
1719463870567,141.8,25
1719463870777,141.75,25
1719463870777,141.75,25
1719463871849,141.9,100
1719463872823,141.8,100
1719463872823,141.8,100
1719463874020,141.45,25
1719463874606,141.75,25
1719463874840,141.95,25
1719463875836,142.05,200
1719463875836,142.05,200
1719463876578,142.3,50
1719463877592,141.25,25
1719463878707,141.0,100
1719463879463,141.15,50
1719463879463,141.15,50
1719463881057,140.65,300
1719463881057,140.65,300
1719463881848,140.5,25
1719463882939,140.35,50
1719463883085,140.45,75
1719463883243,141.0,25
1719463884606,140.25,25
1719463884978,140.7,50
1719463886022,140.4,25
1719463886022,140.4,25
1719463887314,140.75,75
1719463887560,140.15,50
1719463887560,140.15,50
1719463889078,140.1,250
1719463889668,140.1,25
1719463889668,140.1,25
1719463890659,139.5,25
1719463890973,139.8,25
1719463890973,139.8,25
1719463891412,139.8,25
1719463891412,139.8,25
1719463894191,140.05,25
1719463894560,140.35,25
1719463895193,140.65,100
1719463895193,140.65,100
1719463897100,141.2,25
1719463897869,141.4,50
1719463897869,141.4,50
1719463897869,141.4,50
1719463900449,140.35,25
1719463900995,140.2,25
1719463900995,140.2,25
1719463901803,140.0,25
1719463902492,140.2,75
1719463902492,140.2,75
1719463903655,140.15,50
1719463904584,140.4,100
1719463904584,140.4,100
1719463905098,140.4,350
1719463905098,140.4,350
1719463906925,140.05,50
1719463907886,139.8,25
1719463907886,139.8,25
1719463908933,139.75,150
1719463909586,140.15,25
1719463909899,140.0,50
1719463910361,139.8,50
1719463910361,139.8,50
1719463911585,139.75,50
1719463913046,139.65,50
1719463913046,139.65,50
1719463914477,139.2,275
1719463914477,139.2,275
1719463916142,139.65,25
1719463916142,139.65,25
1719463916419,139.6,25
1719463917200,139.15,50
1719463917200,139.15,50
1719463918608,139.35,100
1719463918608,139.35,100
1719463920474,140.0,25
1719463920474,140.0,25
1719463920909,140.15,100
1719463921127,140.55,300
1719463921956,140.35,25
1719463921956,140.35,25
1719463921956,140.35,25
1719463925635,140.55,50
1719463925880,140.4,25
1719463925880,140.4,25
1719463926727,140.5,50
1719463927452,140.75,25
1719463928121,140.8,25
1719463928121,140.8,25
1719463929670,140.8,125
1719463929966,140.9,25
1719463930689,140.4,50
1719463930689,140.4,50
1719463932009,140.05,125
1719463932848,139.95,200
1719463932848,139.95,200
1719463933596,139.7,25
1719463934093,139.75,25
1719463935041,138.85,150
1719463936199,138.5,25
1719463936330,138.7,25
1719463937205,139.55,150
1719463938041,139.6,150
1719463938985,139.5,150
1719463939581,139.75,50
1719463939581,139.75,50
1719463941125,140.0,25
1719463941125,140.0,25
1719463941584,140.0,50
1719463942710,139.9,250
1719463943723,139.65,25
1719463944482,140.05,25
1719463944482,140.05,25
1719463946005,140.0,50
1719463946005,140.0,50
1719463946970,139.95,25
1719463947995,140.35,25
1719463948362,140.35,25
1719463948362,140.35,25
1719463949845,140.5,50
1719463950627,140.65,50
1719463950627,140.65,50
1719463951322,140.7,25
1719463951441,140.4,100
1719463953026,140.9,25
1719463953026,140.9,25
1719463955025,140.75,50
1719463955937,141.0,25
1719463955937,141.0,25
1719463956996,141.75,25
1719463957756,141.3,25
1719463958601,141.85,25
1719463959798,141.8,25
1719463959798,141.8,25
1719463960669,141.75,50
1719463960669,141.75,50
1719463961869,142.25,150
1719463962081,141.9,250
1719463964129,142.0,25
1719463964129,142.0,25
1719463964129,142.0,25
1719463967319,141.1,25
1719463967453,140.95,200
1719463968655,141.8,75
1719463969180,141.95,25
1719463969951,141.65,75
1719463970754,141.8,75
1719463970754,141.8,75
1719463971615,142.0,500
1719463971615,142.0,500
1719463973050,142.1,100
1719463973506,142.4,100
1719463974601,142.0,25
1719463975020,142.0,25
1719463975454,142.2,75
1719463976385,141.85,225
1719463976658,142.15,25
1719463976658,142.15,25
1719463978339,141.4,25
1719463979146,141.05,375
1719463979398,140.85,250
1719463980059,140.5,175
1719463980366,140.95,75
1719463981040,140.5,25
1719463981355,141.0,25
1719463981355,141.0,25
1719463982117,141.0,150
1719463983932,141.0,75
1719463983932,141.0,75
1719463985138,141.75,75
1719463985832,141.15,25
1719463985832,141.15,25
1719463987172,141.55,50
1719463987172,141.55,50
1719463987172,141.55,50
1719463991002,141.75,25
1719463991002,141.75,25
1719463991002,141.75,25
1719463994241,142.0,25
1719463994571,142.45,25
1719463994571,142.45,25
1719463995387,141.75,50
1719463995387,141.75,50
1719463995387,141.75,50
1719463998349,142.1,25
1719463999027,141.9,25
1719463999833,142.45,25
1719463999833,142.45,25
1719464000689,142.65,125
1719464000689,142.65,125
1719464002450,142.0,150
1719464002565,141.55,25
1719464003681,141.85,25
1719464004682,142.25,25
1719464004682,142.25,25
1719464005942,142.55,150
1719464005942,142.55,150
1719464007032,141.9,25
1719464007634,142.3,25
1719464009107,142.5,50
1719464009107,142.5,50
1719464009107,142.5,50
1719464011456,142.15,25
1719464011653,142.25,25
1719464012767,142.6,25
1719464012767,142.6,25
1719464013976,142.5,25
1719464014349,142.6,25
1719464014971,142.35,200
1719464016059,142.45,75
1719464016059,142.45,75
1719464016664,142.2,125
1719464017823,141.6,25
1719464018988,141.9,25
1719464019352,141.95,200
1719464019352,141.95,200
1719464020219,142.1,25
1719464021490,140.8,25
1719464021840,141.15,150
1719464022687,140.6,25
1719464023289,140.6,250
1719464024427,141.55,25
1719464024976,141.65,25
1719464025121,141.4,100
1719464025121,141.4,100
1719464028045,142.25,250
1719464028045,142.25,250
1719464028045,142.25,250
1719464030264,142.0,25
1719464030461,141.7,25
1719464030461,141.7,25
1719464030461,141.7,25
1719464034147,142.3,25
1719464034147,142.3,25
1719464036049,143.0,25
1719464036049,143.0,25
1719464036685,143.0,50
1719464037272,142.7,250
1719464039081,143.0,75
1719464039883,142.8,375
1719464040063,143.4,100
1719464040063,143.4,100
1719464040930,142.95,25
1719464040930,142.95,25
1719464042862,143.3,25
1719464043068,143.35,150
1719464043068,143.35,150
1719464044276,143.15,25
1719464044712,143.6,100
1719464044956,143.8,25
1719464044956,143.8,25
1719464046729,143.25,50
1719464046941,143.45,25
1719464048086,143.15,25
1719464049073,143.55,425
1719464049249,143.75,25
1719464049249,143.75,25
1719464051014,143.8,100
1719464051014,143.8,100
1719464051689,143.55,250
1719464053080,143.85,225
1719464053877,144.0,25
1719464054736,143.0,25
1719464054736,143.0,25
1719464055466,143.05,150
1719464056405,142.7,50
1719464056867,142.25,25
1719464058016,142.65,25
1719464058016,142.65,25
1719464058732,143.0,25
1719464058732,143.0,25
1719464060557,143.65,25
1719464060557,143.65,25
1719464063174,143.85,25
1719464063174,143.85,25
1719464063927,144.0,25
1719464064618,144.6,25
1719464064998,144.5,50
1719464066013,143.9,25
1719464066281,144.0,25
1719464066915,144.5,50
1719464067399,143.55,75
1719464067399,143.55,75
1719464068730,144.2,25
1719464069721,144.35,25
1719464069721,144.35,25
1719464070748,143.95,25
1719464070876,143.8,50
1719464070876,143.8,50
1719464071789,144.0,50
1719464073124,144.3,25
1719464073916,144.25,25
1719464073916,144.25,25
1719464074992,144.45,25
1719464075399,144.3,375
1719464076152,144.45,25
1719464076152,144.45,25
1719464077873,143.9,50
1719464078615,144.35,25
1719464079759,144.0,50
1719464079759,144.0,50
1719464080868,144.0,25
1719464080868,144.0,25
1719464082091,144.1,25
1719464082875,144.3,25
1719464082875,144.3,25
1719464083960,144.6,100
1719464084755,145.0,25
1719464084869,145.0,25
1719464086498,144.4,25
1719464086991,144.25,100
1719464088125,144.85,250
1719464088125,144.85,250
1719464089632,144.9,25
1719464089972,144.8,50
1719464090888,144.5,50
1719464090888,144.5,50
1719464092034,144.5,25
1719464093114,143.5,25
1719464093337,143.35,25
1719464093963,143.0,100
1719464094782,142.35,150
1719464095129,142.75,25
1719464096047,142.75,50
1719464096459,142.45,200
1719464096684,143.1,50
1719464097887,142.6,350
1719464097887,142.6,350
1719464098796,143.2,25
1719464099397,143.85,75
1719464099986,143.95,50
1719464100775,143.4,150
1719464100775,143.4,150
1719464100775,143.4,150
1719464101796,143.2,25
1719464101796,143.2,25
1719464103391,143.15,25
1719464103549,143.25,75
1719464104799,143.25,100
1719464104890,143.0,25
1719464105907,143.0,50
1719464105907,143.0,50
1719464106914,143.0,25
1719464107738,143.4,125
1719464109521,143.6,25
1719464109733,143.35,25
1719464109733,143.35,25
1719464109733,143.35,25
1719464109733,143.35,25
1719464114078,143.8,200
1719464114630,144.0,50
1719464114993,143.4,150
1719464116130,143.5,150
1719464116593,143.4,100
1719464117103,143.55,125
1719464117872,143.55,25
1719464119199,143.15,25
1719464119782,143.1,50
1719464120034,142.95,75
1719464121140,142.2,25
1719464121297,142.3,25
1719464121786,142.0,50
1719464122923,142.7,100
1719464122923,142.7,100
1719464123872,143.35,25
1719464124690,143.35,100
1719464125056,143.2,150
1719464126143,143.1,25
1719464126250,142.7,25
1719464127127,143.55,25
1719464127189,142.95,300
1719464127189,142.95,300
1719464129805,142.9,50
1719464130806,143.0,50
1719464131606,143.3,25
1719464131866,143.3,150
1719464132758,143.65,25
1719464132758,143.65,25
1719464134134,144.0,25
1719464134134,144.0,25
1719464135108,144.3,275
1719464135108,144.3,275
1719464138134,144.25,150
1719464138134,144.25,150
1719464138920,144.9,50
1719464139756,144.75,25
1719464140075,145.25,25
1719464141003,145.2,200
1719464141630,145.35,25
1719464142009,145.0,50
1719464142799,144.45,50
1719464142799,144.45,50
1719464144111,143.5,25
1719464144767,143.5,50
1719464145170,142.7,50
1719464146165,143.55,25
1719464146569,143.05,25
1719464146569,143.05,25
1719464147856,143.5,500
1719464148247,143.1,25
1719464148469,142.8,25
1719464148469,142.8,25
1719464151031,142.9,75
1719464151577,143.1,75
1719464151577,143.1,75
1719464152342,142.8,100
1719464152342,142.8,100
1719464153574,142.95,75
1719464154571,142.8,50
1719464155347,144.15,25
1719464156022,144.3,25
1719464156022,144.3,25
1719464157529,144.3,75
1719464157791,144.85,25
1719464157791,144.85,25
1719464158628,144.4,200
1719464159795,144.6,50
1719464159795,144.6,50
1719464160277,144.0,75
1719464160907,144.35,75
1719464160907,144.35,75
1719464163025,143.35,75
1719464163025,143.35,75
1719464163788,143.5,50
1719464163788,143.5,50
1719464164965,143.25,25
1719464166159,143.75,50
1719464166584,143.5,25
1719464166820,143.9,25
1719464167582,143.55,25
1719464168335,143.95,25
1719464168593,143.35,50
1719464168593,143.35,50
1719464168593,143.35,50
1719464168593,143.35,50
1719464173409,143.0,25
1719464173409,143.0,25
1719464175035,143.7,50
1719464175390,143.3,25
1719464176674,144.0,175
1719464177275,144.3,50
1719464178114,143.85,325
1719464178114,143.85,325
1719464178563,143.45,75
1719464179661,143.95,500
1719464179661,143.95,500
1719464181047,143.15,600
1719464181747,143.2,25
1719464181747,143.2,25
1719464181747,143.2,25
1719464183764,142.9,25
1719464183839,142.7,300
1719464184704,143.0,50
1719464184704,143.0,50
1719464186525,142.65,25
1719464186525,142.65,25
1719464187051,142.8,50
1719464187272,143.15,50
1719464187272,143.15,50
1719464188966,143.85,25
1719464189803,143.5,50
1719464189803,143.5,50
1719464190717,144.0,125
1719464190717,144.0,125
1719464191658,144.3,25
1719464192164,144.3,25
1719464192929,144.25,200
1719464192929,144.25,200
1719464193610,144.45,25
1719464193610,144.45,25
1719464195195,143.6,25
1719464195931,143.4,50
1719464196542,142.8,50
1719464196542,142.8,50
1719464197886,143.0,250
1719464197886,143.0,250
1719464199472,143.0,25
1719464199472,143.0,25
1719464199472,143.0,25
1719464203054,144.35,25
1719464203363,143.9,100
1719464203363,143.9,100
1719464204949,143.55,25
1719464205291,143.3,25
1719464206125,143.65,25
1719464206125,143.65,25
1719464207276,143.95,100
1719464207632,143.7,25
1719464207632,143.7,25
1719464208953,143.35,25
1719464210027,143.45,50
1719464210027,143.45,50
1719464210426,143.0,50
1719464211543,143.2,250
1719464211543,143.2,250
1719464212236,143.15,25
1719464212236,143.15,25
1719464214200,144.0,200
1719464214200,144.0,200
1719464215078,143.4,25
1719464216668,143.0,50
1719464217141,143.0,25
1719464218388,142.4,25
1719464219091,141.5,25
1719464219318,141.8,25
1719464220040,141.7,75
1719464220040,141.7,75
1719464221051,141.95,25
1719464221416,141.5,25
1719464221416,141.5,25
1719464222730,141.45,25
1719464223436,141.1,25
1719464224398,141.55,50
1719464224981,141.25,25
1719464225194,141.55,25
1719464226149,140.8,50
1719464226352,141.0,125
1719464227195,140.4,50
1719464228147,140.1,50
1719464228347,140.55,325
1719464228863,140.2,100
1719464229563,139.9,75
1719464229563,139.9,75
1719464231184,139.7,50
1719464231547,139.4,25
1719464232158,139.55,25
1719464232953,140.3,25
1719464232953,140.3,25
1719464233763,139.8,125
1719464234906,140.25,100
1719464234906,140.25,100
1719464235695,140.25,275
1719464236289,140.0,25
1719464236289,140.0,25
1719464237692,139.65,25
1719464237692,139.65,25
1719464239342,139.8,100
1719464239342,139.8,100
1719464240081,139.6,25
1719464240598,139.8,250
1719464241303,140.0,25
1719464242158,140.2,250
1719464243195,139.85,25
1719464243195,139.85,25
1719464243993,140.1,100
1719464244706,140.0,50
1719464244706,140.0,50
1719464245604,139.65,50
1719464246270,139.85,25
1719464247061,137.8,100
1719464248135,137.6,25
1719464248434,136.35,175
1719464249195,136.35,25
1719464250013,136.25,175
1719464250393,136.9,25
1719464250801,136.35,200
1719464251011,135.9,225
1719464251011,135.9,225
1719464252299,137.0,300
1719464253400,136.0,25
1719464253468,135.8,150
1719464254217,135.1,50
1719464254850,135.8,25
1719464255134,136.15,75
1719464256246,136.15,25
1719464256630,136.1,25
1719464256630,136.1,25
1719464258199,135.3,50
1719464258199,135.3,50
1719464258689,135.15,25
1719464259998,135.9,125
1719464259998,135.9,125
1719464260968,136.85,25
1719464261556,136.85,100
1719464262210,136.0,50
1719464263307,135.75,25
1719464263307,135.75,25
1719464264046,135.9,75
1719464265072,135.9,25
1719464265099,135.95,200
1719464266003,135.9,25
1719464266484,136.4,25
1719464267220,136.2,50
1719464268174,136.05,100
1719464269079,135.65,25
1719464269758,135.2,100
1719464269758,135.2,100
1719464270746,135.8,25
1719464271511,136.05,50
1719464271981,136.45,25
1719464273015,136.2,25
1719464273015,136.2,25
1719464273814,136.2,25
1719464275085,137.0,25
1719464275085,137.0,25
1719464275922,136.35,75
1719464275922,136.35,75
1719464277101,136.1,50
1719464277716,136.4,25
1719464278388,136.5,25
1719464278925,137.0,25
1719464279791,137.3,25
1719464279791,137.3,25
1719464280734,137.55,25
1719464280928,137.05,25
1719464281457,136.65,25
1719464282347,135.65,125
1719464282857,136.9,25
1719464284246,136.95,25
1719464284246,136.95,25
1719464284246,136.95,25
1719464286118,136.75,200
1719464286576,137.05,25
1719464286576,137.05,25
1719464288335,137.05,250
1719464290012,136.5,100
1719464291581,136.2,50
1719464291700,136.0,25
1719464292571,134.75,25
1719464293382,134.85,25
1719464293382,134.85,25
1719464293859,135.2,200
1719464294753,134.8,100
1719464295380,135.6,25
1719464296564,135.35,200
1719464296564,135.35,200
1719464298228,135.05,25
1719464298416,135.55,25
1719464299440,134.7,25
1719464299440,134.7,25
1719464300236,135.2,50
1719464300594,135.25,25
1719464300594,135.25,25
1719464301969,135.2,25
1719464303139,135.75,25
1719464303139,135.75,25
1719464303923,135.85,25
1719464304788,135.45,275
1719464304788,135.45,275
1719464306089,136.25,50
1719464306745,136.7,50
1719464307227,135.55,75
1719464307877,135.55,25
1719464307877,135.55,25
1719464308810,135.65,50
1719464309841,134.7,75
1719464310607,134.35,25
1719464310607,134.35,25
1719464311407,134.9,50
1719464311407,134.9,50
1719464312681,134.45,125
1719464312681,134.45,125
1719464313601,134.8,100
1719464314378,133.4,50
1719464315135,134.25,25
1719464315212,133.9,50
1719464316214,133.8,375
1719464316839,133.5,25
1719464316839,133.5,25
1719464317990,133.85,125
1719464318503,134.0,100
1719464318886,133.75,75
1719464319941,134.1,150
1719464319941,134.1,150
1719464321353,133.95,25
1719464321691,133.8,25
1719464322404,134.1,25
1719464322877,133.95,25
1719464323438,133.1,25
1719464324103,133.6,200
1719464324760,133.8,25
1719464325264,134.15,25
1719464326408,134.1,50
1719464326582,134.05,50
1719464326582,134.05,50
1719464328069,135.45,25
1719464328069,135.45,25
1719464329085,136.0,25
1719464330082,136.65,100
1719464330082,136.65,100
1719464330512,135.85,25
1719464331509,135.0,850
1719464332074,135.4,100
1719464333323,134.3,50
1719464333323,134.3,50
1719464333702,134.85,25
1719464334823,135.15,25
1719464335872,135.15,50
1719464336937,135.5,25
1719464337030,135.4,25
1719464337030,135.4,25
1719464339119,135.4,50
1719464340069,135.25,100
1719464340069,135.25,100
1719464340365,135.15,50
1719464341438,135.05,100
1719464341975,135.55,25
1719464342045,135.65,25
1719464343028,135.85,25
1719464343579,135.4,100
1719464344123,135.05,50
1719464345062,135.35,25
1719464345375,135.65,375
1719464346450,135.35,50
1719464346873,135.1,100
1719464346873,135.1,100
1719464348086,135.25,25
1719464348086,135.25,25
1719464349120,135.3,250
1719464350207,135.2,100
1719464350454,135.15,100
1719464350540,135.35,100
1719464351434,135.0,200
1719464352163,135.55,75
1719464353366,135.8,75
1719464353779,135.65,75
1719464355399,135.7,25
1719464355468,135.05,25
1719464355572,135.4,50
1719464356471,135.3,25
1719464357172,135.25,25
1719464358087,135.7,25
1719464358087,135.7,25
1719464359025,135.5,800
1719464360077,135.55,25
1719464360367,135.0,100
1719464360367,135.0,100
1719464361851,134.7,50
1719464362201,135.05,25
1719464363367,135.85,50
1719464363568,135.85,25
1719464364008,135.55,25
1719464365287,135.55,25
1719464365408,135.6,25
1719464365906,135.4,25
1719464367020,135.45,25
1719464367140,135.6,25
1719464367584,135.35,75
1719464368551,135.8,50
1719464368551,135.8,50
1719464369489,135.9,25
1719464369489,135.9,25
1719464369489,135.9,25
1719464369489,135.9,25
1719464372078,135.65,50
1719464372548,135.85,250
1719464373196,135.5,100
1719464373457,135.0,50
1719464374455,135.2,75
1719464374778,135.25,50
1719464374778,135.25,50
1719464376121,135.6,150
1719464377027,135.4,75
1719464377027,135.4,75
1719464378129,135.25,475
1719464378442,135.55,25
1719464379266,135.7,175
1719464380180,135.65,725
1719464380180,135.65,725
1719464380804,135.75,25
1719464381520,135.65,25
1719464382222,135.85,25
1719464383475,135.65,25
1719464383475,135.65,25
1719464384063,136.25,25
1719464385253,136.35,50
1719464385340,136.25,25
1719464386101,136.65,25
1719464386548,136.85,100
1719464387133,136.65,100
1719464388479,136.05,75
1719464388479,136.05,75
1719464388958,136.0,75
1719464390377,136.1,50
1719464391264,135.85,75
1719464392059,135.9,25
1719464392256,136.05,25
1719464392911,136.3,25
1719464392911,136.3,25
1719464393735,135.9,25
1719464393735,135.9,25
1719464395619,136.0,50
1719464395821,136.1,250
1719464397052,135.8,25
1719464397052,135.8,25
1719464398074,135.25,25
1719464398074,135.25,25
1719464399761,135.4,75
1719464399761,135.4,75
1719464400596,135.7,125
1719464400596,135.7,125
1719464401438,136.25,50
1719464401761,135.8,25
1719464402279,136.4,25
1719464403425,135.9,25
1719464403425,135.9,25
1719464404202,136.0,25
1719464405283,135.9,50
1719464405376,135.65,100
1719464406076,135.25,150
1719464406816,135.35,25
1719464407401,135.55,25
1719464408597,135.5,25
1719464408597,135.5,25
1719464409223,135.7,25
1719464409859,135.3,200
1719464410370,135.45,75
1719464410901,135.9,25
1719464412307,136.1,125
1719464412460,136.3,50
1719464413825,136.4,25
1719464413825,136.4,25
1719464414799,136.4,275
1719464415372,135.9,25
1719464416143,135.9,100
1719464416591,136.0,25
1719464417581,136.25,25
1719464418569,136.25,125
1719464419452,135.55,25
1719464420254,135.35,25
1719464420254,135.35,25
1719464421453,136.05,75
1719464422146,136.2,50
1719464422146,136.2,50
1719464423018,136.2,175
1719464423644,136.25,50
1719464424131,136.2,75
1719464425011,135.9,25
1719464425436,135.95,150
1719464426117,135.6,25
1719464427042,136.0,25
1719464427042,136.0,25
1719464428178,136.0,25
1719464428822,136.0,25
1719464429030,136.05,25
1719464430316,136.1,25
1719464430316,136.1,25
1719464430815,135.5,25
1719464431219,135.8,25
1719464432328,135.55,150
1719464433185,135.8,25
1719464433856,135.95,50
1719464433965,135.9,50
1719464435021,135.2,25
1719464435470,135.1,550
1719464436207,135.15,25
1719464436890,135.7,150
1719464438241,134.8,25
1719464438804,134.5,350
1719464439440,135.05,25
1719464440281,134.25,25
1719464440453,134.5,200
1719464441177,135.0,125
1719464442298,134.45,100
1719464442939,134.95,25
1719464443955,135.6,25
1719464443955,135.6,25
1719464445250,135.4,50
1719464445501,135.35,25
1719464446005,135.15,75
1719464446775,135.25,25
1719464447356,135.6,25
1719464448178,135.5,50
1719464448898,135.65,25
1719464449332,135.75,25
1719464450169,135.75,125
1719464450435,135.75,25
1719464450634,135.9,25
1719464452050,135.3,25
1719464453221,135.4,125
1719464453597,136.3,25
1719464454240,136.45,25
1719464454598,136.0,50
1719464456116,135.8,25
1719464457192,135.9,25
1719464457192,135.9,25
1719464459028,136.0,25
1719464459371,136.0,75
1719464459639,136.0,25
1719464459639,136.0,25
1719464460870,136.45,25
1719464461334,136.5,25
1719464462238,136.0,200
1719464462238,136.0,200
1719464463500,136.6,25
1719464463670,137.0,75
1719464464411,136.35,25
1719464465297,136.6,50
1719464465297,136.6,50
1719464466491,136.05,100
1719464467341,136.15,25
1719464467508,136.15,25
1719464468212,136.5,25
1719464468710,136.65,150
1719464468974,136.55,100
1719464470092,136.05,25
1719464470092,136.05,25
1719464471466,135.85,25
1719464471890,135.95,100
1719464472256,136.0,25
1719464472967,135.95,25
1719464473780,135.55,25
1719464474203,135.3,25
1719464475454,135.35,25
1719464475454,135.35,25
1719464476743,135.25,25
1719464477220,135.65,25
1719464477232,135.65,25
1719464478003,135.4,100
1719464478003,135.4,100
1719464478924,135.7,225
1719464480597,136.15,75
1719464480597,136.15,75
1719464481301,136.8,25
1719464482191,136.55,100
1719464482217,136.5,200
1719464482217,136.5,200
1719464484327,136.65,150
1719464485031,136.2,475
1719464485031,136.2,475
1719464486716,136.0,125
1719464486716,136.0,125
1719464488169,136.25,25
1719464488760,136.15,50
1719464488760,136.15,50
1719464490211,136.15,25
1719464490211,136.15,25
1719464490211,136.15,25
1719464491138,136.2,25
1719464492084,136.15,25
1719464492084,136.15,25
1719464492425,136.35,25
1719464492425,136.35,25
1719464494319,136.65,50
1719464495012,136.25,50
1719464495436,136.65,25
1719464496343,136.15,25
1719464496970,136.05,25
1719464496970,136.05,25
1719464498189,136.1,250
1719464498616,135.95,25
1719464499120,135.95,25
1719464500082,135.4,25
1719464500618,134.85,25
1719464500618,134.85,25
1719464501827,135.4,25
1719464501827,135.4,25
1719464502978,135.3,75
1719464502978,135.3,75
1719464502978,135.3,75
1719464505885,136.0,250
1719464506819,136.1,100
1719464506819,136.1,100
1719464507552,136.3,25
1719464507552,136.3,25
1719464507552,136.3,25
1719464511380,136.3,25
1719464511876,136.1,25
1719464512362,135.75,25
1719464512892,136.4,25
1719464513565,136.2,25
1719464514171,136.05,250
1719464515074,136.15,50
1719464515594,136.2,25
1719464515904,136.1,250
1719464517159,136.6,25
1719464518122,136.3,425
1719464518455,136.3,25
1719464519171,136.55,25
1719464519584,136.2,25
1719464520454,136.2,25
1719464520454,136.2,25
1719464520454,136.2,25
1719464522151,136.75,150
1719464522385,136.95,25
1719464523584,136.85,25
1719464523879,137.5,25
1719464524546,137.5,25
1719464525477,136.65,50
1719464526177,137.0,25
1719464527103,136.8,75
1719464527103,136.8,75
1719464528254,136.1,25
1719464528846,136.2,500
1719464529462,136.2,50
1719464530328,136.55,25
1719464530643,136.65,150
1719464531369,136.75,125
1719464532170,136.25,25
1719464533588,136.45,25
1719464534270,136.9,25
1719464534842,137.0,50
1719464534842,137.0,50
1719464536224,137.0,25
1719464536997,137.0,25
1719464537391,137.0,25
1719464537800,137.25,25
1719464538752,137.5,25
1719464539303,137.1,25
1719464540369,137.3,25
1719464540584,136.95,50
1719464541090,137.4,25
1719464541835,137.4,25
1719464541835,137.4,25
1719464542925,136.95,225
1719464543755,137.3,100
1719464543755,137.3,100
1719464545012,137.4,25
1719464545489,138.0,25
1719464545918,138.0,25
1719464546715,137.7,25
1719464546715,137.7,25
1719464548103,137.6,50
1719464548464,137.6,25
1719464549386,137.95,225
1719464550559,138.5,100
1719464550705,139.4,25
1719464550739,138.9,25
1719464550987,138.05,25
1719464552174,138.3,125
1719464552174,138.3,125
1719464553351,137.85,25
1719464553656,138.05,250
1719464554347,138.4,200
1719464554564,138.4,50
1719464554564,138.4,50
1719464556197,137.6,25
1719464556734,138.05,275
1719464557474,138.05,50
1719464558298,137.85,25
1719464558923,138.0,25
1719464558923,138.0,25
1719464560404,138.0,50
1719464560404,138.0,50
1719464560778,138.15,150
1719464562154,138.3,25
1719464563337,138.15,25
1719464563797,138.35,75
1719464564031,138.4,50
1719464564863,138.55,100
1719464564863,138.55,100
1719464566393,138.65,25
1719464567070,138.85,175
1719464567070,138.85,175
1719464567616,138.6,50
1719464568532,138.8,25
1719464569399,138.85,300
1719464569921,138.4,200
1719464570713,138.7,175
1719464571276,138.85,200
1719464572316,138.7,50
1719464573150,138.4,25
1719464573709,138.5,25
1719464573709,138.5,25
1719464574863,138.3,25
1719464575536,138.5,75
1719464576377,138.9,25
1719464577331,138.55,225
1719464577492,138.7,25
1719464578350,138.3,25
1719464578443,138.65,50
1719464579296,138.45,100
1719464580283,138.75,25
1719464580283,138.75,25
1719464580283,138.75,25
1719464581365,138.55,25
1719464582349,138.5,1200
1719464582378,138.0,50
1719464582884,138.5,25
1719464582884,138.5,25
1719464584577,138.5,50
1719464585740,138.6,25
1719464585740,138.6,25
1719464586405,138.6,25
1719464586405,138.6,25
1719464587610,138.3,50
1719464588820,139.5,25
1719464588908,139.05,25
1719464589571,139.65,100
1719464590116,139.6,25
1719464590680,139.9,75
1719464591078,140.8,25
1719464592267,141.55,50
1719464592267,141.55,50
1719464593248,141.15,50
1719464593840,141.85,25
1719464594511,141.25,50
1719464595613,140.55,25
1719464595646,140.9,25
1719464894361,155.0,25
1719464895961,154.5,75
1719464896457,154.05,25
1719464896457,154.05,25
1719464898529,155.1,300
1719464898784,155.0,25
1719464899375,154.35,25
1719464900535,155.15,25
1719464900741,155.55,50
1719464900741,155.55,50
1719464902612,154.65,75
1719464902612,154.65,75
1719464903479,154.25,50
1719464904094,154.1,75
1719464904627,152.65,25
1719464905856,151.25,150
1719464906083,151.1,50
1719464907054,151.0,25
1719464908207,151.1,50
1719464908207,151.1,50
1719464909669,150.5,25
1719464910851,148.0,25
1719464910851,148.0,25
1719464911739,149.75,25
1719464912668,149.5,25
1719464913209,150.0,750
1719464913901,149.85,25
1719464913901,149.85,25
1719464915541,150.5,25
1719464915712,151.05,75
1719464916264,150.55,150
1719464917526,152.0,50
1719464917650,152.0,150
1719464918420,151.0,50
1719464918982,150.65,25
1719464919506,151.5,25
1719464920454,150.25,25
1719464920585,150.35,50
1719464920585,150.35,50
1719464922157,151.8,25
1719464923189,151.8,25
1719464924254,151.65,50
1719464924504,151.5,25
1719464925154,152.35,625
1719464925794,152.0,25
1719464926553,152.2,25
1719464927252,153.1,25
1719464927252,153.1,25
1719464928474,152.75,50
1719464929127,152.05,25
1719464929127,152.05,25
1719464929850,151.7,50
1719464930660,152.9,25
1719464930660,152.9,25
1719464932003,152.6,125
1719464932003,152.6,125
1719464933560,153.15,325
1719464934175,153.2,25
1719464934562,153.5,25
1719464935469,153.75,25
1719464935590,153.9,25
1719464936566,154.0,25
1719464937379,154.35,25
1719464938494,153.6,25
1719464939315,152.2,225
1719464939558,151.9,100
1719464940468,152.8,75
1719464940835,152.45,25
1719464941021,152.5,50
1719464942358,151.75,50
1719464942730,151.85,25
1719464943573,152.45,100
1719464944062,152.4,50
1719464944519,151.75,50
1719464944996,151.4,50
1719464945749,152.1,250
1719464946560,151.8,125
1719464947509,152.95,50
1719464947691,153.1,550
1719464948223,153.4,50
1719464948223,153.4,50
1719464949441,153.85,225
1719464950385,153.6,50
1719464950385,153.6,50
1719464951586,154.4,50
1719464952598,154.8,100
1719464953635,155.1,25
1719464953934,154.95,25
1719464954515,155.0,25
1719464955184,155.0,50
1719464955787,153.55,75
1719464956290,153.55,50
1719464957368,154.15,25
1719464957368,154.15,25
1719464958350,153.95,50
1719464959099,153.1,150
1719464959099,153.1,150
1719464960566,153.25,150
1719464960566,153.25,150
1719464961586,154.05,175
1719464962572,154.0,50
1719464962674,154.45,25
1719464963119,154.9,25
1719464963119,154.9,25
1719464964455,154.55,150
1719464964893,154.15,25
1719464965610,154.55,25
1719464965610,154.55,25
1719464967405,153.1,350
1719464967405,153.1,350
1719464968574,154.0,100
1719464968634,154.0,25
1719464968634,154.0,25
1719464970476,154.8,150
1719464970710,155.65,25
1719464971311,154.3,50
1719464971311,154.3,50
1719464972815,154.95,50
1719464974295,154.2,25
1719464974454,153.8,125
1719464975119,154.6,50
1719464975924,154.9,25
1719464976340,154.7,200
1719464977668,155.0,50
1719464978322,155.65,100
1719464979348,155.0,175
1719464979584,155.1,50
1719464980675,155.1,25
1719464980675,155.1,25
1719464981475,154.95,25
1719464981911,154.8,125
1719464982670,155.0,25
1719464983080,154.2,50
1719464984054,155.5,25
1719464984054,155.5,25
1719464985001,154.75,125
1719464985001,154.75,125
1719464986480,155.0,25
1719464987540,155.05,50
1719464987540,155.05,50
1719464988392,155.5,150
1719464989367,155.3,150
1719464989367,155.3,150
1719464990475,155.4,25
1719464990945,155.95,25
1719464991577,156.1,25
1719464992557,155.75,100
1719464992753,155.85,100
1719464993523,155.85,50
1719464994320,156.2,25
1719464994320,156.2,25
1719464995571,154.95,50
1719464995673,154.85,25
1719464996587,154.55,25
1719464997584,155.1,25
1719464997809,155.45,50
1719464998412,155.05,50
1719464999167,155.65,25
1719464999455,155.0,25
1719465000584,155.0,200
1719465000584,155.0,200
1719465000983,154.5,50
1719465000983,154.5,50
1719465002579,154.6,75
1719465002677,154.2,25
1719465003475,154.65,100
1719465004272,154.9,50
1719465004574,154.9,50
1719465005553,154.0,200
1719465005786,154.3,25
1719465006662,153.9,75
1719465007580,154.9,25
1719465007580,154.9,25
1719465007917,154.3,200
1719465009356,155.0,25
1719465009496,155.05,25
1719465010231,155.95,25
1719465010828,155.8,25
1719465011548,154.9,25
1719465012445,155.3,25
1719465012445,155.3,25
1719465013591,155.95,75
1719465013942,155.55,25
1719465014426,156.0,50
1719465015763,156.7,100
1719465015763,156.7,100
1719465016368,156.0,25
1719465017209,156.5,25
1719465017696,156.7,150
1719465017696,156.7,150
1719465019261,155.85,50
1719465019261,155.85,50
1719465020325,155.15,25
1719465020925,155.2,25
1719465020925,155.2,25
1719465022626,156.0,125
1719465023355,156.55,25
1719465024153,156.75,25
1719465024616,158.0,125
1719465025553,158.95,25
1719465025629,159.5,25
1719465026357,160.0,50
1719465027728,157.25,125
1719465028364,156.65,25
1719465029387,156.4,50
1719465029387,156.4,50
1719465030473,156.05,25
1719465030473,156.05,25
1719465030979,155.85,200
1719465031254,156.25,50
1719465032601,155.8,100
1719465032601,155.8,100
1719465033293,155.6,75
1719465033293,155.6,75
1719465034720,155.7,25
1719465035576,155.1,75
1719465035620,155.0,25
1719465036584,154.85,50
1719465036940,154.0,250
1719465036940,154.0,250
1719465037968,154.85,25
1719465037968,154.85,25
1719465039566,154.85,25
1719465040469,154.95,25
1719465040469,154.95,25
1719465041404,155.2,100
1719465042207,154.8,50
1719465042207,154.8,50
1719465043395,155.45,250
1719465044425,155.4,25
1719465044425,155.4,25
1719465045275,154.5,75
1719465045275,154.5,75
1719465046651,154.85,75
1719465047482,154.5,50
1719465047482,154.5,50
1719465048817,155.0,125
1719465048817,155.0,125
1719465049564,154.65,25
1719465050259,154.65,25
1719465051044,153.35,25
1719465051044,153.35,25
1719465052601,154.45,50
1719465052601,154.45,50
1719465052920,153.8,100
1719465054038,152.85,325
1719465054038,152.85,325
1719465055805,155.3,50
1719465055805,155.3,50
1719465056211,155.3,100
1719465057519,156.0,200
1719465057869,156.75,325
1719465058060,157.15,25
1719465059355,158.95,200
1719465059566,158.5,25
1719465060500,158.75,25
1719465060500,158.75,25
1719465060991,158.15,50
1719465061484,157.75,50
1719465062550,157.4,50
1719465062868,157.1,50
1719465063428,157.4,150
1719465064439,157.9,25
1719465064576,157.9,25
1719465065460,157.8,25
1719465066008,157.75,100
1719465066293,158.55,25
1719465067500,158.4,175
1719465067500,158.4,175
1719465068311,158.85,25
1719465069119,158.75,150
1719465069119,158.75,150
1719465070764,158.75,25
1719465070764,158.75,25
1719465071385,157.7,25
1719465072604,158.35,50
1719465072712,157.9,50
1719465073346,158.25,150
1719465074406,158.0,25
1719465074406,158.0,25
1719465075490,158.1,25
1719465075895,157.7,25
1719465076618,158.0,25
1719465077573,158.15,25
1719465077573,158.15,25
1719465078670,157.25,50
1719465079006,157.1,25
1719465079006,157.1,25
1719465080399,157.75,50
1719465081024,157.0,50
1719465081304,157.55,25
1719465082442,157.5,25
1719465082793,157.75,25
1719465083555,157.85,200
1719465083956,158.55,25
1719465083956,158.55,25
1719465085465,158.3,25
1719465085465,158.3,25
1719465086612,158.05,75
1719465086925,158.25,50
1719465086925,158.25,50
1719465088575,158.65,25
1719465089055,158.55,250
1719465090520,158.45,25
1719465090733,158.75,25
1719465090983,158.7,375
1719465091423,158.25,75
1719465092826,159.0,25
1719465093452,160.0,200
1719465094518,159.15,25
1719465094518,159.15,25
1719465095259,158.9,50
1719465096079,157.85,25
1719465096569,158.2,250
1719465097379,158.75,25
1719465097787,159.0,25
1719465098226,159.15,25
1719465099539,159.95,125
1719465099803,159.6,200
1719465100658,159.5,25
1719465100909,160.1,25
1719465101466,160.65,25
1719465102643,161.2,25
1719465102643,161.2,25
1719465103493,161.15,25
1719465104537,159.7,25
1719465105637,159.9,50
1719465106140,160.0,25
1719465106761,160.05,125
1719465107440,160.05,25
1719465107865,160.2,275
1719465108465,159.85,125
1719465109577,160.05,25
1719465109577,160.05,25
1719465110024,160.65,25
1719465111150,160.25,25
1719465111476,159.15,75
1719465112425,160.15,50
1719465112425,160.15,50
1719465113065,161.05,25
1719465113779,160.55,100
1719465114781,161.55,50
1719465115618,161.0,75
1719465116083,161.25,25
1719465116378,160.85,175
1719465117512,161.2,300
1719465117851,161.7,200
1719465118159,162.0,100
1719465119590,161.85,75
