time,price,volume
1719461501820,254.5,25
1719461503933,255.85,25
1719461503933,255.85,25
1719461505232,256.15,100
1719461505232,256.15,100
1719461507126,255.85,25
1719461507126,255.85,25
1719461507126,255.85,25
1719461510817,256.0,100
1719461510817,256.0,100
1719461510817,256.0,100
1719461513101,255.1,75
1719461513101,255.1,75
1719461515035,256.0,25
1719461515035,256.0,25
1719461516639,257.75,100
1719461517045,257.0,50
1719461517687,255.6,75
1719461517687,255.6,75
1719461520100,256.2,50
1719461520100,256.2,50
1719461520100,256.2,50
1719461521767,255.0,100
1719461522025,255.05,25
1719461523927,253.0,50
1719461523927,253.0,50
1719461524550,252.9,200
1719461525856,253.15,50
1719461525856,253.15,50
1719461525856,253.15,50
1719461528548,251.35,50
1719461528925,251.4,100
1719461528925,251.4,100
1719461528925,251.4,100
1719461528925,251.4,100
1719461528925,251.4,100
1719461528925,251.4,100
1719461536502,251.85,150
1719461536502,251.85,150
1719461538597,251.9,25
1719461538597,251.9,25
1719461540553,250.2,50
1719461540553,250.2,50
1719461540553,250.2,50
1719461543125,250.0,25
1719461544344,249.1,25
1719461544344,249.1,25
1719461545714,247.3,25
1719461545714,247.3,25
1719461546102,248.15,25
1719461546102,248.15,25
1719461548622,249.9,25
1719461548622,249.9,25
1719461548622,249.9,25
1719461548622,249.9,25
1719461548622,249.9,25
1719461548622,249.9,25
1719461548622,249.9,25
1719461548622,249.9,25
1719461548622,249.9,25
1719461560702,250.2,50
1719461560702,250.2,50
1719461560702,250.2,50
1719461560702,250.2,50
1719461564633,248.1,25
1719461564915,248.6,25
1719461564915,248.6,25
1719461564915,248.6,25
1719461564915,248.6,25
1719461564915,248.6,25
1719461572787,249.3,75
1719461572787,249.3,75
1719461575515,250.25,50
1719461575515,250.25,50
1719461575515,250.25,50
1719461578504,251.8,25
1719461578504,251.8,25
1719461578504,251.8,25
1719461581012,251.2,100
1719461581012,251.2,100
1719461581012,251.2,100
1719461581012,251.2,100
1719461581012,251.2,100
1719461588073,249.25,25
1719461588073,249.25,25
1719461588073,249.25,25
1719461591365,249.35,25
1719461591365,249.35,25
1719461594448,249.9,25
1719461594448,249.9,25
1719461594448,249.9,25
1719461598443,249.9,50
1719461598475,250.85,100
1719461598475,250.85,100
1719461600319,251.0,150
1719461600319,251.0,150
1719461601854,251.15,75
1719461601854,251.15,75
1719461603186,250.0,25
1719461603801,250.0,75
1719461603801,250.0,75
1719461603801,250.0,75
1719461603801,250.0,75
1719461608741,249.6,25
1719461608933,249.9,25
1719461608933,249.9,25
1719461610317,250.0,100
1719461610317,250.0,100
1719461612472,251.2,100
1719461612472,251.2,100
1719461612472,251.2,100
1719461612472,251.2,100
1719461612472,251.2,100
1719461618145,249.2,25
1719461618145,249.2,25
1719461618145,249.2,25
1719461618145,249.2,25
1719461618145,249.2,25
1719461625955,253.3,25
1719461625955,253.3,25
1719461625955,253.3,25
1719461630549,254.3,25
1719461630549,254.3,25
1719461632348,253.1,250
1719461632348,253.1,250
1719461633325,254.15,75
1719461633325,254.15,75
1719461634603,253.95,25
1719461634603,253.95,25
1719461634603,253.95,25
1719461634603,253.95,25
1719461639756,253.55,25
1719461639756,253.55,25
1719461639756,253.55,25
1719461639756,253.55,25
1719461643290,253.4,25
1719461643290,253.4,25
1719461643290,253.4,25
1719461643290,253.4,25
1719461643290,253.4,25
1719461643290,253.4,25
1719461643290,253.4,25
1719461643290,253.4,25
1719461655283,254.8,125
1719461655283,254.8,125
1719461657187,254.55,50
1719461657187,254.55,50
1719461657187,254.55,50
1719461659474,252.9,25
1719461659474,252.9,25
1719461659474,252.9,25
1719461659474,252.9,25
1719461665380,250.8,150
1719461665380,250.8,150
1719461665380,250.8,150
1719461668449,254.35,25
1719461668449,254.35,25
1719461668449,254.35,25
1719461668449,254.35,25
1719461668449,254.35,25
1719461668449,254.35,25
1719461675088,252.65,25
1719461675453,253.35,25
1719461675969,253.4,25
1719461675969,253.4,25
1719461675969,253.4,25
1719461677897,254.2,25
1719461677897,254.2,25
1719461679322,252.4,25
1719461679322,252.4,25
1719461681959,253.5,50
1719461681959,253.5,50
1719461681959,253.5,50
1719461685413,252.95,75
1719461685413,252.95,75
1719461685413,252.95,75
1719461685413,252.95,75
1719461689580,253.5,25
1719461690806,254.0,500
1719461690806,254.0,500
1719461690806,254.0,500
1719461690806,254.0,500
1719461695527,253.8,25
1719461695527,253.8,25
1719461695527,253.8,25
1719461698853,252.95,50
1719461698853,252.95,50
1719461698853,252.95,50
1719461698853,252.95,50
1719461701251,254.2,75
1719461702389,255.0,75
1719461702389,255.0,75
1719461702389,255.0,75
1719461702389,255.0,75
1719461702389,255.0,75
1719461707767,251.05,50
1719461708870,251.75,25
1719461708870,251.75,25
1719461710481,252.8,25
1719461710481,252.8,25
1719461710481,252.8,25
1719461713280,253.3,25
1719461713280,253.3,25
1719461713280,253.3,25
1719461713280,253.3,25
1719461713280,253.3,25
1719461713280,253.3,25
1719461721525,253.9,25
1719461723902,253.4,25
1719461744165,257.95,25
1719461744165,257.95,25
1719461744165,257.95,25
1719461752867,261.5,125
1719461753349,261.0,150
1719461754458,260.05,25
1719461754458,260.05,25
1719461755392,260.95,25
1719461755392,260.95,25
1719461755392,260.95,25
1719461758428,259.8,25
1719461758428,259.8,25
1719461758428,259.8,25
1719461760929,260.5,25
1719461760929,260.5,25
1719461761763,260.35,75
1719461761763,260.35,75
1719461764199,260.8,25
1719461764199,260.8,25
1719461765020,262.05,25
1719461765020,262.05,25
1719461766241,259.8,25
1719461766241,259.8,25
1719461767908,261.35,25
1719461768857,260.4,125
1719461768857,260.4,125
1719461769575,261.45,25
1719461769575,261.45,25
1719461771519,260.85,25
1719461772383,259.95,25
1719461772539,259.8,200
1719461772539,259.8,200
1719461774611,259.1,25
1719461774611,259.1,25
1719461774611,259.1,25
1719461778621,259.95,25
1719461779048,259.55,25
1719461779546,260.0,25
1719461780953,260.0,50
1719461780953,260.0,50
1719461782317,261.0,25
1719461782317,261.0,25
1719461782317,261.0,25
1719461785738,262.0,25
1719461785738,262.0,25
1719461787603,264.0,100
1719461787603,264.0,100
1719461788087,263.95,50
1719461788087,263.95,50
1719461790484,264.9,25
1719461790852,264.9,450
1719461791096,264.3,25
1719461791634,264.35,200
1719461792116,264.55,100
1719461792116,264.55,100
1719461794065,263.2,25
1719461794065,263.2,25
1719461794065,263.2,25
1719461794065,263.2,25
1719461798190,263.7,50
1719461798521,263.95,25
1719461798521,263.95,25
1719461800860,263.9,50
1719461801084,263.9,25
1719461801084,263.9,25
1719461802341,263.1,150
1719461802341,263.1,150
1719461803253,264.25,25
1719461803253,264.25,25
1719461805548,263.85,25
1719461805548,263.85,25
1719461806909,263.7,25
1719461806909,263.7,25
1719461808224,263.15,125
1719461808224,263.15,125
1719461809633,263.55,50
1719461809633,263.55,50
1719461809633,263.55,50
1719461809633,263.55,50
1719461809633,263.55,50
1719461817174,261.55,25
1719461817174,261.55,25
1719461818897,261.45,50
1719461818897,261.45,50
1719461818897,261.45,50
1719461821153,262.05,25
1719461821416,261.85,25
1719461822402,261.6,25
1719461824556,261.1,25
1719461824556,261.1,25
1719461826750,260.35,75
1719461827425,260.0,125
1719461827425,260.0,125
1719461829691,260.1,25
1719461830290,259.8,25
1719461830290,259.8,25
1719461830290,259.8,25
1719461833192,260.6,25
1719461833711,261.55,25
1719461833711,261.55,25
1719461834495,262.75,75
1719461835895,263.8,75
1719461835895,263.8,75
1719461837447,262.1,50
1719461837447,262.1,50
1719461837919,262.0,50
1719461837919,262.0,50
1719461840782,260.85,25
1719461840782,260.85,25
1719461842311,260.5,25
1719461842311,260.5,25
1719461844102,260.3,25
1719461844102,260.3,25
1719461844102,260.3,25
1719461844102,260.3,25
1719461848682,262.4,175
1719461848682,262.4,175
1719461848682,262.4,175
1719461848682,262.4,175
1719461851481,261.55,25
1719461851481,261.55,25
1719461851481,261.55,25
1719461851481,261.55,25
1719461856271,261.25,25
1719461856271,261.25,25
1719461856271,261.25,25
1719461860407,260.25,100
1719461860407,260.25,100
1719461860407,260.25,100
1719461860407,260.25,100
1719461866206,262.0,25
1719461866206,262.0,25
1719461866206,262.0,25
1719461871075,261.15,25
1719461871075,261.15,25
1719461872266,260.0,50
1719461872630,260.0,25
1719461873042,260.0,25
1719461873042,260.0,25
1719461874845,259.0,25
1719461874845,259.0,25
1719461877038,258.5,25
1719461877038,258.5,25
1719461877038,258.5,25
1719461879620,258.25,25
1719461879620,258.25,25
1719461879620,258.25,25
1719461879620,258.25,25
1719461879620,258.25,25
1719461879620,258.25,25
1719461879620,258.25,25
1719461879620,258.25,25
1719461879620,258.25,25
1719461891464,258.25,25
1719461891923,257.45,300
1719461892806,257.5,25
1719461892806,257.5,25
1719461894617,257.95,25
1719461894660,257.8,25
1719461894660,257.8,25
1719461894660,257.8,25
1719461894660,257.8,25
1719461894660,257.8,25
1719461894660,257.8,25
1719461904077,258.9,25
1719461904077,258.9,25
1719461905701,258.15,50
1719461905701,258.15,50
1719461905701,258.15,50
1719461908313,258.2,25
1719461908313,258.2,25
1719461910606,257.65,200
1719461910606,257.65,200
1719461912251,257.0,150
1719461912251,257.0,150
1719461914367,255.5,25
1719461916306,255.5,50
1719461916306,255.5,50
1719461917764,255.65,75
1719461917764,255.65,75
1719461919166,255.7,125
1719461919166,255.7,125
1719461920489,256.75,50
1719461920489,256.75,50
1719461922458,257.7,25
1719461922458,257.7,25
1719461923222,257.4,25
1719461923222,257.4,25
1719461925494,258.05,50
1719461925494,258.05,50
1719461927648,257.9,25
1719461927648,257.9,25
1719461928139,257.7,75
1719461928139,257.7,75
1719461928139,257.7,75
1719461928139,257.7,75
1719461928139,257.7,75
1719461928139,257.7,75
1719461936638,257.2,25
1719461936638,257.2,25
1719461936638,257.2,25
1719461939770,258.45,25
1719461939770,258.45,25
1719461939770,258.45,25
1719461939770,258.45,25
1719461939770,258.45,25
1719461945715,259.1,75
1719461945715,259.1,75
1719461945715,259.1,75
1719461945715,259.1,75
1719461950293,260.45,75
1719461950293,260.45,75
1719461951741,260.0,75
1719461951741,260.0,75
1719461954476,260.45,25
1719461954476,260.45,25
1719461954476,260.45,25
1719461956603,260.05,25
1719461956603,260.05,25
1719461956603,260.05,25
1719461960038,262.0,25
1719461960578,263.0,50
1719461960578,263.0,50
1719461961491,264.0,50
1719461961491,264.0,50
1719461962974,264.4,25
1719461963141,265.5,100
1719461963141,265.5,100
1719461965818,265.05,25
1719461965818,265.05,25
1719461966915,264.35,25
1719461966915,264.35,25
1719461966915,264.35,25
1719461966915,264.35,25
1719461966915,264.35,25
1719461971718,264.3,25
1719461971718,264.3,25
1719461971718,264.3,25
1719461971718,264.3,25
1719461971718,264.3,25
1719461971718,264.3,25
1719461971718,264.3,25
1719461982001,263.5,25
1719461982256,263.6,25
1719461982256,263.6,25
1719461983435,265.5,50
1719461984606,265.7,25
1719461984606,265.7,25
1719461985267,265.75,25
1719461985267,265.75,25
1719461986938,265.4,25
1719461986938,265.4,25
1719461988009,266.35,25
1719461988009,266.35,25
1719461991108,264.95,25
1719461991108,264.95,25
1719461991108,264.95,25
1719461993185,264.8,175
1719461994039,266.25,25
1719461994039,266.25,25
1719461994039,266.25,25
1719461996793,264.5,100
1719461996793,264.5,100
1719461998712,264.75,25
1719461998712,264.75,25
1719461998712,264.75,25
1719461998712,264.75,25
1719462001840,266.25,125
1719462001840,266.25,125
1719462001840,266.25,125
1719462005074,266.05,50
1719462006236,266.25,25
1719462006745,266.75,25
1719462007028,266.8,50
1719462007028,266.8,50
1719462007028,266.8,50
1719462007028,266.8,50
1719462007028,266.8,50
1719462007028,266.8,50
1719462015584,267.0,50
1719462015584,267.0,50
1719462017870,268.0,50
1719462019229,267.2,100
1719462019633,267.6,25
1719462019633,267.6,25
1719462020797,267.4,25
1719462020797,267.4,25
1719462021530,268.2,50
1719462022901,265.6,75
1719462023262,265.75,50
1719462024626,265.0,50
1719462024814,264.5,25
1719462025819,264.9,25
1719462025819,264.9,25
1719462025819,264.9,25
1719462025819,264.9,25
1719462025819,264.9,25
1719462031103,266.4,75
1719462031103,266.4,75
1719462031103,266.4,75
1719462031103,266.4,75
1719462034759,265.35,125
1719462034759,265.35,125
1719462036360,266.0,150
1719462036676,266.5,325
1719462036676,266.5,325
1719462038893,266.0,25
1719462038893,266.0,25
1719462041199,265.5,50
1719462041199,265.5,50
1719462043749,265.55,25
1719462043749,265.55,25
1719462043749,265.55,25
1719462043749,265.55,25
1719462043749,265.55,25
1719462050212,266.65,50
1719462050212,266.65,50
1719462050212,266.65,50
1719462050212,266.65,50
1719462055336,267.25,25
1719462055866,267.2,25
1719462056277,266.05,25
1719462056277,266.05,25
1719462056277,266.05,25
1719462056277,266.05,25
1719462056277,266.05,25
1719462060999,266.05,250
1719462060999,266.05,250
1719462061794,267.45,25
1719462061794,267.45,25
1719462061794,267.45,25
1719462065136,265.4,25
1719462065136,265.4,25
1719462066944,265.8,25
1719462066944,265.8,25
1719462068451,265.55,25
1719462068451,265.55,25
1719462071285,265.6,25
1719462071285,265.6,25
1719462072440,265.4,25
1719462072440,265.4,25
1719462072440,265.4,25
1719462075808,265.6,25
1719462075808,265.6,25
1719462077386,264.9,175
1719462077386,264.9,175
1719462079065,266.2,25
1719462079065,266.2,25
1719462079065,266.2,25
1719462082745,263.3,25
1719462082745,263.3,25
1719462082745,263.3,25
1719462085664,262.85,25
1719462085664,262.85,25
1719462085664,262.85,25
1719462088619,263.6,25
1719462088619,263.6,25
1719462088619,263.6,25
1719462088619,263.6,25
1719462088619,263.6,25
1719462088619,263.6,25
1719462094887,261.75,25
1719462094887,261.75,25
1719462097690,261.6,175
1719462097690,261.6,175
1719462097690,261.6,175
1719462097690,261.6,175
1719462101961,262.45,25
1719462101961,262.45,25
1719462103993,261.8,25
1719462103993,261.8,25
1719462103993,261.8,25
1719462107359,261.9,25
1719462107359,261.9,25
1719462107359,261.9,25
1719462107359,261.9,25
1719462112868,264.0,125
1719462112868,264.0,125
1719462112868,264.0,125
1719462112868,264.0,125
1719462117386,261.75,25
1719462117386,261.75,25
1719462117386,261.75,25
1719462117386,261.75,25
1719462117386,261.75,25
1719462117386,261.75,25
1719462117386,261.75,25
1719462126288,260.35,25
1719462126288,260.35,25
1719462127658,261.1,25
1719462127658,261.1,25
1719462129970,261.2,125
1719462130754,260.0,25
1719462130754,260.0,25
1719462130754,260.0,25
1719462134471,260.4,50
1719462134471,260.4,50
1719462134471,260.4,50
1719462134471,260.4,50
1719462139054,260.05,50
1719462139054,260.05,50
1719462140920,259.95,225
1719462140920,259.95,225
1719462142509,259.0,25
1719462142509,259.0,25
1719462144120,258.8,25
1719462144240,258.6,25
1719462144240,258.6,25
1719462144240,258.6,25
1719462146857,260.0,25
1719462146857,260.0,25
1719462148342,261.0,25
1719462148342,261.0,25
1719462148342,261.0,25
1719462148342,261.0,25
1719462151734,259.7,25
1719462151734,259.7,25
1719462151734,259.7,25
1719462151734,259.7,25
1719462151734,259.7,25
1719462151734,259.7,25
1719462161113,259.7,25
1719462161113,259.7,25
1719462161113,259.7,25
1719462161113,259.7,25
1719462165011,258.3,50
1719462166296,258.9,50
1719462166296,258.9,50
1719462167856,259.0,25
1719462167856,259.0,25
1719462169569,258.0,150
1719462169569,258.0,150
1719462169569,258.0,150
1719462169569,258.0,150
1719462174083,259.3,25
1719462174083,259.3,25
1719462174083,259.3,25
1719462177813,258.0,25
1719462178126,258.0,50
1719462178126,258.0,50
1719462178126,258.0,50
1719462178126,258.0,50
1719462178126,258.0,50
1719462178126,258.0,50
1719462184059,257.4,50
1719462184059,257.4,50
1719462186072,256.8,25
1719462186387,257.35,25
1719462186387,257.35,25
1719462186387,257.35,25
1719462189798,256.5,25
1719462189798,256.5,25
1719462189798,256.5,25
1719462191884,257.35,25
1719462191884,257.35,25
1719462191884,257.35,25
1719462191884,257.35,25
1719462191884,257.35,25
1719462191884,257.35,25
1719462191884,257.35,25
1719462191884,257.35,25
1719462203683,259.2,100
1719462203683,259.2,100
1719462206082,259.45,125
1719462206082,259.45,125
1719462207160,259.1,50
1719462208108,259.05,50
1719462208108,259.05,50
1719462208108,259.05,50
1719462208108,259.05,50
1719462208108,259.05,50
1719462212280,257.0,50
1719462212954,257.5,50
1719462212954,257.5,50
1719462212954,257.5,50
1719462212954,257.5,50
1719462216996,258.1,25
1719462216996,258.1,25
1719462216996,258.1,25
1719462220209,258.75,50
1719462220209,258.75,50
1719462221890,258.45,25
1719462221890,258.45,25
1719462221890,258.45,25
1719462221890,258.45,25
1719462227449,257.5,25
1719462227449,257.5,25
1719462227449,257.5,25
1719462230956,257.4,25
1719462230956,257.4,25
1719462232232,257.3,25
1719462232232,257.3,25
1719462232232,257.3,25
1719462232232,257.3,25
1719462237265,257.4,25
1719462237265,257.4,25
1719462237265,257.4,25
1719462237265,257.4,25
1719462237265,257.4,25
1719462242389,257.45,25
1719462242389,257.45,25
1719462243276,258.15,50
1719462243276,258.15,50
1719462243276,258.15,50
1719462246765,260.0,25
1719462246765,260.0,25
1719462246765,260.0,25
1719462251614,258.85,50
1719462252031,258.9,25
1719462252031,258.9,25
1719462252031,258.9,25
1719462255558,259.75,150
1719462255686,259.85,25
1719462255686,259.85,25
1719462255686,259.85,25
1719462255686,259.85,25
1719462255686,259.85,25
1719462262350,258.9,25
1719462262350,258.9,25
1719462262350,258.9,25
1719462262350,258.9,25
1719462267833,261.0,50
1719462268125,259.6,25
1719462268693,259.65,25
1719462268693,259.65,25
1719462268693,259.65,25
1719462268693,259.65,25
1719462268693,259.65,25
1719462268693,259.65,25
1719462268693,259.65,25
1719462268693,259.65,25
1719462268693,259.65,25
1719462280265,262.0,125
1719462280265,262.0,125
1719462280265,262.0,125
1719462283619,261.9,25
1719462284341,261.75,50
1719462284341,261.75,50
1719462284341,261.75,50
1719462286877,261.3,25
1719462286877,261.3,25
1719462286877,261.3,25
1719462286877,261.3,25
1719462292365,264.55,50
1719462292365,264.55,50
1719462292365,264.55,50
1719462295431,261.9,125
1719462295431,261.9,125
1719462296750,262.5,25
1719462296750,262.5,25
1719462296750,262.5,25
1719462296750,262.5,25
1719462296750,262.5,25
1719462296750,262.5,25
1719462296750,262.5,25
1719462296750,262.5,25
1719462296750,262.5,25
1719462296750,262.5,25
1719462296750,262.5,25
1719462312068,265.0,150
1719462313240,266.0,50
1719462313240,266.0,50
1719462314228,265.25,25
1719462314228,265.25,25
1719462316357,264.85,25
1719462316357,264.85,25
1719462317209,265.8,25
1719462317804,266.0,75
1719462317804,266.0,75
1719462319127,265.6,25
1719462319127,265.6,25
1719462320621,265.35,25
1719462320879,265.0,175
1719462320879,265.0,175
1719462323036,265.05,100
1719462323036,265.05,100
1719462325806,265.6,175
1719462325806,265.6,175
1719462328341,266.0,75
1719462328341,266.0,75
1719462328974,265.7,50
1719462328974,265.7,50
1719462328974,265.7,50
1719462328974,265.7,50
1719462331990,265.6,50
1719462331990,265.6,50
1719462334143,265.45,50
1719462334143,265.45,50
1719462334143,265.45,50
1719462334143,265.45,50
1719462334143,265.45,50
1719462340050,266.0,25
1719462340050,266.0,25
1719462340050,266.0,25
1719462344039,265.7,50
1719462344039,265.7,50
1719462344039,265.7,50
1719462344039,265.7,50
1719462344039,265.7,50
1719462344039,265.7,50
1719462351818,265.7,50
1719462351818,265.7,50
1719462353703,264.75,25
1719462354064,264.0,50
1719462354302,263.9,25
1719462354302,263.9,25
1719462354302,263.9,25
1719462359981,264.5,25
1719462359981,264.5,25
1719462359981,264.5,25
1719462359981,264.5,25
1719462363701,264.6,25
1719462363701,264.6,25
1719462363701,264.6,25
1719462367392,262.6,25
1719462367392,262.6,25
1719462367392,262.6,25
1719462367392,262.6,25
1719462372648,265.0,25
1719462372885,264.35,25
1719462372885,264.35,25
1719462372885,264.35,25
1719462375775,264.8,50
1719462375775,264.8,50
1719462378254,263.05,50
1719462378254,263.05,50
1719462378254,263.05,50
1719462378254,263.05,50
1719462382526,262.3,25
1719462383358,263.65,50
1719462383358,263.65,50
1719462383746,262.95,25
1719462383746,262.95,25
1719462385964,263.45,25
1719462385964,263.45,25
1719462387268,262.5,25
1719462387268,262.5,25
1719462387268,262.5,25
1719462387268,262.5,25
1719462387268,262.5,25
1719462391883,262.1,25
1719462392656,262.35,25
1719462392656,262.35,25
1719462393857,263.8,25
1719462394846,263.35,25
1719462394846,263.35,25
1719462395757,264.0,25
1719462395757,264.0,25
1719462398317,264.8,25
1719462398317,264.8,25
1719462399861,266.35,50
1719462400052,267.3,25
1719462400052,267.3,25
1719462401040,268.8,25
1719462401040,268.8,25
1719462401040,268.8,25
1719462404257,271.05,175
1719462404819,269.8,50
1719462404819,269.8,50
1719462406454,270.3,25
1719462406454,270.3,25
1719462408390,272.0,25
1719462408613,272.35,100
1719462409096,273.0,50
1719462409870,272.55,25
1719462410409,272.75,25
1719462411603,273.0,375
1719462411603,273.0,375
1719462411603,273.0,375
1719462414813,274.95,25
1719462414813,274.95,25
1719462415112,275.0,50
1719462416012,275.85,25
1719462416619,275.75,25
1719462416619,275.75,25
1719462417858,276.5,25
1719462417858,276.5,25
1719462419896,277.05,25
1719462419896,277.05,25
1719462420370,278.9,100
1719462421639,280.0,25
1719462422026,281.85,50
1719462423074,283.65,175
1719462423074,283.65,175
1719462423898,281.3,25
1719462424944,280.7,25
1719462425384,281.0,50
1719462425988,280.4,25
1719462425988,280.4,25
1719462427344,280.85,100
1719462428533,279.5,50
1719462428533,279.5,50
1719462429129,281.8,100
1719462430115,279.65,25
1719462430115,279.65,25
1719462430115,279.65,25
1719462432092,281.35,25
1719462432481,280.85,25
1719462432481,280.85,25
1719462434344,280.35,75
1719462434421,280.85,25
1719462434421,280.85,25
1719462435993,281.7,125
1719462435993,281.7,125
1719462437425,281.15,25
1719462438436,281.35,25
1719462438436,281.35,25
1719462438436,281.35,25
1719462440863,279.75,25
1719462441076,280.6,50
1719462441076,280.6,50
1719462442404,281.1,125
1719462442999,280.7,75
1719462442999,280.7,75
1719462442999,280.7,75
1719462445353,282.0,50
1719462445762,281.6,25
1719462446775,281.7,100
1719462446775,281.7,100
1719462446775,281.7,100
1719462448834,281.35,25
1719462449323,280.2,25
1719462449323,280.2,25
1719462449323,280.2,25
1719462451222,281.25,50
1719462451222,281.25,50
1719462453045,278.65,150
1719462453045,278.65,150
1719462454924,279.4,100
1719462454924,279.4,100
1719462456232,280.95,50
1719462456232,280.95,50
1719462456232,280.95,50
1719462458960,279.55,25
1719462459107,279.6,50
1719462460012,279.95,50
1719462460433,280.65,25
1719462460433,280.65,25
1719462462726,282.4,250
1719462463013,282.35,50
1719462463013,282.35,50
1719462464090,283.5,25
1719462465122,282.1,75
1719462465122,282.1,75
1719462466236,284.25,300
1719462466236,284.25,300
1719462467074,284.65,50
1719462467952,286.05,25
1719462467952,286.05,25
1719462468913,284.95,25
1719462469962,286.65,50
1719462470918,286.6,25
1719462471911,288.75,25
1719462471911,288.75,25
1719462473051,288.9,100
1719462473764,288.95,25
1719462474105,289.1,25
1719462474920,286.95,25
1719462476614,290.0,125
1719462476614,290.0,125
1719462477270,289.95,25
1719462477581,290.9,200
1719462477581,290.9,200
1719462479076,289.35,25
1719462479795,288.9,125
1719462480435,290.0,75
1719462481057,292.0,25
1719462481888,292.3,25
1719462482496,293.0,25
1719462482834,293.05,50
1719462483744,292.5,200
1719462483744,292.5,200
1719462485323,294.7,25
1719462486311,293.2,25
1719462486423,292.8,125
1719462486423,292.8,125
1719462487622,293.85,275
1719462488701,292.3,25
1719462488701,292.3,25
1719462488701,292.3,25
1719462491535,292.55,25
1719462491788,293.4,25
1719462491788,293.4,25
1719462493261,292.05,25
1719462493485,292.0,25
1719462494061,292.35,50
1719462494061,292.35,50
1719462496352,290.0,275
1719462496352,290.0,275
1719462496352,290.0,275
1719462499324,289.05,225
1719462499324,289.05,225
1719462499324,289.05,225
1719462502441,289.7,25
1719462502899,289.55,25
1719462502899,289.55,25
1719462503985,290.0,50
1719462504634,291.35,50
1719462504634,291.35,50
1719462506408,292.35,25
1719462506408,292.35,25
1719462508651,292.8,25
1719462508651,292.8,25
1719462508651,292.8,25
1719462511134,291.9,25
1719462511134,291.9,25
1719462512300,292.3,25
1719462512300,292.3,25
1719462514132,293.3,25
1719462514851,293.9,25
1719462516393,292.65,125
1719462516393,292.65,125
1719462518276,292.05,25
1719462518276,292.05,25
1719462519951,292.0,25
1719462519951,292.0,25
1719462519951,292.0,25
1719462523028,291.3,25
1719462523571,290.0,50
1719462524293,291.15,150
1719462524456,289.95,275
1719462527074,290.35,50
1719462527074,290.35,50
1719462527652,291.15,25
1719462528618,287.9,25
1719462529193,289.5,50
1719462529951,289.4,25
1719462529951,289.4,25
1719462533011,289.55,50
1719462533011,289.55,50
1719462533011,289.55,50
1719462533011,289.55,50
1719462533011,289.55,50
1719462537767,291.2,25
1719462537767,291.2,25
1719462537767,291.2,25
1719462540545,291.3,25
1719462540934,290.85,75
1719462540934,290.85,75
1719462542686,292.35,125
1719462543560,292.0,75
1719462543560,292.0,75
1719462543560,292.0,75
1719462546228,291.5,25
1719462546228,291.5,25
1719462546228,291.5,25
1719462546228,291.5,25
1719462551179,291.0,25
1719462551179,291.0,25
1719462553359,291.65,50
1719462553359,291.65,50
1719462555130,292.95,25
1719462555411,292.65,25
1719462555411,292.65,25
1719462555411,292.65,25
1719462558556,293.3,25
1719462558556,293.3,25
1719462559223,293.1,25
1719462560077,293.45,50
1719462560077,293.45,50
1719462561238,293.0,25
1719462561906,293.8,50
1719462562225,293.7,25
1719462562225,293.7,25
1719462562225,293.7,25
1719462562225,293.7,25
1719462568131,293.0,25
1719462568131,293.0,25
1719462570007,293.0,25
1719462570183,293.7,50
1719462570183,293.7,50
1719462571459,294.0,50
1719462571459,294.0,50
1719462573551,293.75,25
1719462573877,294.0,500
1719462573877,294.0,500
1719462575628,292.95,25
1719462575628,292.95,25
1719462577309,292.5,50
1719462578171,291.6,50
1719462578653,291.15,25
1719462578653,291.15,25
1719462578653,291.15,25
1719462582090,291.6,100
1719462583384,290.5,75
1719462583384,290.5,75
1719462584955,292.2,25
1719462585361,291.95,50
1719462585361,291.95,50
1719462586590,292.5,50
1719462586590,292.5,50
1719462589240,293.05,25
1719462589240,293.05,25
1719462591167,293.4,100
1719462591715,293.0,25
1719462591715,293.0,25
1719462593776,293.1,50
1719462593776,293.1,50
1719462593776,293.1,50
1719462596604,292.85,25
1719462596604,292.85,25
1719462597294,292.7,25
1719462598667,293.0,50
1719462598667,293.0,50
1719462599654,293.85,25
1719462600242,294.1,50
1719462600242,294.1,50
1719462601404,296.0,600
1719462601656,296.3,25
1719462602418,296.15,25
1719462603262,294.3,25
1719462603860,294.3,25
1719462603860,294.3,25
1719462603860,294.3,25
1719462606035,293.0,50
1719462606955,293.1,25
1719462606955,293.1,25
1719462606955,293.1,25
1719462609365,293.95,25
1719462609365,293.95,25
1719462611175,293.2,25
1719462611908,293.95,25
1719462612456,292.8,175
1719462612699,292.6,125
1719462612699,292.6,125
1719462614961,293.75,25
1719462614961,293.75,25
1719462614961,293.75,25
1719462618365,293.25,25
1719462618671,293.2,50
1719462619099,293.0,150
1719462620303,291.5,50
1719462620303,291.5,50
1719462620725,292.1,50
1719462620725,292.1,50
1719462622473,290.95,25
1719462622769,291.55,25
1719462622769,291.55,25
1719462624117,290.65,175
1719462624720,290.65,25
1719462624720,290.65,25
1719462626198,290.5,25
1719462626198,290.5,25
1719462628091,291.8,125
1719462628091,291.8,125
1719462629447,292.35,150
1719462629676,292.15,50
1719462629676,292.15,50
1719462629676,292.15,50
1719462629676,292.15,50
1719462634285,295.0,275
1719462634285,295.0,275
1719462636138,295.9,25
1719462636138,295.9,25
1719462638696,296.2,25
1719462639432,295.0,25
1719462639432,295.0,25
1719462641188,294.7,25
1719462641824,294.95,25
1719462641824,294.95,25
1719462642668,294.85,25
1719462642668,294.85,25
1719462644279,293.25,25
1719462645225,295.1,100
1719462645225,295.1,100
1719462646018,294.7,25
1719462646018,294.7,25
1719462646018,294.7,25
1719462646018,294.7,25
1719462650791,295.0,75
1719462651434,294.8,25
1719462651559,294.9,25
1719462651559,294.9,25
1719462651559,294.9,25
1719462654134,295.6,25
1719462655141,294.5,75
1719462655356,295.2,25
1719462656480,294.8,25
1719462656480,294.8,25
1719462657450,295.9,100
1719462658223,297.0,25
1719462658223,297.0,25
1719462658916,295.95,25
1719462660437,299.1,100
1719462660437,299.1,100
1719462661750,300.0,25
1719462662207,299.75,25
1719462662483,301.15,25
1719462663365,299.75,50
1719462704651,305.0,25
1719462704651,305.0,25
1719462706774,304.9,25
1719462707191,305.3,75
1719462707191,305.3,75
1719462707794,306.65,50
1719462707794,306.65,50
1719462709196,306.5,75
1719462709632,305.8,25
1719462710413,305.0,25
1719462710413,305.0,25
1719462711744,307.15,50
1719462711744,307.15,50
1719462714021,308.0,25
1719462714748,307.75,25
1719462715052,309.2,150
1719462715052,309.2,150
1719462716029,307.6,25
1719462717002,308.4,25
1719462717002,308.4,25
1719462717870,309.1,75
1719462717870,309.1,75
1719462719210,309.4,25
1719462720542,309.0,25
1719462720542,309.0,25
1719462721490,310.8,25
1719462722002,312.0,25
1719462722002,312.0,25
1719462723016,313.7,50
1719462723016,313.7,50
1719462724844,313.45,25
1719462725505,312.05,25
1719462726281,312.25,50
1719462726281,312.25,50
1719462727741,311.8,50
1719462727741,311.8,50
1719462727741,311.8,50
1719462729947,312.7,25
1719462729947,312.7,25
1719462731852,313.7,25
1719462732265,312.9,25
1719462732265,312.9,25
1719462733328,312.45,25
1719462733328,312.45,25
1719462733328,312.45,25
1719462737074,312.0,25
1719462737074,312.0,25
1719462738626,312.0,100
1719462739055,312.3,250
1719462739215,312.45,50
1719462739215,312.45,50
1719462741688,311.75,200
1719462742144,312.05,75
1719462742144,312.05,75
1719462742144,312.05,75
1719462742144,312.05,75
1719462747157,311.25,25
1719462747157,311.25,25
1719462749609,311.25,50
1719462749609,311.25,50
1719462749609,311.25,50
1719462752214,311.0,100
1719462752908,312.0,25
1719462753788,312.2,25
1719462754457,311.7,50
1719462755032,311.45,25
1719462755827,311.75,25
1719462755827,311.75,25
1719462756739,311.8,50
1719462758327,312.15,25
1719462758768,311.45,25
1719462758768,311.45,25
1719462759759,311.6,75
1719462759759,311.6,75
1719462761053,311.25,125
1719462761053,311.25,125
1719462763708,310.9,25
1719462763708,310.9,25
1719462763708,310.9,25
1719462766194,310.25,25
1719462767382,309.75,25
1719462767382,309.75,25
1719462767814,310.65,25
1719462767814,310.65,25
1719462769859,309.8,25
1719462769859,309.8,25
1719462771132,310.6,50
1719462771734,313.0,25
1719462771734,313.0,25
1719462773548,314.7,50
1719462773548,314.7,50
1719462774898,314.05,25
1719462775854,314.45,50
1719462775912,314.75,25
1719462775912,314.75,25
1719462778280,312.75,25
1719462778799,313.0,25
1719462778799,313.0,25
1719462780177,316.1,25
1719462780177,316.1,25
1719462780177,316.1,25
1719462781757,315.6,25
1719462782337,315.3,25
1719462782750,316.15,50
1719462782750,316.15,50
1719462782750,316.15,50
1719462785923,315.15,25
1719462787067,316.85,25
1719462787335,316.7,50
1719462788057,316.5,25
1719462788057,316.5,25
1719462788057,316.5,25
1719462788057,316.5,25
1719462794099,317.5,25
1719462794099,317.5,25
1719462796969,316.65,25
1719462796969,316.65,25
1719462797932,316.0,25
1719462797932,316.0,25
1719462799135,315.3,25
1719462799135,315.3,25
1719462801909,317.55,25
1719462801909,317.55,25
1719462803907,317.65,50
1719462803907,317.65,50
1719462804189,318.0,75
1719462804189,318.0,75
1719462806600,315.1,25
1719462806600,315.1,25
1719462807658,315.7,25
1719462808460,315.0,50
1719462808460,315.0,50
1719462809322,314.45,50
1719462810404,313.65,50
1719462810404,313.65,50
1719462811843,312.25,25
1719462812336,312.05,25
1719462812336,312.05,25
1719462813284,311.85,50
1719462813447,312.5,50
1719462813447,312.5,50
1719462815736,310.0,25
1719462815736,310.0,25
1719462815736,310.0,25
1719462817760,310.05,25
1719462817760,310.05,25
1719462819732,310.0,50
1719462820896,309.0,25
1719462821549,308.55,25
1719462821549,308.55,25
1719462823997,310.0,50
1719462824668,308.55,75
1719462824668,308.55,75
1719462826372,308.55,25
1719462827210,310.0,25
1719462827951,309.15,25
1719462827951,309.15,25
1719462827951,309.15,25
1719462827951,309.15,25
1719462832726,311.15,50
1719462833691,310.3,25
1719462833691,310.3,25
1719462834866,310.6,25
1719462834866,310.6,25
1719462836773,310.0,25
1719462836986,310.0,75
1719462836986,310.0,75
1719462836986,310.0,75
1719462836986,310.0,75
1719462836986,310.0,75
1719462836986,310.0,75
1719462844922,312.65,25
1719462844922,312.65,25
1719462846426,312.0,25
1719462846426,312.0,25
1719462847800,311.65,25
1719462847800,311.65,25
1719462850212,310.6,25
1719462850212,310.6,25
1719462852398,313.6,175
1719462852874,312.5,50
1719462853979,312.3,25
1719462853979,312.3,25
1719462853979,312.3,25
1719462856464,311.6,25
1719462856464,311.6,25
1719462858236,312.0,75
1719462858236,312.0,75
1719462858236,312.0,75
1719462862147,313.3,25
1719462862147,313.3,25
1719462862147,313.3,25
1719462864758,313.0,25
1719462865445,313.45,50
1719462865934,312.75,75
1719462866067,313.45,25
1719462867110,312.0,25
1719462867110,312.0,25
1719462867110,312.0,25
1719462983780,315.55,25
1719462986791,315.0,25
1719462987023,315.4,50
1719462987023,315.4,50
1719462988515,313.55,75
1719463006338,313.3,25
1719463006338,313.3,25
1719463006338,313.3,25
1719463013197,314.05,25
1719463013197,314.05,25
1719463013197,314.05,25
1719463013197,314.05,25
1719463013197,314.05,25
1719463019767,317.0,25
1719463019767,317.0,25
1719463020789,317.9,50
1719463020789,317.9,50
1719463020789,317.9,50
1719463020789,317.9,50
1719463024446,319.0,50
1719463025836,318.25,25
1719463025836,318.25,25
1719463104882,316.4,50
1719463104882,316.4,50
1719463107846,316.15,200
1719463107846,316.15,200
1719463110007,314.75,50
1719463110007,314.75,50
1719463110007,314.75,50
1719463110007,314.75,50
1719463113237,315.1,25
1719463113739,315.25,50
1719463113739,315.25,50
1719463113739,315.25,50
1719463113739,315.25,50
1719463118070,317.7,75
1719463118632,316.2,75
1719463118632,316.2,75
1719463118632,316.2,75
1719463121445,318.1,25
1719463121445,318.1,25
1719463123921,320.0,25
1719463124398,319.6,50
1719463124398,319.6,50
1719463126706,320.0,25
1719463127138,321.0,100
1719463127138,321.0,100
1719463128865,317.55,25
1719463128865,317.55,25
1719463130836,317.55,25
1719463130836,317.55,25
1719463130836,317.55,25
1719463130836,317.55,25
1719463135311,316.7,25
1719463135311,316.7,25
1719463135311,316.7,25
1719463140157,319.0,75
1719463236335,318.0,125
1719463321214,323.25,25
1719463321214,323.25,25
1719463321214,323.25,25
1719463323308,323.85,25
1719463323308,323.85,25
1719463323308,323.85,25
1719463327164,323.3,50
1719463327828,323.3,125
1719463327828,323.3,125
1719463328986,323.8,25
1719463328986,323.8,25
1719463328986,323.8,25
1719463332374,323.9,25
1719463332789,323.25,50
1719463332789,323.25,50
1719463334872,323.0,25
1719463334872,323.0,25
1719463337617,323.05,25
1719463337617,323.05,25
1719463337617,323.05,25
1719463340320,322.9,25
1719463340320,322.9,25
1719463340320,322.9,25
1719463344870,321.95,50
1719463344870,321.95,50
1719463346746,322.55,25
1719463347586,322.5,25
1719463347586,322.5,25
1719463348854,321.4,50
1719463348854,321.4,50
1719463350582,324.0,25
1719463350582,324.0,25
1719463351323,322.8,25
1719463351323,322.8,25
1719463351323,322.8,25
1719463353451,323.4,50
1719463353929,323.45,25
1719463354094,323.1,50
1719463354094,323.1,50
1719463355163,325.0,25
1719463355163,325.0,25
1719463356564,324.65,25
1719463357016,325.4,175
1719463357016,325.4,175
1719463357016,325.4,175
1719463357016,325.4,175
1719463362146,325.85,25
1719463362146,325.85,25
1719463362146,325.85,25
1719463363511,325.2,25
1719463363996,326.05,25
1719463363996,326.05,25
1719463363996,326.05,25
1719463366560,325.65,25
1719463367128,325.95,50
1719463367128,325.95,50
1719463369669,327.3,50
1719463369669,327.3,50
1719463371149,327.4,25
1719463371149,327.4,25
1719463371149,327.4,25
1719463373353,327.75,25
1719463374739,327.3,25
1719463374739,327.3,25
1719463374739,327.3,25
1719463378665,327.55,25
1719463379643,325.0,25
1719463379643,325.0,25
1719463379643,325.0,25
1719463381012,324.0,25
1719463381012,324.0,25
1719463381723,323.25,25
1719463381723,323.25,25
1719463384254,322.95,150
1719463384254,322.95,150
1719463384254,322.95,150
1719463384254,322.95,150
1719463389442,323.4,25
1719463389442,323.4,25
1719463390589,323.75,50
1719463390915,324.15,25
1719463390915,324.15,25
1719463392089,322.95,75
1719463392089,322.95,75
1719463392089,322.95,75
1719463395966,321.75,25
1719463395966,321.75,25
1719463397387,321.85,25
1719463397387,321.85,25
1719463398843,321.95,50
1719463399056,321.95,50
1719463399056,321.95,50
1719463399056,321.95,50
1719463399056,321.95,50
1719463404010,321.45,50
1719463404513,320.95,50
1719463405915,321.45,50
1719463405915,321.45,50
1719463405915,321.45,50
1719463405915,321.45,50
1719463409084,318.55,25
1719463409251,317.7,200
1719463409251,317.7,200
1719463409251,317.7,200
1719463411249,317.0,50
1719463411249,317.0,50
1719463411249,317.0,50
1719463414285,317.7,25
1719463414285,317.7,25
1719463414285,317.7,25
1719463414285,317.7,25
1719463418321,317.6,25
1719463418321,317.6,25
1719463419832,316.4,50
1719463419832,316.4,50
1719463419832,316.4,50
1719463424788,316.1,25
1719463426302,315.6,25
1719463426302,315.6,25
1719463426729,314.9,25
1719463426729,314.9,25
1719463428472,309.3,25
1719463428952,309.4,25
1719463429156,310.0,25
1719463429156,310.0,25
1719463430321,310.2,50
1719463430321,310.2,50
1719463432954,305.85,25
1719463433152,306.4,25
1719463433682,308.85,25
1719463433682,308.85,25
1719463433682,308.85,25
1719463436786,308.4,25
1719463436786,308.4,25
1719463438409,309.9,25
1719463438409,309.9,25
1719463439975,310.65,50
1719463440328,310.65,25
1719463440328,310.65,25
1719463440786,311.6,25
1719463440786,311.6,25
1719463442291,309.85,25
1719463442291,309.85,25
1719463442291,309.85,25
1719463445642,311.4,75
1719463446628,311.4,50
1719463446628,311.4,50
1719463447038,311.4,50
1719463447038,311.4,50
1719463447038,311.4,50
1719463450639,311.5,75
1719463450639,311.5,75
1719463451491,311.1,25
1719463452763,312.8,25
1719463452763,312.8,25
1719463453946,311.6,50
1719463454639,312.55,50
1719463454639,312.55,50
1719463454639,312.55,50
1719463454639,312.55,50
1719463454639,312.55,50
1719463454639,312.55,50
1719463454639,312.55,50
1719463454639,312.55,50
1719463464964,312.4,25
1719463464964,312.4,25
1719463464964,312.4,25
1719463464964,312.4,25
1719463470253,314.1,25
1719463470467,313.7,25
1719463471052,315.0,25
1719463471052,315.0,25
1719463471052,315.0,25
1719463471052,315.0,25
1719463471052,315.0,25
1719463471052,315.0,25
1719463471052,315.0,25
1719463471052,315.0,25
1719463481694,312.85,25
1719463483287,311.4,25
1719463483544,311.45,50
1719463484053,312.85,25
1719463484053,312.85,25
1719463484053,312.85,25
1719463487176,310.7,25
1719463487176,310.7,25
1719463487176,310.7,25
1719463490114,312.4,75
1719463490784,312.1,25
1719463490784,312.1,25
1719463490784,312.1,25
1719463490784,312.1,25
1719463490784,312.1,25
1719463497936,312.3,50
1719463497936,312.3,50
1719463498916,310.75,25
1719463498916,310.75,25
1719463498916,310.75,25
1719463501035,312.1,25
1719463501035,312.1,25
1719463501035,312.1,25
1719463501035,312.1,25
1719463501035,312.1,25
1719463507099,309.65,25
1719463509573,311.8,25
1719463509573,311.8,25
1719463509573,311.8,25
1719463509573,311.8,25
1719463514419,310.4,25
1719463514419,310.4,25
1719463516347,311.5,275
1719463516347,311.5,275
1719463517167,309.15,25
1719463517167,309.15,25
1719463519312,309.45,25
1719463519312,309.45,25
1719463519312,309.45,25
1719463521742,310.75,25
1719463521742,310.75,25
1719463521742,310.75,25
1719463521742,310.75,25
1719463527027,313.1,25
1719463527027,313.1,25
1719463527027,313.1,25
1719463527027,313.1,25
1719463530608,315.0,50
1719463530608,315.0,50
1719463531956,315.85,25
1719463531956,315.85,25
1719463531956,315.85,25
1719463535315,316.45,25
1719463535820,316.05,25
1719463536404,316.4,25
1719463536404,316.4,25
1719463537301,317.9,1050
1719463537301,317.9,1050
1719463537301,317.9,1050
1719463537301,317.9,1050
1719463541722,316.75,75
1719463542856,317.85,25
1719463542856,317.85,25
1719463543990,317.15,25
1719463544011,316.95,25
1719463544011,316.95,25
1719463545381,317.4,25
1719463546593,318.1,25
1719463546593,318.1,25
1719463546593,318.1,25
1719463549738,320.0,25
1719463549738,320.0,25
1719463549738,320.0,25
1719463552116,318.9,50
1719463552382,319.7,25
1719463552382,319.7,25
1719463553706,318.6,50
1719463554319,318.1,200
1719463555039,317.0,25
1719463555039,317.0,25
1719463555039,317.0,25
1719463559533,317.4,150
1719463559533,317.4,150
1719463559533,317.4,150
1719463559533,317.4,150
1719463559533,317.4,150
1719463563742,317.25,25
1719463564112,316.2,25
1719463564112,316.2,25
1719463566266,316.05,25
1719463566569,315.55,25
1719463566569,315.55,25
1719463566569,315.55,25
1719463569505,315.5,25
1719463569505,315.5,25
1719463570518,315.15,25
1719463570754,315.0,25
1719463570754,315.0,25
1719463572593,315.75,25
1719463572593,315.75,25
1719463572593,315.75,25
1719463572593,315.75,25
1719463572593,315.75,25
1719463572593,315.75,25
1719463580469,314.55,50
1719463580469,314.55,50
1719463580469,314.55,50
1719463583492,314.45,125
1719463584875,312.0,25
1719463584875,312.0,25
1719463584875,312.0,25
1719463584875,312.0,25
1719463584875,312.0,25
1719463590669,313.5,25
1719463590669,313.5,25
1719463590669,313.5,25
1719463590669,313.5,25
1719463596317,312.4,25
1719463596317,312.4,25
1719463596317,312.4,25
1719463599020,312.0,50
1719463599020,312.0,50
1719463599020,312.0,50
1719463602898,313.5,25
1719463602898,313.5,25
1719463604386,315.0,50
1719463604386,315.0,50
1719463604386,315.0,50
1719463604386,315.0,50
1719463604386,315.0,50
1719463611181,314.95,25
1719463611181,314.95,25
1719463611181,314.95,25
1719463611181,314.95,25
1719463611181,314.95,25
1719463611181,314.95,25
1719463620069,314.0,25
1719463620069,314.0,25
1719463620069,314.0,25
1719463622250,312.55,25
1719463622250,312.55,25
1719463622250,312.55,25
1719463622250,312.55,25
1719463622250,312.55,25
1719463622250,312.55,25
1719463622250,312.55,25
1719463622250,312.55,25
1719463622250,312.55,25
1719463622250,312.55,25
1719463622250,312.55,25
1719463622250,312.55,25
1719463622250,312.55,25
1719463642792,315.75,125
1719463642792,315.75,125
1719463644033,315.6,100
1719463644033,315.6,100
1719463644033,315.6,100
1719463646910,316.0,25
1719463646910,316.0,25
1719463646910,316.0,25
1719463646910,316.0,25
1719463646910,316.0,25
1719463652502,314.05,25
1719463652502,314.05,25
1719463653430,313.2,25
1719463653430,313.2,25
1719463653430,313.2,25
1719463653430,313.2,25
1719463653430,313.2,25
1719463660969,312.75,50
1719463660969,312.75,50
1719463660969,312.75,50
1719463660969,312.75,50
1719463666645,312.15,50
1719463666645,312.15,50
1719463667090,312.75,75
1719463667363,312.85,50
1719463667363,312.85,50
1719463667363,312.85,50
1719463667363,312.85,50
1719463667363,312.85,50
1719463667363,312.85,50
1719463667363,312.85,50
1719463667363,312.85,50
1719463667363,312.85,50
1719463667363,312.85,50
1719463667363,312.85,50
1719463667363,312.85,50
1719463667363,312.85,50
1719463686770,313.5,125
1719463686770,313.5,125
1719463686770,313.5,125
1719463688883,311.6,25
1719463688883,311.6,25
1719463688883,311.6,25
1719463688883,311.6,25
1719463693594,311.8,25
1719463693594,311.8,25
1719463696027,311.1,25
1719463696027,311.1,25
1719463696027,311.1,25
1719463696027,311.1,25
1719463700393,312.85,25
1719463700393,312.85,25
1719463700393,312.85,25
1719463700393,312.85,25
1719463705209,313.45,25
1719463705209,313.45,25
1719463705209,313.45,25
1719463705209,313.45,25
1719463705209,313.45,25
1719463705209,313.45,25
1719463705209,313.45,25
1719463714969,314.55,25
1719463714969,314.55,25
1719463714969,314.55,25
1719463719002,315.65,50
1719463719543,316.5,400
1719463719543,316.5,400
1719463719543,316.5,400
1719463719543,316.5,400
1719463719543,316.5,400
1719463719543,316.5,400
1719463729173,314.55,25
1719463730076,314.5,25
1719463730076,314.5,25
1719463730076,314.5,25
1719463730076,314.5,25
1719463730076,314.5,25
1719463730076,314.5,25
1719463730076,314.5,25
1719463730076,314.5,25
1719463730076,314.5,25
1719463730076,314.5,25
1719463730076,314.5,25
1719463745250,314.8,25
1719463745250,314.8,25
1719463745250,314.8,25
1719463749443,315.2,25
1719463749443,315.2,25
1719463749443,315.2,25
1719463749443,315.2,25
1719463749443,315.2,25
1719463749443,315.2,25
1719463749443,315.2,25
1719463759158,317.55,50
1719463759470,317.75,50
1719463759470,317.75,50
1719463763041,318.0,50
1719463763041,318.0,50
1719463763041,318.0,50
1719463765930,317.9,25
1719463765930,317.9,25
1719463765930,317.9,25
1719463765930,317.9,25
1719463765930,317.9,25
1719463765930,317.9,25
1719463765930,317.9,25
1719463765930,317.9,25
1719463765930,317.9,25
1719463765930,317.9,25
1719463765930,317.9,25
1719463765930,317.9,25
1719463765930,317.9,25
1719463784283,318.25,25
1719463784283,318.25,25
1719463784283,318.25,25
1719463784283,318.25,25
1719463784283,318.25,25
1719463784283,318.25,25
1719463793010,317.3,25
1719463793550,315.75,100
1719463793619,318.6,25
1719463793619,318.6,25
1719463793619,318.6,25
1719463793619,318.6,25
1719463793619,318.6,25
1719463793619,318.6,25
1719463793619,318.6,25
1719463802338,317.5,25
1719463802338,317.5,25
1719463802338,317.5,25
1719463805308,317.6,25
1719463805308,317.6,25
1719463805308,317.6,25
1719463808839,317.95,25
1719463808839,317.95,25
1719463811018,318.8,25
1719463811531,318.6,25
1719463813139,319.15,25
1719463813139,319.15,25
1719463813925,320.0,25
1719463813925,320.0,25
1719463816046,320.75,25
1719463816046,320.75,25
1719463817357,318.25,25
1719463817357,318.25,25
1719463817357,318.25,25
1719463817357,318.25,25
1719463822881,319.2,50
1719463822881,319.2,50
1719463824757,319.55,25
1719463824757,319.55,25
1719463826182,319.9,25
1719463826182,319.9,25
1719463827038,319.75,50
1719463827678,318.8,25
1719463827678,318.8,25
1719463830042,317.0,50
1719463830042,317.0,50
1719463830042,317.0,50
1719463830831,316.6,25
1719463830831,316.6,25
1719463830831,316.6,25
1719463830831,316.6,25
1719463830831,316.6,25
1719463830831,316.6,25
1719463830831,316.6,25
1719463830831,316.6,25
1719463830831,316.6,25
1719463843847,315.6,25
1719463844697,316.15,50
1719463844697,316.15,50
1719463844697,316.15,50
1719463847752,316.55,50
1719463847752,316.55,50
1719463847752,316.55,50
1719463847752,316.55,50
1719463847752,316.55,50
1719463847752,316.55,50
1719463847752,316.55,50
1719463847752,316.55,50
1719463860239,318.75,25
1719463860239,318.75,25
1719463861551,318.1,50
1719463861973,318.6,50
1719463862678,319.35,150
1719463862678,319.35,150
1719463862678,319.35,150
1719463862678,319.35,150
1719463862678,319.35,150
1719463862678,319.35,150
1719463862678,319.35,150
1719463862678,319.35,150
1719463874595,317.2,125
1719463874595,317.2,125
1719463874595,317.2,125
1719463874595,317.2,125
1719463881795,318.7,25
1719463881795,318.7,25
1719463882423,319.4,50
1719463882423,319.4,50
1719463882423,319.4,50
1719463882423,319.4,50
1719463882423,319.4,50
1719463890070,319.35,25
1719463890070,319.35,25
1719463890070,319.35,25
1719463890691,319.9,25
1719463890691,319.9,25
1719463890691,319.9,25
1719463890691,319.9,25
1719463890691,319.9,25
1719463897876,317.8,25
1719463897876,317.8,25
1719463897876,317.8,25
1719463900581,319.0,25
1719463900581,319.0,25
1719464031489,313.8,25
1719464031489,313.8,25
1719464031489,313.8,25
1719464031489,313.8,25
1719464031489,313.8,25
1719464031489,313.8,25
1719464031489,313.8,25
1719464031489,313.8,25
1719464031489,313.8,25
1719464048262,311.7,25
1719464048262,311.7,25
1719464048262,311.7,25
1719464048262,311.7,25
1719464052364,311.65,25
1719464053691,311.25,25
1719464055371,313.2,25
1719464055371,313.2,25
1719464055371,313.2,25
1719464055371,313.2,25
1719464055371,313.2,25
1719464061822,311.55,25
1719464061822,311.55,25
1719464061822,311.55,25
1719464061822,311.55,25
1719464061822,311.55,25
1719464067270,311.25,25
1719464067270,311.25,25
1719464067270,311.25,25
1719464071546,311.6,25
1719464071546,311.6,25
1719464071546,311.6,25
1719464071546,311.6,25
1719464071546,311.6,25
1719464071546,311.6,25
1719464071546,311.6,25
1719464071546,311.6,25
1719464071546,311.6,25
1719464083937,310.0,50
1719464083937,310.0,50
1719464087127,309.8,25
1719464087127,309.8,25
1719464087127,309.8,25
1719464087127,309.8,25
1719464092384,311.0,25
1719464093009,311.8,50
1719464093530,312.45,25
1719464093530,312.45,25
1719464093530,312.45,25
1719464093530,312.45,25
1719464093530,312.45,25
1719464100034,311.9,25
1719464100034,311.9,25
1719464100034,311.9,25
1719464100034,311.9,25
1719464100034,311.9,25
1719464106633,313.2,100
1719464106633,313.2,100
1719464106633,313.2,100
1719464106633,313.2,100
1719464106633,313.2,100
1719464106633,313.2,100
1719464115146,312.4,25
1719464115146,312.4,25
1719464115146,312.4,25
1719464115146,312.4,25
1719464120376,313.8,25
1719464120376,313.8,25
1719464121141,313.95,75
1719464121141,313.95,75
1719464121141,313.95,75
1719464121141,313.95,75
1719464121141,313.95,75
1719464127776,313.05,25
1719464127776,313.05,25
1719464129156,312.9,50
1719464129866,313.0,50
1719464129866,313.0,50
1719464131574,313.25,25
1719464131574,313.25,25
1719464131574,313.25,25
1719464131574,313.25,25
1719464131574,313.25,25
1719464137923,310.85,50
1719464137923,310.85,50
1719464137923,310.85,50
1719464140785,310.9,200
1719464140785,310.9,200
1719464140785,310.9,200
1719464140785,310.9,200
1719464140785,310.9,200
1719464148534,314.0,50
1719464148534,314.0,50
1719464149439,312.5,25
1719464149439,312.5,25
1719464149439,312.5,25
1719464153509,313.0,50
1719464153509,313.0,50
1719464154544,313.55,50
1719464154544,313.55,50
1719464155849,311.45,50
1719464155849,311.45,50
1719464158114,311.25,50
1719464158114,311.25,50
1719464158114,311.25,50
1719464158114,311.25,50
1719464158114,311.25,50
1719464158114,311.25,50
1719464158114,311.25,50
1719464158114,311.25,50
1719464158114,311.25,50
1719464158114,311.25,50
1719464158114,311.25,50
1719464158114,311.25,50
1719464174431,313.35,25
1719464174431,313.35,25
1719464174431,313.35,25
1719464174431,313.35,25
1719464174431,313.35,25
1719464174431,313.35,25
1719464174431,313.35,25
1719464174431,313.35,25
1719464174431,313.35,25
1719464174431,313.35,25
1719464174431,313.35,25
1719464174431,313.35,25
1719464174431,313.35,25
1719464174431,313.35,25
1719464174431,313.35,25
1719464174431,313.35,25
1719464174431,313.35,25
1719464174431,313.35,25
1719464174431,313.35,25
1719464174431,313.35,25
1719464205712,312.9,25
1719464207374,313.2,50
1719464207374,313.2,50
1719464209687,314.05,25
1719464210225,315.0,25
1719464210225,315.0,25
1719464210225,315.0,25
1719464210225,315.0,25
1719464210225,315.0,25
1719464216610,314.2,50
1719464216610,314.2,50
1719464218964,315.85,50
1719464219075,316.45,75
1719464219075,316.45,75
1719464219075,316.45,75
1719464219075,316.45,75
1719464219075,316.45,75
1719464219075,316.45,75
1719464227979,318.7,150
1719464227979,318.7,150
1719464229142,319.15,25
1719464230259,320.0,25
1719464230259,320.0,25
1719464230259,320.0,25
1719464230259,320.0,25
1719464230259,320.0,25
1719464236781,320.95,25
1719464236781,320.95,25
1719464236781,320.95,25
1719464236781,320.95,25
1719464236781,320.95,25
1719464236781,320.95,25
1719464236781,320.95,25
1719464246822,322.05,50
1719464246822,322.05,50
1719464246822,322.05,50
1719464248876,325.0,25
1719464248876,325.0,25
1719464249704,324.65,50
1719464250302,324.15,25
1719464250302,324.15,25
1719464252493,324.4,75
1719464252493,324.4,75
1719464252493,324.4,75
1719464256214,326.25,50
1719464256214,326.25,50
1719464257651,326.3,25
1719464257651,326.3,25
1719464260003,325.85,25
1719464260109,325.4,50
1719464260109,325.4,50
1719464260109,325.4,50
1719464263353,327.8,25
1719464263353,327.8,25
1719464263353,327.8,25
1719464265791,326.55,25
1719464266689,326.4,25
1719464266689,326.4,25
1719464269015,327.0,100
1719464270647,325.7,50
1719464270647,325.7,50
1719464272241,326.0,100
1719464272241,326.0,100
1719464272241,326.0,100
1719464272241,326.0,100
1719464272241,326.0,100
1719464272241,326.0,100
1719464272241,326.0,100
1719464272241,326.0,100
1719464282886,325.65,25
1719464282886,325.65,25
1719464282886,325.65,25
1719464282886,325.65,25
1719464282886,325.65,25
1719464282886,325.65,25
1719464291696,328.8,25
1719464292158,329.0,25
1719464292158,329.0,25
1719464292158,329.0,25
1719464294965,329.35,50
1719464294965,329.35,50
1719464294965,329.35,50
1719464294965,329.35,50
1719464294965,329.35,50
1719464301634,328.6,25
1719464301634,328.6,25
1719464301634,328.6,25
1719464304863,328.9,50
1719464304863,328.9,50
1719464304863,328.9,50
1719464307651,328.7,75
1719464307651,328.7,75
1719464309630,330.0,25
1719464309958,330.1,25
1719464309958,330.1,25
1719464309958,330.1,25
1719464312455,330.05,25
1719464312455,330.05,25
1719464312455,330.05,25
1719464314291,332.0,25
1719464315737,332.6,25
1719464315737,332.6,25
1719464315737,332.6,25
1719464315737,332.6,25
1719464319988,333.65,25
1719464320260,334.5,150
1719464320260,334.5,150
1719464320822,333.1,50
1719464320822,333.1,50
1719464320822,333.1,50
1719464324378,334.95,50
1719464324378,334.95,50
1719464326785,334.4,50
1719464326785,334.4,50
1719464326785,334.4,50
1719464326785,334.4,50
1719464331174,331.8,50
1719464331174,331.8,50
1719464331174,331.8,50
1719464331174,331.8,50
1719464331174,331.8,50
1719464331174,331.8,50
1719464340575,332.2,25
1719464340575,332.2,25
1719464342041,332.45,25
1719464342471,331.2,25
1719464342471,331.2,25
1719464342471,331.2,25
1719464342471,331.2,25
1719464342471,331.2,25
1719464342471,331.2,25
1719464350252,332.95,25
1719464350252,332.95,25
1719464351090,332.55,100
1719464351090,332.55,100
1719464351090,332.55,100
1719464354503,332.45,25
1719464355267,331.95,25
1719464355267,331.95,25
1719464355267,331.95,25
1719464357932,331.1,50
1719464357932,331.1,50
1719464360208,331.4,25
1719464360208,331.4,25
1719464361429,333.35,25
1719464361429,333.35,25
1719464361429,333.35,25
1719464361429,333.35,25
1719464361429,333.35,25
1719464361429,333.35,25
1719464361429,333.35,25
1719464361429,333.35,25
1719464371144,331.85,25
1719464371144,331.85,25
1719464371144,331.85,25
1719464371144,331.85,25
1719464371144,331.85,25
1719464379077,331.85,25
1719464379077,331.85,25
1719464379957,332.0,50
1719464380426,331.85,25
1719464380426,331.85,25
1719464380426,331.85,25
1719464382917,332.05,25
1719464382917,332.05,25
1719464382917,332.05,25
1719464382917,332.05,25
1719464388017,330.0,950
1719464388017,330.0,950
1719464388017,330.0,950
1719464388017,330.0,950
1719464388017,330.0,950
1719464395473,330.95,25
1719464395473,330.95,25
1719464395473,330.95,25
1719464398059,332.05,25
1719464398059,332.05,25
1719464398059,332.05,25
1719464398059,332.05,25
1719464401965,330.0,25
1719464401965,330.0,25
1719464404315,331.05,50
1719464405824,331.9,25
1719464405824,331.9,25
1719464405824,331.9,25
1719464408981,332.0,175
1719464408981,332.0,175
1719464408981,332.0,175
1719464408981,332.0,175
1719464408981,332.0,175
1719464408981,332.0,175
1719464408981,332.0,175
1719464408981,332.0,175
1719464408981,332.0,175
1719464421269,330.35,25
1719464422122,330.7,50
1719464422122,330.7,50
1719464423799,330.2,25
1719464424136,330.75,25
1719464424136,330.75,25
1719464424136,330.75,25
1719464424136,330.75,25
1719464429865,331.0,25
1719464429865,331.0,25
1719464429865,331.0,25
1719464432006,330.95,25
1719464432006,330.95,25
1719464432006,330.95,25
1719464435097,332.7,25
1719464435097,332.7,25
1719464435097,332.7,25
1719464435097,332.7,25
1719464435097,332.7,25
1719464435097,332.7,25
1719464444362,332.35,25
1719464444919,331.85,25
1719464445974,332.2,25
1719464445974,332.2,25
1719464445974,332.2,25
1719464447926,330.8,50
1719464447926,330.8,50
1719464450217,332.05,25
1719464450217,332.05,25
1719464450217,332.05,25
1719464453572,331.45,50
1719464453572,331.45,50
1719464453572,331.45,50
1719464453572,331.45,50
1719464458656,331.05,25
1719464458958,330.85,25
1719464458958,330.85,25
1719464458958,330.85,25
1719464460920,330.0,250
1719464460920,330.0,250
1719464461314,330.0,100
1719464461314,330.0,100
1719464461314,330.0,100
1719464461314,330.0,100
1719464461314,330.0,100
1719464468553,326.9,50
1719464469028,327.5,25
1719464469028,327.5,25
1719464469028,327.5,25
1719464473214,328.2,50
1719464473214,328.2,50
1719464473214,328.2,50
1719464473214,328.2,50
1719464473214,328.2,50
1719464473214,328.2,50
1719464473214,328.2,50
1719464473214,328.2,50
1719464473214,328.2,50
1719464473214,328.2,50
1719464473214,328.2,50
1719464473214,328.2,50
1719464473214,328.2,50
1719464473214,328.2,50
1719464473214,328.2,50
1719464473214,328.2,50
1719464496992,328.0,50
1719464496992,328.0,50
1719464496992,328.0,50
1719464496992,328.0,50
1719464496992,328.0,50
1719464496992,328.0,50
1719464496992,328.0,50
1719464496992,328.0,50
1719464496992,328.0,50
1719464496992,328.0,50
1719464496992,328.0,50
1719464496992,328.0,50
1719464496992,328.0,50
1719464496992,328.0,50
1719464496992,328.0,50
1719464496992,328.0,50
1719464496992,328.0,50
1719464521509,326.0,25
1719464522569,323.95,25
1719464522569,323.95,25
1719464523217,324.0,25
1719464523217,324.0,25
1719464523217,324.0,25
1719464526595,323.9,50
1719464526595,323.9,50
1719464526595,323.9,50
1719464526595,323.9,50
1719464526595,323.9,50
1719464533130,323.55,50
1719464533130,323.55,50
1719464534773,322.8,125
1719464534773,322.8,125
1719464534773,322.8,125
1719464538786,322.9,50
1719464539476,322.85,25
1719464539476,322.85,25
1719464539476,322.85,25
1719464544395,321.35,25
1719464544395,321.35,25
1719464546108,321.2,50
1719464546108,321.2,50
1719464546108,321.2,50
1719464546108,321.2,50
1719464550202,321.1,50
1719464550553,320.0,25
1719464550599,320.55,25
1719464550599,320.55,25
1719464552367,320.0,25
1719464552625,319.55,25
1719464552625,319.55,25
1719464552625,319.55,25
1719464552625,319.55,25
1719464552625,319.55,25
1719464552625,319.55,25
1719464552625,319.55,25
1719464561359,321.6,50
1719464561359,321.6,50
1719464561359,321.6,50
1719464561359,321.6,50
1719464561359,321.6,50
1719464561359,321.6,50
1719464561359,321.6,50
1719464561359,321.6,50
1719464561359,321.6,50
1719464576079,319.7,175
1719464576079,319.7,175
1719464576079,319.7,175
1719464576079,319.7,175
1719464576079,319.7,175
1719464576079,319.7,175
1719464576079,319.7,175
1719464576079,319.7,175
1719464576079,319.7,175
1719464576079,319.7,175
1719464588349,319.75,25
1719464589803,317.15,50
1719464590878,314.35,25
1719464591266,314.0,25
1719464591266,314.0,25
1719464592035,312.0,25
1719464592035,312.0,25
1719464592986,313.15,50
1719464594786,313.65,25
1719464594786,313.65,25
1719464594786,313.65,25
1719464597545,313.55,25
1719464597545,313.55,25
1719464597545,313.55,25
1719464600846,310.0,25
1719464601340,307.0,25
1719464601392,307.0,75
1719464602122,306.0,25
1719464602767,305.1,25
1719464602767,305.1,25
1719464604108,305.1,50
1719464604108,305.1,50
1719464604108,305.1,50
1719464606561,302.4,50
1719464607529,300.0,200
1719464607770,298.8,25
1719464608347,300.05,25
1719464609471,297.9,25
1719464609772,296.35,25
1719464609931,295.4,25
1719464609931,295.4,25
1719464610877,295.4,50
1719464611854,290.4,25
1719464611890,290.05,200
1719464611890,290.05,200
1719464612221,286.05,25
1719464612221,286.05,25
1719464613144,275.0,25
1719464613144,275.0,25
1719464613923,272.85,50
1719464614557,274.3,25
1719464614557,274.3,25
1719464614557,274.3,25
1719464614557,274.3,25
1719464615592,278.2,25
1719464617178,284.55,50
1719464619800,289.1,25
1719464620732,288.65,25
1719464622187,287.7,50
1719464622952,290.3,25
1719464623483,289.8,50
1719464623903,291.0,100
1719464623903,291.0,100
1719464625390,293.2,150
1719464625390,293.2,150
1719464625390,293.2,150
1719464628035,290.85,25
1719464628587,295.7,25
1719464629564,296.1,100
1719464629667,296.5,50
1719464629667,296.5,50
1719464629667,296.5,50
1719464631499,297.4,25
1719464631809,296.65,25
1719464632726,295.6,25
1719464632726,295.6,25
1719464634128,294.5,125
1719464634128,294.5,125
1719464635025,290.3,100
1719464635025,290.3,100
1719464637469,285.9,25
1719464637469,285.9,25
1719464639725,290.05,25
1719464639725,290.05,25
1719464639725,290.05,25
1719464639725,290.05,25
1719464643731,288.6,25
1719464643731,288.6,25
1719464645301,291.55,25
1719464645301,291.55,25
1719464646935,294.25,100
1719464647218,295.2,100
1719464647218,295.2,100
1719464649206,296.35,25
1719464649206,296.35,25
1719464651180,291.95,50
1719464651180,291.95,50
1719464651180,291.95,50
1719464651180,291.95,50
1719464651180,291.95,50
1719464651180,291.95,50
1719464651180,291.95,50
1719464651180,291.95,50
1719464651180,291.95,50
1719464664427,290.3,25
1719464664427,290.3,25
1719464666289,293.4,25
1719464666289,293.4,25
1719464666289,293.4,25
1719464666289,293.4,25
1719464666289,293.4,25
1719464666289,293.4,25
1719464666289,293.4,25
1719464675063,294.8,25
1719464675063,294.8,25
1719464675063,294.8,25
1719464675063,294.8,25
1719464680003,294.0,75
1719464680003,294.0,75
1719464680003,294.0,75
1719464683548,293.7,25
1719464684412,293.75,50
1719464684412,293.75,50
1719464684412,293.75,50
1719464684412,293.75,50
1719464684412,293.75,50
1719464691125,291.55,75
1719464691565,291.45,25
1719464691565,291.45,25
1719464691565,291.45,25
1719464694158,290.0,25
1719464694433,288.4,25
1719464694433,288.4,25
1719464695621,287.3,50
1719464696583,287.75,25
1719464698130,288.75,25
1719464698130,288.75,25
1719464698130,288.75,25
1719464700073,285.0,50
1719464700580,285.75,100
1719464700580,285.75,100
1719464700580,285.75,100
1719464701956,283.85,25
1719464701956,283.85,25
1719464703415,282.5,50
1719464704609,280.5,25
1719464704609,280.5,25
1719464704609,280.5,25
1719464707920,283.85,50
1719464708591,284.95,50
1719464708591,284.95,50
1719464710143,286.9,150
1719464710143,286.9,150
1719464712784,286.55,75
1719464712784,286.55,75
1719464712784,286.55,75
1719464715325,290.1,25
1719464715325,290.1,25
1719464715325,290.1,25
1719464715325,290.1,25
1719464719999,289.25,25
1719464721270,287.9,150
1719464721591,287.9,25
1719464722219,286.55,50
1719464722842,286.45,25
1719464722842,286.45,25
1719464724541,287.25,75
1719464724541,287.25,75
1719464725966,285.4,25
1719464725966,285.4,25
1719464727875,284.4,50
1719464727875,284.4,50
1719464728377,285.25,25
1719464729665,284.75,25
1719464730579,287.05,25
1719464730579,287.05,25
1719464730579,287.05,25
1719464730579,287.05,25
1719464735157,287.55,125
1719464735157,287.55,125
1719464735157,287.55,125
1719464735157,287.55,125
1719464735157,287.55,125
1719464742662,286.55,50
1719464742662,286.55,50
1719464742662,286.55,50
1719464742662,286.55,50
1719464747208,289.25,50
1719464747381,288.55,75
1719464747381,288.55,75
1719464747381,288.55,75
1719464751039,290.0,25
1719464751039,290.0,25
1719464753241,289.85,50
1719464753241,289.85,50
1719464755233,291.55,25
1719464755602,291.4,25
1719464756207,292.9,25
1719464758031,292.55,50
1719464758031,292.55,50
1719464758031,292.55,50
1719464758031,292.55,50
1719464758031,292.55,50
1719464762789,289.6,25
1719464762789,289.6,25
1719464764025,290.7,25
1719464764025,290.7,25
1719464765773,288.05,25
1719464765773,288.05,25
1719464767443,288.8,125
1719464767443,288.8,125
1719464769340,290.15,25
1719464769340,290.15,25
1719464769885,292.15,75
1719464769885,292.15,75
1719464769885,292.15,75
1719464769885,292.15,75
1719464775202,290.9,25
1719464775202,290.9,25
1719464778007,292.15,375
1719464778007,292.15,375
1719464779286,290.55,50
1719464779286,290.55,50
1719464779286,290.55,50
1719464781895,291.65,25
1719464782433,290.0,25
1719464782433,290.0,25
1719464784853,292.15,75
1719464784853,292.15,75
1719464786877,295.0,25
1719464786877,295.0,25
1719464786877,295.0,25
1719464790057,293.9,25
1719464790057,293.9,25
1719464790057,293.9,25
1719464792799,291.0,50
1719464792799,291.0,50
1719464792799,291.0,50
1719464792799,291.0,50
1719464798155,293.45,50
1719464798155,293.45,50
1719464801473,294.1,25
1719464801473,294.1,25
1719464801473,294.1,25
1719464803293,294.6,25
1719464803293,294.6,25
1719464806139,292.5,75
1719464806139,292.5,75
1719464806991,292.85,25
1719464806991,292.85,25
1719464809387,294.95,75
1719464809387,294.95,75
1719464809387,294.95,75
1719464809387,294.95,75
1719464809387,294.95,75
1719464809387,294.95,75
1719464809387,294.95,75
1719464809387,294.95,75
1719464809387,294.95,75
1719464821086,292.45,25
1719464821086,292.45,25
1719464821580,292.4,75
1719464822191,293.65,25
1719464822191,293.65,25
1719464823396,293.55,50
1719464823396,293.55,50
1719464823396,293.55,50
1719464823396,293.55,50
1719464823396,293.55,50
1719464831022,297.0,125
1719464831022,297.0,125
1719464832473,297.15,25
1719464832473,297.15,25
1719464832473,297.15,25
1719464832473,297.15,25
1719464832473,297.15,25
1719464832473,297.15,25
1719464832473,297.15,25
1719464842403,295.5,150
1719464843241,297.0,100
1719464843241,297.0,100
1719464843241,297.0,100
1719464843241,297.0,100
1719464846721,298.95,25
1719464846721,298.95,25
1719464849305,297.65,25
1719464849305,297.65,25
1719464849305,297.65,25
1719464849305,297.65,25
1719464851709,297.3,25
1719464851709,297.3,25
1719464854116,299.0,25
1719464854146,299.35,50
1719464854146,299.35,50
1719464854146,299.35,50
1719464857073,300.4,25
1719464857209,300.25,25
1719464857760,301.25,50
1719464857760,301.25,50
1719464859351,300.65,25
1719464859351,300.65,25
1719464859351,300.65,25
1719464862295,298.2,25
1719464862899,297.8,25
1719464862899,297.8,25
1719464863929,297.25,25
1719464864386,297.45,125
1719464864386,297.45,125
1719464865249,298.45,25
1719464865249,298.45,25
1719464865249,298.45,25
1719464869139,300.65,50
1719464869139,300.65,50
1719464870885,301.0,25
1719464870885,301.0,25
1719464870885,301.0,25
1719464870885,301.0,25
1719464876067,301.45,25
1719464876513,302.0,150
1719464877157,302.4,125
1719464877157,302.4,125
1719464877157,302.4,125
1719464877157,302.4,125
1719464877157,302.4,125
1719464877157,302.4,125
1719464877157,302.4,125
1719464877157,302.4,125
1719464886904,296.3,25
1719464886904,296.3,25
1719464886904,296.3,25
1719464886904,296.3,25
1719464886904,296.3,25
1719464886904,296.3,25
1719464886904,296.3,25
1719464899655,295.45,50
1719464899655,295.45,50
1719464899655,295.45,50
1719464899655,295.45,50
1719464904288,295.55,100
1719464904288,295.55,100
1719464904288,295.55,100
1719464904288,295.55,100
1719464909731,300.9,25
1719464910156,302.0,25
1719464910156,302.0,25
1719464910156,302.0,25
1719464910156,302.0,25
1719464915268,301.4,25
1719464915268,301.4,25
1719464916773,300.65,25
1719464916773,300.65,25
1719464916773,300.65,25
1719464916773,300.65,25
1719464916773,300.65,25
1719464916773,300.65,25
1719464925509,299.05,50
1719464925509,299.05,50
1719464925509,299.05,50
1719464929723,299.25,50
1719464929723,299.25,50
1719464929723,299.25,50
1719464929723,299.25,50
1719464933790,298.25,25
1719464933790,298.25,25
1719464936520,296.8,25
1719464936520,296.8,25
1719464936520,296.8,25
1719464936520,296.8,25
1719464936520,296.8,25
1719464936520,296.8,25
1719464936520,296.8,25
1719464936520,296.8,25
1719464936520,296.8,25
1719464936520,296.8,25
1719464950281,297.0,25
1719464950281,297.0,25
1719464952238,296.0,25
1719464952238,296.0,25
1719464952238,296.0,25
1719464955648,297.55,150
1719464955648,297.55,150
1719464958048,299.85,50
1719464958048,299.85,50
1719464958048,299.85,50
1719464958048,299.85,50
1719464958048,299.85,50
1719464958048,299.85,50
1719464958048,299.85,50
1719464967324,299.35,25
1719464967324,299.35,25
1719464967324,299.35,25
1719464967324,299.35,25
1719464970664,296.0,75
1719464970854,296.4,175
1719464970854,296.4,175
1719464970854,296.4,175
1719464970854,296.4,175
1719464970854,296.4,175
1719464970854,296.4,175
1719464978948,297.4,125
1719464978948,297.4,125
1719464978948,297.4,125
1719464983365,296.3,25
1719464983365,296.3,25
1719464983365,296.3,25
1719464983365,296.3,25
1719464987729,296.8,25
1719464987729,296.8,25
1719464987729,296.8,25
1719464991168,295.0,25
1719464991168,295.0,25
1719464991168,295.0,25
1719464991168,295.0,25
1719464991168,295.0,25
1719464997612,295.35,50
1719464997612,295.35,50
1719464997612,295.35,50
1719464997612,295.35,50
1719464997612,295.35,50
1719464997612,295.35,50
1719464997612,295.35,50
1719464997612,295.35,50
1719464997612,295.35,50
1719465009825,295.65,50
1719465009825,295.65,50
1719465009825,295.65,50
1719465009825,295.65,50
1719465009825,295.65,50
1719465009825,295.65,50
1719465020121,296.8,25
1719465020121,296.8,25
1719465020966,295.9,25
1719465020966,295.9,25
1719465023260,293.85,100
1719465023260,293.85,100
1719465024513,292.4,25
1719465024513,292.4,25
1719465026527,289.5,25
1719465026527,289.5,25
1719465026527,289.5,25
1719465026527,289.5,25
1719465031623,295.55,25
1719465031623,295.55,25
1719465031623,295.55,25
1719465036555,297.25,100
1719465036555,297.25,100
1719465040023,296.35,50
1719465040023,296.35,50
1719465040023,296.35,50
1719465040023,296.35,50
1719465040023,296.35,50
1719465040023,296.35,50
1719465040023,296.35,50
1719465040023,296.35,50
1719465040023,296.35,50
1719465040023,296.35,50
1719465040023,296.35,50
1719465057522,295.0,25
1719465057522,295.0,25
1719465057522,295.0,25
1719465057522,295.0,25
1719465061719,292.35,50
1719465062257,291.5,25
1719465062257,291.5,25
1719465062257,291.5,25
1719465065600,292.25,25
1719465065600,292.25,25
1719465065600,292.25,25
1719465065600,292.25,25
1719465070580,291.05,25
1719465070580,291.05,25
1719465070580,291.05,25
1719465070580,291.05,25
1719465070580,291.05,25
1719465077019,291.85,25
1719465077019,291.85,25
1719465079226,294.9,25
1719465079226,294.9,25
1719465079226,294.9,25
1719465079226,294.9,25
1719465079226,294.9,25
1719465086627,292.75,50
1719465086627,292.75,50
1719465086627,292.75,50
1719465088522,292.25,25
1719465088522,292.25,25
1719465088522,292.25,25
1719465088522,292.25,25
1719465088522,292.25,25
1719465092538,291.05,25
1719465093425,290.0,150
1719465093425,290.0,150
1719465093425,290.0,150
1719465093425,290.0,150
1719465093425,290.0,150
1719465093425,290.0,150
1719465102611,286.15,50
1719465102611,286.15,50
1719465102611,286.15,50
1719465102611,286.15,50
1719465102611,286.15,50
1719465102611,286.15,50
1719465110839,288.25,25
1719465110839,288.25,25
1719465112853,287.8,50
1719465112853,287.8,50
1719465112853,287.8,50
1719465112853,287.8,50
1719465118134,286.0,25
1719465118134,286.0,25
1719465118134,286.0,25
1719465120397,287.5,25
1719465120397,287.5,25
1719465120397,287.5,25
1719465120397,287.5,25
1719465120397,287.5,25
1719465126774,288.35,25
1719465126774,288.35,25
1719465126774,288.35,25
1719465126774,288.35,25
1719465126774,288.35,25
1719465132043,287.05,75
1719465132380,286.85,50
1719465132380,286.85,50
1719465135086,287.25,50
1719465135086,287.25,50
1719465135086,287.25,50
1719465135086,287.25,50
1719465135086,287.25,50
1719465141966,286.85,25
1719465142873,286.95,125
1719465142873,286.95,125
1719465144251,285.0,25
1719465144251,285.0,25
1719465144251,285.0,25
1719465144251,285.0,25
1719465150105,289.05,125
1719465150105,289.05,125
1719465150105,289.05,125
1719465150105,289.05,125
1719465150105,289.05,125
1719465150105,289.05,125
1719465150105,289.05,125
1719465150105,289.05,125
1719465150105,289.05,125
1719465150105,289.05,125
1719465150105,289.05,125
1719465150105,289.05,125
1719465166084,289.6,25
1719465166084,289.6,25
1719465166084,289.6,25
1719465166084,289.6,25
1719465166084,289.6,25
1719465166084,289.6,25
1719465174422,286.0,25
1719465174422,286.0,25
1719465174422,286.0,25
1719465174422,286.0,25
1719465174422,286.0,25
1719465174422,286.0,25
1719465174422,286.0,25
1719465174422,286.0,25
1719465184621,287.0,25
1719465184621,287.0,25
1719465184621,287.0,25
1719465187644,288.45,50
1719465188147,286.8,25
1719465188147,286.8,25
1719465189503,286.0,25
1719465189776,287.4,100
1719465189776,287.4,100
1719465189776,287.4,100
1719465189776,287.4,100
1719465189776,287.4,100
1719465189776,287.4,100
1719465189776,287.4,100
1719465200032,285.0,25
1719465200032,285.0,25
1719465200032,285.0,25
1719465203295,280.0,25
1719465203295,280.0,25
1719465204532,280.05,25
1719465204532,280.05,25
1719465204532,280.05,25
1719465204532,280.05,25
1719465204532,280.05,25
1719465204532,280.05,25
1719465204532,280.05,25
1719465212680,278.9,25
1719465213360,276.85,25
1719465213704,277.45,50
1719465213704,277.45,50
1719465216150,271.05,50
1719465216219,269.35,50
1719465216219,269.35,50
1719465216219,269.35,50
1719465217496,271.85,25
1719465218028,271.25,50
1719465219635,270.35,50
1719465219635,270.35,50
1719465220660,267.1,125
1719465221152,266.1,25
1719465221152,266.1,25
1719465222285,268.2,25
1719465222285,268.2,25
1719465224949,266.7,25
1719465225256,266.35,25
1719465225596,267.0,25
1719465226710,266.9,25
1719465226710,266.9,25
1719465227848,262.0,200
1719465227848,262.0,200
1719465228852,257.55,300
1719465228943,255.5,25
1719465229211,256.8,25
1719465230330,261.7,25
1719465231533,261.9,100
1719465231533,261.9,100
1719465232755,262.4,25
1719465232755,262.4,25
1719465232755,262.4,25
1719465235802,262.65,25
1719465236903,255.85,25
1719465237969,255.5,125
1719465237969,255.5,125
1719465239075,257.55,125
1719465239744,257.9,125
1719465239744,257.9,125
1719465239744,257.9,125
1719465241024,253.95,50
1719465241723,253.55,150
1719465241723,253.55,150
1719465241723,253.55,150
1719465245068,257.45,50
1719465245068,257.45,50
1719465246061,255.6,25
1719465246714,254.55,25
1719465247059,255.4,25
1719465247059,255.4,25
1719465247059,255.4,25
1719465251999,256.0,50
1719465252851,254.3,25
1719465253140,250.0,25
1719465253861,254.1,25
1719465254160,252.35,25
1719465254160,252.35,25
1719465254160,252.35,25
1719465257819,256.35,150
1719465257819,256.35,150
1719465257819,256.35,150
1719465261746,253.5,125
1719465261746,253.5,125
1719465263503,252.6,100
1719465263503,252.6,100
1719465265000,253.95,50
1719465265000,253.95,50
1719465265505,253.75,50
1719465265505,253.75,50
1719465265505,253.75,50
1719465268644,255.2,150
1719465268644,255.2,150
1719465268644,255.2,150
1719465270625,250.0,50
1719465271220,248.95,25
1719465271220,248.95,25
1719465272339,249.85,100
1719465273085,249.2,25
1719465273085,249.2,25
1719465275199,247.8,50
1719465275199,247.8,50
1719465277174,250.0,100
1719465278316,250.1,25
1719465278316,250.1,25
1719465279065,249.15,75
1719465279065,249.15,75
1719465280385,250.0,125
1719465281524,250.7,50
1719465281524,250.7,50
1719465282463,251.9,25
1719465282463,251.9,25
1719465282463,251.9,25
1719465282463,251.9,25
1719465287937,252.95,50
1719465287937,252.95,50
1719465287937,252.95,50
1719465290443,252.2,25
1719465290839,251.75,25
1719465290839,251.75,25
1719465292835,254.9,25
1719465292835,254.9,25
1719465294251,255.6,25
1719465294684,256.55,75
1719465294684,256.55,75
1719465294684,256.55,75
1719465294684,256.55,75
1719465298895,254.75,25
1719465298895,254.75,25
1719465300579,252.05,50
1719465300579,252.05,50
1719465301268,252.6,25
1719465301268,252.6,25
1719465303170,250.65,25
1719465303602,250.0,25
1719465303968,249.3,25
1719465304675,248.3,50
1719465305113,247.0,25
1719465305113,247.0,25
1719465306367,243.9,100
1719465306367,243.9,100
1719465308234,245.7,75
1719465308234,245.7,75
1719465308812,245.55,25
1719465309590,246.8,25
1719465309590,246.8,25
1719465311449,244.65,75
1719465311449,244.65,75
1719465312169,245.25,150
1719465312412,245.3,25
1719465312412,245.3,25
1719465314190,246.45,25
1719465314626,245.45,25
1719465314626,245.45,25
1719465316884,246.8,75
1719465316884,246.8,75
1719465317831,245.05,25
1719465317831,245.05,25
1719465320210,245.4,25
1719465321265,246.5,200
1719465321816,246.15,25
1719465322979,246.0,25
1719465322979,246.0,25
1719465323762,244.65,125
1719465324747,245.5,75
1719465324747,245.5,75
1719465325368,246.35,100
1719465325368,246.35,100
1719465327772,245.0,25
1719465328664,244.65,125
1719465328920,245.1,25
1719465328920,245.1,25
1719465328920,245.1,25
1719465331047,247.05,100
1719465331047,247.05,100
1719465332270,247.1,25
1719465332691,246.9,50
1719465332691,246.9,50
1719465333905,248.55,50
1719465334743,247.2,25
1719465334743,247.2,25
1719465336160,249.1,25
1719465336160,249.1,25
1719465337198,246.85,50
1719465337920,245.1,25
1719465338295,245.2,25
1719465338771,244.9,50
1719465339768,244.35,25
1719465339768,244.35,25
1719465341185,245.65,50
1719465341185,245.65,50
1719465342549,244.95,175
1719465343090,246.3,50
1719465344900,248.15,25
1719465345045,249.0,50
1719465345771,248.15,25
1719465346310,248.75,25
1719465346310,248.75,25
1719465347531,248.25,25
1719465347531,248.25,25
1719465350264,248.3,50
1719465350264,248.3,50
1719465352052,250.85,25
1719465352052,250.85,25
1719465354328,250.95,25
1719465354328,250.95,25
1719465355855,250.6,25
1719465356371,249.9,225
1719465356371,249.9,225
1719465358979,246.9,25
1719465358979,246.9,25
1719465358979,246.9,25
1719465361375,247.1,50
1719465361375,247.1,50
1719465361375,247.1,50
1719465363988,247.65,25
1719465365034,248.15,50
1719465365272,249.0,75
1719465365272,249.0,75
1719465366239,249.15,50
1719465367298,249.15,75
1719465367298,249.15,75
1719465367298,249.15,75
1719465367298,249.15,75
1719465367298,249.15,75
1719465374295,249.45,250
1719465374295,249.45,250
1719465376395,250.45,25
1719465376710,250.45,125
1719465376710,250.45,125
1719465376710,250.45,125
1719465376710,250.45,125
1719465376710,250.45,125
1719465383439,251.8,125
1719465383439,251.8,125
1719465384756,250.7,250
1719465384756,250.7,250
1719465385585,251.2,25
1719465386880,251.65,25
1719465386880,251.65,25
1719465387550,250.45,50
1719465387550,250.45,50
1719465389041,250.45,150
1719465389850,250.4,25
1719465389850,250.4,25
1719465389850,250.4,25
1719465390690,248.0,75
1719465390690,248.0,75
1719465392403,247.15,100
1719465392879,245.95,50
1719465393260,245.0,100
1719465393260,245.0,100
1719465395342,246.75,25
1719465395342,246.75,25
1719465395342,246.75,25
1719465395342,246.75,25
1719465399099,250.65,50
1719465399099,250.65,50
1719465399099,250.65,50
1719465402616,251.45,25
1719465403143,250.7,50
1719465403143,250.7,50
1719465404234,250.75,25
1719465404234,250.75,25
1719465404234,250.75,25
1719465407261,250.0,100
1719465408462,251.1,25
1719465408462,251.1,25
1719465408462,251.1,25
1719465411781,252.75,25
1719465411781,252.75,25
1719465412552,252.45,25
1719465412552,252.45,25
1719465412552,252.45,25
1719465412552,252.45,25
1719465412552,252.45,25
1719465419914,250.0,25
1719465419914,250.0,25
1719465419914,250.0,25
1719465419914,250.0,25
1719465422271,249.6,25
1719465422620,250.1,25
1719465422620,250.1,25
1719465422620,250.1,25
1719465422620,250.1,25
1719465427748,250.7,25
1719465427748,250.7,25
1719465430463,248.35,250
1719465430463,248.35,250
1719465430463,248.35,250
1719465434612,249.15,25
1719465434612,249.15,25
1719465434612,249.15,25
1719465434612,249.15,25
1719465439115,249.65,25
1719465439115,249.65,25
1719465439115,249.65,25
1719465443849,248.45,100
1719465443849,248.45,100
1719465443849,248.45,100
1719465445973,249.65,25
1719465445973,249.65,25
1719465445973,249.65,25
1719465450118,247.2,25
1719465450118,247.2,25
1719465450118,247.2,25
1719465452114,248.95,50
1719465453630,247.8,25
1719465453630,247.8,25
1719465454644,248.85,75
1719465454644,248.85,75
1719465456422,248.3,25
1719465456422,248.3,25
1719465458583,248.3,25
1719465458583,248.3,25
1719465460005,246.0,150
1719465460302,245.3,25
1719465460302,245.3,25
1719465462040,245.9,150
1719465462443,245.95,25
1719465462443,245.95,25
1719465465502,247.7,25
1719465465502,247.7,25
1719465465702,247.95,25
1719465465702,247.95,25
1719465468083,247.05,25
1719465468083,247.05,25
1719465469301,247.2,50
1719465469301,247.2,50
1719465469301,247.2,50
1719465472971,246.4,25
1719465473596,247.1,50
1719465473596,247.1,50
1719465474357,247.15,75
1719465474357,247.15,75
1719465475817,246.55,25
1719465476950,247.15,100
1719465476950,247.15,100
1719465478946,247.25,50
1719465480038,248.6,75
1719465480038,248.6,75
1719465480038,248.6,75
1719465481006,249.25,75
1719465481006,249.25,75
1719465483282,249.55,50
1719465483897,248.9,25
1719465484778,247.95,100
1719465484778,247.95,100
1719465486417,246.1,25
1719465486417,246.1,25
1719465487502,245.7,50
1719465487785,245.75,25
1719465487785,245.75,25
1719465487785,245.75,25
1719465491098,245.35,50
1719465491098,245.35,50
1719465492421,247.45,25
1719465492421,247.45,25
1719465494030,248.4,25
1719465494030,248.4,25
1719465496724,247.35,25
1719465496724,247.35,25
1719465497381,247.2,50
1719465498299,246.4,25
1719465498299,246.4,25
1719465498299,246.4,25
1719465498299,246.4,25
1719465502532,246.9,25
1719465503901,249.05,25
1719465503901,249.05,25
1719465506695,249.2,50
1719465506695,249.2,50
1719465506695,249.2,50
1719465506695,249.2,50
1719465506695,249.2,50
1719465506695,249.2,50
1719465513367,247.55,25
1719465513367,247.55,25
1719465514202,248.25,50
1719465515403,248.2,25
1719465515403,248.2,25
1719465515403,248.2,25
1719465516956,248.25,25
1719465516956,248.25,25
1719465516956,248.25,25
1719465519642,249.65,50
1719465520150,249.35,50
1719465520150,249.35,50
1719465522177,248.4,150
1719465522177,248.4,150
1719465525252,249.0,25
1719465525252,249.0,25
1719465526186,248.8,100
1719465526882,249.3,25
1719465527062,248.65,75
1719465527062,248.65,75
1719465527062,248.65,75
1719465530149,250.0,25
1719465530149,250.0,25
1719465530149,250.0,25
1719465530149,250.0,25
1719465534511,247.25,75
1719465534511,247.25,75
1719465535678,246.35,25
1719465536225,246.45,50
1719465536225,246.45,50
1719465536225,246.45,50
1719465539164,245.0,100
1719465539310,244.9,100
1719465540180,243.9,25
1719465540858,245.25,100
1719465541564,245.1,25
1719465541564,245.1,25
1719465543338,246.6,25
1719465543618,246.45,75
1719465543969,245.05,75
1719465543969,245.05,75
1719465543969,245.05,75
1719465546066,248.1,250
1719465546248,247.75,25
1719465546248,247.75,25
1719465548181,247.2,25
1719465548181,247.2,25
1719465549075,246.2,100
1719465549075,246.2,100
1719465551492,248.25,125
1719465552761,247.0,25
1719465552977,246.35,25
1719465553867,246.3,25
1719465554232,247.4,25
1719465554232,247.4,25
1719465554232,247.4,25
1719465557288,247.2,50
1719465557755,247.65,25
1719465557755,247.65,25
1719465559115,248.1,25
1719465559115,248.1,25
1719465559115,248.1,25
1719465563616,249.1,25
1719465563713,248.45,25
1719465565202,249.55,150
1719465565202,249.55,150
1719465566808,248.05,200
1719465566808,248.05,200
1719465566808,248.05,200
1719465566808,248.05,200
1719465566808,248.05,200
1719465571845,248.35,25
1719465572165,249.0,125
1719465573463,249.15,50
1719465573463,249.15,50
1719465573463,249.15,50
1719465573463,249.15,50
1719465577945,250.0,25
1719465578854,249.1,75
1719465578854,249.1,75
1719465579285,248.25,125
1719465579285,248.25,125
1719465581401,248.7,100
1719465581401,248.7,100
1719465581401,248.7,100
1719465581401,248.7,100
1719465585777,248.7,25
1719465586746,249.05,25
1719465586746,249.05,25
1719465586746,249.05,25
1719465589022,250.7,25
1719465590019,251.2,25
1719465590019,251.2,25
1719465590019,251.2,25
1719465590019,251.2,25
1719465594342,253.15,25
1719465594342,253.15,25
1719465594342,253.15,25
1719465598358,258.9,25
1719465598518,258.3,25
1719465599850,259.35,25
1719465599850,259.35,25
1719465599850,259.35,25
1719465600869,258.8,75
1719465601773,255.5,25
1719465601773,255.5,25
1719465602291,256.45,75
1719465602291,256.45,75
1719465602291,256.45,75
1719465602291,256.45,75
1719465607413,257.6,50
1719465607520,257.55,50
1719465608575,258.15,25
1719465608575,258.15,25
1719465611956,257.8,25
1719465611956,257.8,25
1719465611956,257.8,25
1719465611956,257.8,25
1719465616963,258.85,25
1719465618161,256.0,50
1719465618749,257.05,25
1719465618749,257.05,25
1719465620179,257.0,100
1719465620179,257.0,100
1719465622031,255.85,100
1719465623149,257.2,25
1719465623638,258.15,25
1719465624831,259.05,225
1719465624831,259.05,225
1719465624831,259.05,225
1719465627251,264.0,75
1719465628162,265.75,50
1719465628162,265.75,50
1719465629725,267.0,25
1719465630140,265.4,25
1719465630140,265.4,25
1719465630140,265.4,25
1719465630140,265.4,25
1719465632864,263.75,25
1719465633538,263.45,100
1719465633538,263.45,100
1719465633538,263.45,100
1719465636732,265.35,25
1719465636732,265.35,25
1719465637610,266.05,25
1719465638757,268.0,50
1719465639347,269.05,25
1719465639347,269.05,25
1719465640717,269.85,50
1719465641831,266.7,100
1719465641831,266.7,100
1719465642685,266.85,75
1719465643875,267.75,50
1719465644034,267.7,25
1719465645471,266.0,25
1719465645799,266.65,25
1719465646763,266.8,25
1719465646763,266.8,25
1719465647591,266.0,50
1719465648415,267.0,25
1719465650502,268.9,100
1719465650616,267.75,25
1719465651344,266.55,25
1719465651344,266.55,25
1719465652391,266.7,200
1719465652391,266.7,200
1719465655392,265.95,50
1719465655879,266.1,50
1719465656613,266.85,50
1719465656613,266.85,50
1719465656613,266.85,50
1719465656613,266.85,50
1719465660735,270.0,75
1719465660735,270.0,75
1719465660735,270.0,75
1719465664224,266.8,100
1719465665022,266.7,25
1719465665022,266.7,25
1719465665891,267.5,25
1719465665891,267.5,25
1719465667630,266.65,75
1719465667975,266.4,25
1719465667975,266.4,25
1719465667975,266.4,25
1719465671995,268.6,25
1719465671995,268.6,25
1719465673273,267.25,100
1719465673526,265.6,25
1719465673526,265.6,25
1719465674976,267.3,25
1719465674976,267.3,25
1719465674976,267.3,25
1719465674976,267.3,25
1719465680491,267.3,650
1719465680491,267.3,650
1719465680491,267.3,650
1719465680491,267.3,650
1719465680491,267.3,650
1719465685075,268.25,125
1719465685075,268.25,125
1719465685976,269.0,50
1719465686768,274.1,25
1719465687225,274.25,250
1719465687225,274.25,250
1719465687225,274.25,250
1719465687225,274.25,250
1719465687225,274.25,250
1719465687225,274.25,250
1719465687225,274.25,250
1719465695075,271.15,25
1719465695075,271.15,25
1719465697265,270.45,100
1719465697265,270.45,100
1719465698212,270.55,25
1719465698711,269.85,25
1719465698711,269.85,25
1719465698711,269.85,25
1719465701369,271.15,25
1719465701369,271.15,25
1719465702737,271.5,25
1719465703672,270.0,125
1719465703672,270.0,125
1719465705058,271.95,50
1719465705058,271.95,50
1719465706413,271.6,25
1719465706413,271.6,25
1719465707562,272.0,50
1719465708985,271.7,25
1719465709771,271.35,25
1719465710262,269.95,25
1719465710262,269.95,25
1719465712934,267.9,125
1719465712934,267.9,125
1719465712934,267.9,125
1719465717254,271.15,150
1719465717254,271.15,150
1719465718735,270.25,25
1719465718735,270.25,25
1719465718735,270.25,25
1719465718735,270.25,25
1719465718735,270.25,25
1719465724613,267.85,25
1719465724613,267.85,25
1719465724613,267.85,25
1719465724613,267.85,25
1719465724613,267.85,25
1719465724613,267.85,25
1719465724613,267.85,25
1719465724613,267.85,25
1719465724613,267.85,25
1719465738777,267.85,25
1719465738777,267.85,25
1719465738777,267.85,25
1719465741419,267.7,50
1719465741419,267.7,50
1719465743766,266.45,25
1719465743766,266.45,25
1719465743766,266.45,25
1719465746505,265.75,125
1719465746604,265.75,625
1719465746604,265.75,625
1719465746604,265.75,625
1719465749510,265.6,25
1719465749824,266.2,25
1719465750223,266.7,25
1719465750730,266.9,25
1719465750730,266.9,25
1719465752120,266.45,25
1719465752453,266.75,25
1719465752902,267.35,25
1719465752902,267.35,25
1719465752902,267.35,25
1719465752902,267.35,25
1719465758866,266.7,25
1719465758866,266.7,25
1719465759685,267.1,25
1719465760083,267.15,25
1719465760083,267.15,25
1719465760083,267.15,25
1719465765559,263.45,25
1719465765559,263.45,25
1719465766168,261.4,25
1719465766168,261.4,25
1719465767714,262.9,25
1719465767714,262.9,25
1719465767714,262.9,25
1719465770305,266.6,50
1719465770305,266.6,50
1719465771394,267.05,25
1719465771953,266.75,25
1719465771953,266.75,25
1719465773701,266.8,25
1719465773701,266.8,25
1719465773701,266.8,25
1719465776906,265.5,25
1719465776906,265.5,25
1719465776906,265.5,25
1719465776906,265.5,25
1719465776906,265.5,25
1719465782319,264.1,25
1719465782319,264.1,25
1719465782319,264.1,25
1719465782319,264.1,25
1719465782319,264.1,25
1719465782319,264.1,25
1719465782319,264.1,25
1719465782319,264.1,25
1719465782319,264.1,25
1719465782319,264.1,25
1719465796557,264.45,75
1719465796557,264.45,75
1719465796557,264.45,75
1719465796557,264.45,75
1719465801701,260.1,250
1719465801701,260.1,250
1719465801701,260.1,250
1719465804286,262.7,150
1719465804286,262.7,150
1719465806444,262.65,50
1719465806444,262.65,50
1719465806444,262.65,50
1719465806444,262.65,50
1719465806444,262.65,50
1719465806444,262.65,50
1719465806444,262.65,50
1719465806444,262.65,50
1719465806444,262.65,50
1719465806444,262.65,50
1719465820162,262.4,25
1719465820162,262.4,25
1719465822060,263.45,25
1719465822060,263.45,25
1719465822060,263.45,25
1719465824580,264.0,150
1719465824580,264.0,150
1719465824580,264.0,150
1719465824580,264.0,150
1719465824580,264.0,150
1719465832349,262.45,25
1719465832349,262.45,25
1719465832349,262.45,25
1719465832349,262.45,25
1719465835997,262.85,25
1719465835997,262.85,25
1719465835997,262.85,25
1719465835997,262.85,25
1719465835997,262.85,25
1719465841538,263.25,25
1719465841629,263.05,75
1719465841629,263.05,75
1719465842813,263.15,125
1719465842813,263.15,125
1719465842813,263.15,125
1719465842813,263.15,125
1719465842813,263.15,125
1719465842813,263.15,125
1719465842813,263.15,125
1719465854256,261.2,25
1719465854256,261.2,25
1719465854256,261.2,25
1719465857368,257.85,25
1719465857368,257.85,25
1719465857636,257.4,250
1719465858926,254.4,150
1719465859063,253.75,100
1719465860118,255.25,25
1719465860118,255.25,25
1719465860907,256.6,25
1719465862081,255.65,25
1719465862843,256.2,25
1719465863583,256.1,25
1719465864273,256.0,25
1719465864273,256.0,25
1719465864273,256.0,25
1719465867426,255.65,25
1719465867426,255.65,25
1719465867902,255.7,50
1719465868930,254.4,25
1719465868930,254.4,25
1719465869841,255.85,25
1719465870489,255.45,25
1719465870699,255.35,25
1719465870699,255.35,25
1719465871557,255.1,25
1719465872223,255.15,25
1719465872223,255.15,25
1719465872223,255.15,25
1719465872223,255.15,25
1719465872223,255.15,25
1719465872223,255.15,25
1719465872223,255.15,25
1719465882065,252.5,25
1719465882065,252.5,25
1719465882750,251.5,75
1719465882750,251.5,75
1719465882750,251.5,75
1719465886847,250.0,25
1719465886847,250.0,25
1719465887549,250.0,100
1719465888222,251.6,25
1719465889743,251.85,100
1719465889743,251.85,100
1719465889743,251.85,100
1719465889743,251.85,100
1719465889743,251.85,100
1719465889743,251.85,100
1719465898288,254.45,25
1719465898288,254.45,25
1719465898288,254.45,25
1719465898288,254.45,25
1719465902481,254.65,50
1719465902481,254.65,50
1719465905920,256.0,50
1719465905920,256.0,50
1719465906191,254.95,25
1719465906191,254.95,25
1719465906191,254.95,25
1719465909915,255.5,50
1719465909915,255.5,50
1719465912386,258.1,25
1719465912386,258.1,25
1719465912386,258.1,25
1719465912386,258.1,25
1719465912386,258.1,25
1719465917737,258.05,25
1719465917910,258.2,25
1719465917910,258.2,25
1719465917910,258.2,25
1719465921366,257.85,50
1719465921471,258.55,75
1719465922345,258.3,25
1719465922345,258.3,25
1719465924157,258.8,100
1719465924157,258.8,100
1719465926040,258.95,25
1719465926830,258.25,50
1719465926830,258.25,50
1719465926830,258.25,50
1719465929947,257.05,25
1719465929947,257.05,25
1719465930980,257.55,100
1719465931102,257.5,150
1719465931102,257.5,150
1719465932740,258.1,25
1719465932740,258.1,25
1719465935148,258.45,50
1719465935148,258.45,50
1719465937102,260.05,25
1719465937102,260.05,25
1719465937102,260.05,25
1719465939437,259.3,25
1719465939437,259.3,25
1719465939437,259.3,25
1719465943395,260.0,100
1719465943395,260.0,100
1719465943395,260.0,100
1719465946467,260.0,25
1719465946654,260.4,25
1719465946654,260.4,25
1719465948254,260.9,175
1719465948254,260.9,175
1719465949745,261.4,25
1719465949745,261.4,25
1719465949745,261.4,25
1719465949745,261.4,25
1719465954243,262.25,25
1719465954243,262.25,25
1719465956903,259.5,50
1719465957426,260.45,150
1719465957426,260.45,150
1719465958655,261.3,175
1719465958655,261.3,175
1719465958655,261.3,175
1719465960814,263.0,100
1719465960814,263.0,100
1719465962236,264.9,25
1719465962236,264.9,25
1719465962835,262.0,100
1719465963213,262.3,25
1719465963213,262.3,25
1719465965863,262.6,50
1719465966264,262.3,25
1719465966264,262.3,25
1719465966264,262.3,25
1719465970078,263.0,25
1719465970078,263.0,25
1719465970078,263.0,25
1719465970078,263.0,25
1719465970078,263.0,25
1719465976903,265.15,25
1719465976903,265.15,25
1719465976903,265.15,25
1719465979964,265.1,150
1719465979964,265.1,150
1719465979964,265.1,150
1719465983391,265.15,150
1719465983391,265.15,150
1719465985114,264.45,50
1719465985231,264.6,100
1719465985231,264.6,100
1719465985231,264.6,100
1719465989069,266.0,100
1719465990151,266.7,175
1719465990151,266.7,175
1719465990151,266.7,175
1719465990151,266.7,175
1719465990151,266.7,175
1719465990151,266.7,175
1719465997575,265.4,50
1719465997575,265.4,50
1719465998207,267.2,25
1719465998207,267.2,25
1719465998207,267.2,25
1719466001243,267.05,25
1719466001243,267.05,25
1719466003225,263.9,25
1719466003225,263.9,25
1719466003225,263.9,25
1719466003225,263.9,25
1719466003225,263.9,25
1719466003225,263.9,25
1719466003225,263.9,25
1719466003225,263.9,25
1719466003225,263.9,25
1719466016931,266.1,75
1719466016931,266.1,75
1719466017720,267.2,25
1719466017720,267.2,25
1719466017720,267.2,25
1719466017720,267.2,25
1719466017720,267.2,25
1719466017720,267.2,25
1719466025190,266.5,50
1719466025573,267.2,25
1719466025573,267.2,25
1719466026630,269.1,25
1719466026630,269.1,25
1719466026630,269.1,25
1719466026630,269.1,25
1719466032157,267.0,25
1719466032157,267.0,25
1719466033190,266.55,25
1719466033190,266.55,25
1719466033190,266.55,25
1719466033190,266.55,25
1719466037877,267.9,25
1719466037877,267.9,25
1719466039850,268.0,50
1719466041077,268.1,25
1719466041077,268.1,25
1719466041077,268.1,25
1719466045179,268.25,25
1719466045179,268.25,25
1719466046391,268.95,150
1719466046694,268.55,75
1719466046694,268.55,75
1719466046694,268.55,75
1719466046694,268.55,75
1719466046694,268.55,75
1719466046694,268.55,75
1719466053215,267.85,25
1719466053215,267.85,25
1719466057160,270.9,25
1719466060130,271.8,25
1719466060130,271.8,25
1719466061684,272.0,100
1719466061684,272.0,100
1719466229716,281.0,25
1719466229716,281.0,25
1719466229716,281.0,25
1719466231303,281.6,100
1719466231303,281.6,100
1719466234628,280.45,25
1719466234959,280.55,25
1719466235274,280.25,75
1719466236326,280.6,200
1719466236326,280.6,200
1719466236326,280.6,200
1719466241004,279.5,25
1719466241004,279.5,25
1719466243881,280.9,25
1719466244117,279.65,25
1719466244534,279.8,25
1719466244534,279.8,25
1719466245170,279.6,25
1719466245170,279.6,25
1719466247185,278.0,150
1719466247185,278.0,150
1719466247185,278.0,150
1719466247185,278.0,150
1719466247185,278.0,150
1719466247185,278.0,150
1719466247185,278.0,150
1719466247185,278.0,150
1719466259109,279.15,125
1719466259109,279.15,125
1719466259109,279.15,125
1719466259109,279.15,125
1719466261901,279.35,100
1719466262095,279.35,25
1719466262938,277.7,50
1719466262938,277.7,50
1719466264556,278.4,25
1719466265281,278.7,25
1719466265281,278.7,25
1719466267783,278.35,25
1719466267783,278.35,25
1719466268271,278.4,25
1719466268271,278.4,25
1719466269775,279.35,25
1719466271106,279.85,50
1719466271106,279.85,50
1719466271399,280.9,25
1719466271399,280.9,25
1719466273739,282.75,125
1719466273739,282.75,125
1719466275147,283.65,75
1719466275147,283.65,75
1719466277130,283.5,225
1719466277130,283.5,225
1719466279207,283.6,25
1719466279207,283.6,25
1719466279207,283.6,25
1719466281680,282.3,25
1719466281680,282.3,25
1719466284464,281.55,25
1719466284464,281.55,25
1719466284464,281.55,25
1719466286499,282.5,75
1719466286499,282.5,75
1719466286499,282.5,75
1719466286499,282.5,75
1719466286499,282.5,75
1719466291741,282.25,75
1719466291741,282.25,75
1719466293597,281.3,100
1719466293597,281.3,100
1719466294780,281.75,75
1719466294780,281.75,75
1719466296512,280.3,25
1719466296512,280.3,25
1719466296512,280.3,25
1719466299808,282.2,25
1719466300794,282.05,75
1719466300794,282.05,75
1719466300794,282.05,75
1719466300794,282.05,75
1719466305796,280.0,25
1719466305796,280.0,25
1719466306530,279.5,75
1719466306530,279.5,75
1719466306530,279.5,75
1719466306530,279.5,75
1719466306530,279.5,75
1719466306530,279.5,75
1719466306530,279.5,75
1719466306530,279.5,75
1719466318285,278.5,50
1719466318285,278.5,50
1719466318285,278.5,50
1719466318285,278.5,50
1719466318285,278.5,50
1719466323136,277.0,75
1719466323136,277.0,75
1719466324970,277.65,50
1719466324970,277.65,50
1719466326559,277.05,25
1719466326559,277.05,25
1719466326559,277.05,25
1719466326559,277.05,25
1719466332085,276.4,25
1719466332085,276.4,25
1719466334201,276.55,25
1719466334201,276.55,25
1719466334201,276.55,25
1719466334201,276.55,25
1719466334201,276.55,25
1719466334201,276.55,25
1719466334201,276.55,25
1719466334201,276.55,25
1719466334201,276.55,25
1719466346912,280.2,25
1719466346912,280.2,25
1719466349494,281.35,50
1719466349494,281.35,50
1719466350720,282.45,50
1719466350720,282.45,50
1719466350720,282.45,50
1719466354441,278.45,25
1719466354441,278.45,25
1719466354441,278.45,25
1719466354441,278.45,25
1719466354441,278.45,25
1719466354441,278.45,25
1719466363807,278.15,75
1719466363807,278.15,75
1719466365080,278.15,125
1719466365080,278.15,125
1719466365080,278.15,125
1719466365080,278.15,125
1719466371246,278.95,25
1719466371246,278.95,25
1719466371246,278.95,25
1719466373122,280.05,125
1719466373122,280.05,125
1719466374966,279.6,25
1719466374966,279.6,25
1719466374966,279.6,25
1719466374966,279.6,25
1719466374966,279.6,25
1719466374966,279.6,25
1719466382481,275.65,25
1719466382481,275.65,25
1719466383626,272.95,125
1719466383626,272.95,125
1719466384834,272.0,25
1719466384834,272.0,25
1719466387301,274.1,25
1719466387867,273.75,25
1719466387867,273.75,25
1719466387867,273.75,25
1719466387867,273.75,25
1719466387867,273.75,25
1719466395650,274.45,50
1719466395650,274.45,50
1719466397155,275.7,50
1719466397155,275.7,50
1719466397155,275.7,50
1719466397155,275.7,50
1719466402685,274.55,25
1719466402685,274.55,25
1719466402685,274.55,25
1719466402685,274.55,25
1719466402685,274.55,25
1719466402685,274.55,25
1719466402685,274.55,25
1719466402685,274.55,25
1719466402685,274.55,25
1719466402685,274.55,25
1719466402685,274.55,25
1719466402685,274.55,25
1719466402685,274.55,25
1719466402685,274.55,25
1719466402685,274.55,25
1719466402685,274.55,25
1719466427728,274.1,25
1719466427728,274.1,25
1719466427728,274.1,25
1719466427728,274.1,25
1719466432899,273.0,25
1719466432899,273.0,25
1719466432899,273.0,25
1719466432899,273.0,25
1719466432899,273.0,25
1719466440546,270.95,75
1719466441316,270.0,25
1719466441316,270.0,25
1719466441316,270.0,25
1719466441316,270.0,25
1719466446698,269.15,75
1719466446850,270.4,25
1719466446850,270.4,25
1719466446850,270.4,25
1719466446850,270.4,25
1719466446850,270.4,25
1719466446850,270.4,25
1719466446850,270.4,25
1719466446850,270.4,25
1719466446850,270.4,25
1719466446850,270.4,25
1719466446850,270.4,25
1719466464132,273.1,100
1719466464132,273.1,100
1719466464132,273.1,100
1719466464132,273.1,100
1719466469294,273.1,25
1719466469294,273.1,25
1719466469294,273.1,25
1719466469294,273.1,25
1719466469294,273.1,25
1719466469294,273.1,25
1719466475256,273.75,25
1719466475256,273.75,25
1719466475256,273.75,25
1719466475256,273.75,25
1719466475256,273.75,25
1719466475256,273.75,25
1719466484147,273.2,100
1719466484147,273.2,100
1719466484147,273.2,100
1719466484147,273.2,100
1719466484147,273.2,100
1719466484147,273.2,100
1719466484147,273.2,100
1719466484147,273.2,100
1719466484147,273.2,100
1719466484147,273.2,100
1719466498882,271.75,75
1719466498882,271.75,75
1719466498882,271.75,75
1719466498882,271.75,75
1719466498882,271.75,75
1719466498882,271.75,75
1719466498882,271.75,75
1719466498882,271.75,75
1719466509167,274.7,50
1719466509167,274.7,50
1719466509167,274.7,50
1719466509167,274.7,50
1719466509167,274.7,50
1719466509167,274.7,50
1719466509167,274.7,50
1719466509167,274.7,50
1719466509167,274.7,50
1719466522684,274.4,75
1719466523490,273.0,50
1719466523490,273.0,50
1719466524576,272.85,25
1719466524576,272.85,25
1719466525793,273.8,50
1719466525793,273.8,50
1719466525793,273.8,50
1719466525793,273.8,50
1719466525793,273.8,50
1719466525793,273.8,50
1719466525793,273.8,50
1719466525793,273.8,50
1719466525793,273.8,50
1719466539811,276.05,125
1719466539811,276.05,125
1719466539811,276.05,125
1719466539811,276.05,125
1719466539811,276.05,125
1719466539811,276.05,125
1719466539811,276.05,125
1719466539811,276.05,125
1719466552396,276.85,25
