time,price,volume
1719461503727,28.3,100
1719461503727,28.3,100
1719461504467,28.25,25
1719461504467,28.25,25
1719461505309,28.25,25
1719461506069,28.35,75
1719461506069,28.35,75
1719461507459,28.4,25
1719461508159,28.2,125
1719461508159,28.2,125
1719461509865,28.35,25
1719461510110,28.4,300
1719461510110,28.4,300
1719461511772,28.2,25
1719461511772,28.2,25
1719461511772,28.2,25
1719461515068,28.15,25
1719461515239,28.15,25
1719461516287,27.95,25
1719461516287,27.95,25
1719461517181,28.0,50
1719461518345,28.1,25
1719461518603,28.1,25
1719461519631,28.1,50
1719461519631,28.1,50
1719461519631,28.1,50
1719461522216,28.1,25
1719461522235,28.05,25
1719461523317,27.9,125
1719461523381,27.9,200
1719461524551,28.0,25
1719461524551,28.0,25
1719461525460,27.9,50
1719461526333,27.9,25
1719461526836,28.2,50
1719461526836,28.2,50
1719461528883,28.25,25
1719461528883,28.25,25
1719461530179,28.1,100
1719461530703,28.0,225
1719461530938,28.15,300
1719461532262,28.0,400
1719461532956,28.0,200
1719461532956,28.0,200
1719461532956,28.0,200
1719461532956,28.0,200
1719461537063,28.05,25
1719461537063,28.05,25
1719461539113,28.1,50
1719461539113,28.1,50
1719461540826,28.2,25
1719461540962,28.25,50
1719461540962,28.25,50
1719461544133,28.3,25
1719461544361,28.2,25
1719461544719,28.2,200
1719461544719,28.2,200
1719461545711,28.35,225
1719461546645,28.5,250
1719461547433,28.4,25
1719461547433,28.4,25
1719461548623,28.2,25
1719461548680,28.1,175
1719461548680,28.1,175
1719461548680,28.1,175
1719461548680,28.1,175
1719461548680,28.1,175
1719461548680,28.1,175
1719461555516,28.15,25
1719461555516,28.15,25
1719461558274,28.0,25
1719461558274,28.0,25
1719461558274,28.0,25
1719461563037,28.5,25
1719461563195,28.5,200
1719461563416,28.55,25
1719461563740,28.4,225
1719461563740,28.4,225
1719461565824,28.7,25
1719461565824,28.7,25
1719461566680,28.8,350
1719461567734,28.8,225
1719461567734,28.8,225
1719461568716,28.75,25
1719461569703,28.85,100
1719461569870,28.7,100
1719461569870,28.7,100
1719461571483,28.55,25
1719461571724,28.8,175
1719461572712,28.8,650
1719461573807,28.7,75
1719461574249,28.65,25
1719461574740,28.8,25
1719461575544,28.9,25
1719461575705,28.9,550
1719461576630,28.65,25
1719461576749,28.75,500
1719461577999,28.7,25
1719461577999,28.7,25
1719461580025,28.8,50
1719461580025,28.8,50
1719461580758,28.65,100
1719461580758,28.65,100
1719461580758,28.65,100
1719461580758,28.65,100
1719461585445,28.8,25
1719461585653,28.95,25
1719461585694,28.8,200
1719461588077,29.0,50
1719461588077,29.0,50
1719461589679,28.8,25
1719461589679,28.8,25
1719461590984,29.0,25
1719461590984,29.0,25
1719461592840,29.05,25
1719461593101,29.05,25
1719461593101,29.05,25
1719461594507,28.85,25
1719461594672,28.8,175
1719461594672,28.8,175
1719461596043,28.65,25
1719461597477,28.75,25
1719461598427,28.85,25
1719461598856,28.8,25
1719461598856,28.8,25
1719461598856,28.8,25
1719461598856,28.8,25
1719461603756,29.0,25
1719461604606,29.0,25
1719461604606,29.0,25
1719461605452,28.8,125
1719461605452,28.8,125
1719461605452,28.8,125
1719461605452,28.8,125
1719461605452,28.8,125
1719461610402,28.85,25
1719461610691,28.9,25
1719461610893,28.7,25
1719461610893,28.7,25
1719461613671,28.8,50
1719461613671,28.8,50
1719461616230,28.95,25
1719461616230,28.95,25
1719461616786,28.8,75
1719461617329,28.85,25
1719461617329,28.85,25
1719461620056,29.0,75
1719461621353,28.7,25
1719461621353,28.7,25
1719461621353,28.7,25
1719461623972,28.8,75
1719461624486,28.5,25
1719461624486,28.5,25
1719461625809,28.5,25
1719461626692,28.6,25
1719461626714,28.6,25
1719461627419,28.55,25
1719461627419,28.55,25
1719461628882,28.4,25
1719461629311,28.4,325
1719461629311,28.4,325
1719461630213,28.45,25
1719461631466,28.5,300
1719461631466,28.5,300
1719461631938,28.65,50
1719461631938,28.65,50
1719461631938,28.65,50
1719461631938,28.65,50
1719461631938,28.65,50
1719461631938,28.65,50
1719461631938,28.65,50
1719461640327,28.75,25
1719461641080,28.65,25
1719461641080,28.65,25
1719461642072,28.8,25
1719461642678,28.75,25
1719461642678,28.75,25
1719461642678,28.75,25
1719461642678,28.75,25
1719461642678,28.75,25
1719461642678,28.75,25
1719461642678,28.75,25
1719461652709,28.7,50
1719461653252,28.7,25
1719461653588,28.55,25
1719461653588,28.55,25
1719461656388,28.65,50
1719461656388,28.65,50
1719461656873,28.55,75
1719461656873,28.55,75
1719461659227,28.9,25
1719461659861,28.8,25
1719461659861,28.8,25
1719461661106,29.1,25
1719461661106,29.1,25
1719461662526,29.25,25
1719461662526,29.25,25
1719461663779,29.3,1300
1719461663928,29.25,25
1719461663928,29.25,25
1719461663928,29.25,25
1719461663928,29.25,25
1719461668566,28.7,75
1719461668566,28.7,75
1719461671619,28.95,175
1719461671619,28.95,175
1719461672454,29.0,150
1719461672920,29.0,25
1719461672920,29.0,25
1719461672920,29.0,25
1719461672920,29.0,25
1719461676974,28.9,175
1719461676974,28.9,175
1719461678827,28.75,50
1719461679170,29.0,50
1719461679170,29.0,50
1719461681295,28.95,200
1719461681295,28.95,200
1719461681295,28.95,200
1719461681295,28.95,200
1719461681295,28.95,200
1719461681295,28.95,200
1719461689060,28.75,25
1719461689505,28.7,1150
1719461689505,28.7,1150
1719461689505,28.7,1150
1719461689505,28.7,1150
1719461693852,28.65,75
1719461694597,28.65,200
1719461694597,28.65,200
1719461694597,28.65,200
1719461697534,28.55,25
1719461697956,28.6,25
1719461697956,28.6,25
1719461697956,28.6,25
1719461700662,28.65,375
1719461700662,28.65,375
1719461701858,28.3,25
1719461702403,28.15,200
1719461702403,28.15,200
1719461703945,28.3,50
1719461703945,28.3,50
1719461703945,28.3,50
1719461705474,28.65,125
1719461705474,28.65,125
1719461707036,28.65,150
1719461707569,28.7,100
1719461707790,29.0,100
1719461708511,28.85,50
1719461708511,28.85,50
1719461710585,28.7,50
1719461710585,28.7,50
1719461710585,28.7,50
1719461713454,28.7,150
1719461714572,28.75,50
1719461714572,28.75,50
1719461716455,28.8,150
1719461716599,28.8,50
1719461717675,28.65,125
1719461717675,28.65,125
1719461718597,28.7,200
1719461719022,28.7,200
1719461719022,28.7,200
1719461721013,28.35,25
1719461722611,28.45,75
1719461722611,28.45,75
1719461723587,28.5,125
1719461747409,27.55,25
1719461749810,27.5,75
1719461749810,27.5,75
1719461751095,27.5,200
1719461751095,27.5,200
1719461751853,27.45,50
1719461752522,27.25,50
1719461752780,27.25,25
1719461752780,27.25,25
1719461753869,27.35,25
1719461753869,27.35,25
1719461756551,27.35,25
1719461756551,27.35,25
1719461757930,27.6,25
1719461757930,27.6,25
1719461757930,27.6,25
1719461760322,27.5,75
1719461761687,27.6,75
1719461761687,27.6,75
1719461761811,27.5,650
1719461761811,27.5,650
1719461761811,27.5,650
1719461761811,27.5,650
1719461767485,27.4,25
1719461767485,27.4,25
1719461768769,27.5,225
1719461769945,27.65,150
1719461770183,27.65,525
1719461771612,27.55,25
1719461772596,27.65,450
1719461773253,27.6,25
1719461773453,27.6,25
1719461774838,27.85,75
1719461774838,27.85,75
1719461775324,27.6,25
1719461775324,27.6,25
1719461777587,27.75,150
1719461777587,27.75,150
1719461778924,27.5,50
1719461779678,27.65,200
1719461779678,27.65,200
1719461780765,27.65,25
1719461781502,27.65,150
1719461782314,27.35,25
1719461782314,27.35,25
1719461783574,27.6,125
1719461783574,27.6,125
1719461786730,27.1,25
1719461787588,27.1,50
1719461788240,27.0,25
1719461788240,27.0,25
1719461788240,27.0,25
1719461788240,27.0,25
1719461790240,27.0,25
1719461790923,27.2,75
1719461791669,27.3,75
1719461791966,27.3,25
1719461792411,27.3,50
1719461793014,27.4,25
1719461793014,27.4,25
1719461794832,27.35,75
1719461795725,27.45,175
1719461796464,27.4,325
1719461797825,27.45,350
1719461798159,27.45,250
1719461798676,27.15,50
1719461799433,27.3,275
1719461799433,27.3,275
1719461800451,27.4,75
1719461801677,27.2,250
1719461801677,27.2,250
1719461803637,27.3,75
1719461804703,27.35,50
1719461804703,27.35,50
1719461805441,27.25,125
1719461807025,27.3,275
1719461807025,27.3,275
1719461809583,27.35,125
1719461809583,27.35,125
1719461809583,27.35,125
1719461809583,27.35,125
1719461809583,27.35,125
1719461816127,27.3,50
1719461816127,27.3,50
1719461817083,27.65,875
1719461817083,27.65,875
1719461818495,27.45,25
1719461819079,27.5,100
1719461819079,27.5,100
1719461819079,27.5,100
1719461819079,27.5,100
1719461819079,27.5,100
1719461824023,27.6,25
1719461824023,27.6,25
1719461826733,27.75,800
1719461826733,27.75,800
1719461827924,27.65,150
1719461827924,27.65,150
1719461827924,27.65,150
1719461827924,27.65,150
1719461831964,27.85,25
1719461832846,27.65,250
1719461833080,27.6,150
1719461833080,27.6,150
1719461834509,27.55,50
1719461834509,27.55,50
1719461835720,27.4,25
1719461836520,27.6,50
1719461836918,27.7,75
1719461837457,27.65,25
1719461837457,27.65,25
1719461839597,28.0,50
1719461839597,28.0,50
1719461840238,28.15,75
1719461841013,28.05,75
1719461841013,28.05,75
1719461841013,28.05,75
1719461842635,28.15,650
1719461842635,28.15,650
1719461843576,28.1,50
1719461843576,28.1,50
1719461846598,28.1,75
1719461846788,28.0,300
1719461847119,28.1,25
1719461848043,28.1,75
1719461848576,28.05,25
1719461849577,28.15,75
1719461849577,28.15,75
1719461851515,28.2,25
1719461852454,28.25,75
1719461852454,28.25,75
1719461853584,28.25,75
1719461854895,28.2,25
1719461854895,28.2,25
1719461857500,28.2,125
1719461858147,28.25,1550
1719461858147,28.25,1550
1719461859240,28.35,25
1719461859240,28.35,25
1719461861015,28.5,25
1719461861561,28.4,25
1719461861561,28.4,25
1719461861561,28.4,25
1719461864510,28.45,25
1719461864510,28.45,25
1719461866495,28.2,450
1719461867583,28.4,25
1719461867822,28.4,25
1719461867822,28.4,25
1719461868857,28.45,25
1719461869688,28.5,50
1719461869878,28.5,825
1719461870229,28.5,175
1719461871405,28.55,25
1719461871405,28.55,25
1719461873431,28.45,25
1719461873598,28.5,75
1719461873804,28.65,50
1719461873804,28.65,50
1719461876130,28.65,150
1719461876525,28.75,25
1719461876525,28.75,25
1719461877481,28.8,25
1719461877481,28.8,25
1719461878676,28.7,25
1719461879398,28.75,25
1719461879398,28.75,25
1719461879398,28.75,25
1719461880298,28.8,25
1719461881412,28.7,75
1719461881681,28.65,25
1719461881959,28.8,200
1719461883390,28.55,250
1719461883390,28.55,250
1719461883390,28.55,250
1719461886642,28.6,400
1719461886642,28.6,400
1719461886642,28.6,400
1719461886642,28.6,400
1719461893012,28.8,200
1719461893012,28.8,200
1719461893561,28.75,250
1719461893561,28.75,250
1719461896605,28.8,50
1719461898009,28.8,25
1719461898009,28.8,25
1719461898009,28.8,25
1719461898009,28.8,25
1719461901965,28.65,25
1719461902552,28.65,50
1719461903417,28.55,25
1719461903530,28.6,25
1719461904434,28.7,25
1719461904434,28.7,25
1719461904434,28.7,25
1719461904434,28.7,25
1719461909437,28.95,75
1719461909818,28.9,25
1719461909818,28.9,25
1719461910970,29.0,25
1719461911577,29.1,25
1719461911577,29.1,25
1719461912606,28.95,25
1719461913090,28.85,500
1719461913090,28.85,500
1719461913090,28.85,500
1719461916462,29.05,25
1719461916462,29.05,25
1719461916462,29.05,25
1719461916462,29.05,25
1719461919427,29.1,50
1719461919548,29.1,25
1719461919548,29.1,25
1719461920666,28.95,25
1719461921587,28.8,25
1719461921587,28.8,25
1719461922585,28.8,25
1719461922585,28.8,25
1719461924489,28.75,300
1719461924489,28.75,300
1719461925329,28.85,25
1719461925838,28.65,25
1719461926570,28.7,25
1719461926570,28.7,25
1719461928017,28.8,25
1719461928017,28.8,25
1719461928017,28.8,25
1719461930677,28.6,25
1719461931472,28.75,25
1719461931472,28.75,25
1719461932311,28.8,50
1719461932311,28.8,50
1719461933951,28.8,25
1719461933951,28.8,25
1719461936771,28.75,25
1719461936771,28.75,25
1719461936771,28.75,25
1719461939538,28.75,25
1719461939538,28.75,25
1719461940510,28.65,75
1719461940829,28.7,50
1719461940829,28.7,50
1719461940829,28.7,50
1719461940829,28.7,50
1719461940829,28.7,50
1719461940829,28.7,50
1719461940829,28.7,50
1719461940829,28.7,50
1719461940829,28.7,50
1719461953924,28.35,100
1719461953924,28.35,100
1719461956238,28.45,50
1719461956626,28.45,100
1719461957289,28.4,250
1719461957289,28.4,250
1719461960110,28.0,25
1719461960215,28.05,25
1719461960683,28.0,150
1719461961755,27.9,25
1719461961755,27.9,25
1719461962407,27.9,25
1719461963405,27.8,25
1719461963405,27.8,25
1719461964660,28.05,25
1719461964660,28.05,25
1719461965242,28.0,75
1719461966407,28.05,25
1719461966407,28.05,25
1719461967950,28.15,75
1719461967950,28.15,75
1719461969428,28.15,50
1719461969959,28.15,25
1719461969959,28.15,25
1719461970599,28.15,150
1719461971456,28.15,75
1719461972352,28.05,25
1719461972352,28.05,25
1719461973781,28.0,100
1719461975031,28.1,50
1719461975031,28.1,50
1719461976289,28.25,25
1719461976638,28.25,25
1719461976638,28.25,25
1719461977585,28.25,50
1719461977585,28.25,50
1719461979032,28.3,75
1719461979032,28.3,75
1719461980475,28.2,100
1719461981820,28.15,50
1719461983013,28.05,25
1719461983218,28.0,400
1719461983218,28.0,400
1719461983218,28.0,400
1719461983218,28.0,400
1719461987473,27.95,150
1719461987473,27.95,150
1719461990032,28.0,50
1719461990032,28.0,50
1719461990474,28.0,75
1719461991460,27.9,25
1719461991460,27.9,25
1719461991460,27.9,25
1719461993560,28.0,150
1719461994762,27.8,25
1719461994762,27.8,25
1719461995894,27.85,25
1719461996788,28.05,250
1719461996788,28.05,250
1719461997935,28.05,25
1719461997935,28.05,25
1719462000142,27.9,50
1719462000253,27.9,50
1719462000417,27.9,50
1719462001792,27.85,25
1719462001792,27.85,25
1719462002322,27.6,75
1719462002322,27.6,75
1719462003496,27.7,25
1719462004368,27.75,50
1719462004368,27.75,50
1719462005302,27.85,475
1719462005302,27.85,475
1719462007069,27.35,75
1719462007069,27.35,75
1719462008869,27.5,25
1719462008869,27.5,25
1719462011621,27.7,125
1719462011621,27.7,125
1719462011621,27.7,125
1719462013901,27.55,25
1719462013901,27.55,25
1719462015108,27.6,100
1719462016729,27.5,25
1719462018236,27.4,100
1719462018236,27.4,100
1719462019287,27.5,25
1719462019325,27.5,25
1719462021615,27.5,25
1719462021901,27.55,25
1719462021942,27.55,25
1719462022153,27.7,25
1719462022153,27.7,25
1719462024008,27.75,25
1719462024424,27.8,100
1719462026060,27.85,25
1719462026060,27.85,25
1719462026060,27.85,25
1719462026060,27.85,25
1719462031002,27.55,25
1719462031002,27.55,25
1719462031002,27.55,25
1719462031002,27.55,25
1719462035891,27.85,25
1719462036588,27.75,250
1719462036588,27.75,250
1719462038143,27.95,50
1719462038143,27.95,50
1719462038835,27.95,200
1719462038835,27.95,200
1719462041244,28.0,50
1719462041676,28.1,50
1719462041676,28.1,50
1719462044026,28.25,50
1719462044026,28.25,50
1719462044026,28.25,50
1719462047673,28.15,50
1719462048325,28.0,250
1719462048325,28.0,250
1719462048827,27.9,200
1719462048827,27.9,200
1719462051577,27.85,25
1719462051577,27.85,25
1719462052919,27.8,300
1719462052919,27.8,300
1719462054001,27.85,25
1719462054001,27.85,25
1719462055733,28.0,50
1719462055944,28.0,200
1719462056672,28.0,25
1719462057756,28.0,25
1719462058512,28.15,25
1719462058777,28.25,125
1719462058777,28.25,125
1719462058777,28.25,125
1719462058777,28.25,125
1719462058777,28.25,125
1719462058777,28.25,125
1719462058777,28.25,125
1719462070097,28.15,50
1719462070097,28.15,50
1719462071332,28.35,75
1719462071332,28.35,75
1719462072863,28.2,25
1719462072863,28.2,25
1719462072863,28.2,25
1719462072863,28.2,25
1719462077947,28.1,100
1719462077947,28.1,100
1719462077947,28.1,100
1719462080981,28.0,25
1719462081957,28.15,50
1719462083015,28.5,100
1719462084091,28.45,125
1719462084091,28.45,125
1719462085678,28.4,25
1719462085678,28.4,25
1719462087198,28.25,25
1719462088507,28.15,50
1719462088507,28.15,50
1719462088507,28.15,50
1719462092764,28.25,25
1719462092764,28.25,25
1719462092982,28.25,200
1719462093695,28.3,175
1719462094873,28.5,25
1719462094873,28.5,25
1719462094873,28.5,25
1719462094873,28.5,25
1719462094873,28.5,25
1719462101743,28.3,375
1719462101902,28.2,50
1719462102446,28.1,100
1719462102446,28.1,100
1719462103716,28.25,50
1719462103716,28.25,50
1719462105342,28.3,25
1719462105812,28.15,50
1719462105812,28.15,50
1719462108311,28.1,25
1719462108552,28.0,75
1719462108552,28.0,75
1719462109994,28.0,175
1719462109994,28.0,175
1719462112035,27.9,275
1719462112035,27.9,275
1719462112412,27.95,25
1719462113492,27.7,75
1719462113492,27.7,75
1719462113492,27.7,75
1719462113492,27.7,75
1719462117179,28.05,100
1719462117540,28.1,25
1719462117540,28.1,25
1719462119368,28.2,100
1719462119756,28.1,25
1719462121550,28.15,100
1719462121550,28.15,100
1719462122522,28.35,25
1719462122973,28.15,25
1719462122973,28.15,25
1719462123791,28.15,75
1719462125045,28.2,50
1719462125045,28.2,50
1719462125575,28.2,25
1719462126595,28.1,25
1719462126595,28.1,25
1719462128157,28.2,25
1719462128157,28.2,25
1719462129168,28.2,25
1719462129190,28.2,75
1719462130194,28.15,50
1719462130760,28.25,25
1719462130760,28.25,25
1719462132058,28.05,75
1719462133505,28.3,100
1719462133505,28.3,100
1719462134797,27.95,25
1719462134797,27.95,25
1719462134797,27.95,25
1719462136994,28.15,100
1719462136994,28.15,100
1719462140111,28.45,75
1719462140236,28.4,100
1719462140236,28.4,100
1719462140236,28.4,100
1719462140236,28.4,100
1719462140236,28.4,100
1719462146711,28.25,100
1719462146711,28.25,100
1719462147699,28.1,25
1719462148442,28.1,75
1719462148442,28.1,75
1719462148442,28.1,75
1719462148442,28.1,75
1719462148442,28.1,75
1719462152205,28.4,75
1719462153701,28.45,25
1719462153701,28.45,25
1719462155559,28.2,75
1719462155559,28.2,75
1719462157033,28.35,25
1719462157033,28.35,25
1719462160197,28.4,75
1719462160197,28.4,75
1719462160605,28.45,100
1719462161119,28.5,25
1719462161119,28.5,25
1719462161119,28.5,25
1719462161119,28.5,25
1719462161119,28.5,25
1719462168527,28.45,50
1719462169664,28.8,350
1719462169664,28.8,350
1719462170712,28.6,100
1719462171218,28.55,25
1719462171218,28.55,25
1719462173385,28.35,100
1719462173385,28.35,100
1719462173931,28.45,25
1719462175195,28.2,25
1719462175243,28.25,75
1719462175243,28.25,75
1719462176467,28.45,50
1719462176467,28.45,50
1719462176467,28.45,50
1719462178783,28.9,25
1719462179673,28.85,100
1719462179673,28.85,100
1719462179673,28.85,100
1719462181131,28.8,100
1719462181131,28.8,100
1719462182257,28.8,25
1719462182257,28.8,25
1719462182257,28.8,25
1719462182257,28.8,25
1719462187112,28.8,25
1719462187112,28.8,25
1719462189535,28.65,125
1719462189624,28.75,100
1719462189624,28.75,100
1719462191920,28.65,25
1719462191920,28.65,25
1719462193550,28.65,100
1719462193550,28.65,100
1719462196983,28.85,25
1719462198406,28.75,100
1719462198406,28.75,100
1719462199034,28.9,50
1719462199034,28.9,50
1719462200509,28.75,100
1719462201833,28.55,25
1719462201833,28.55,25
1719462201998,28.7,25
1719462202983,28.6,25
1719462203197,28.5,150
1719462203197,28.5,150
1719462204397,28.4,100
1719462204397,28.4,100
1719462204397,28.4,100
1719462207067,28.45,100
1719462207880,28.45,25
1719462208733,28.6,25
1719462208733,28.6,25
1719462208733,28.6,25
1719462208733,28.6,25
1719462208733,28.6,25
1719462212328,28.8,25
1719462212328,28.8,25
1719462212328,28.8,25
1719462212328,28.8,25
1719462217421,28.4,100
1719462217988,28.65,25
1719462217988,28.65,25
1719462220307,28.5,25
1719462220997,28.55,25
1719462221428,28.55,25
1719462222067,28.7,25
1719462223690,28.5,50
1719462223690,28.5,50
1719462224250,28.5,25
1719462224250,28.5,25
1719462225887,28.45,50
1719462225887,28.45,50
1719462228188,28.55,75
1719462228188,28.55,75
1719462228188,28.55,75
1719462228188,28.55,75
1719462232142,28.6,100
1719462232142,28.6,100
1719462234725,28.7,50
1719462235040,28.75,125
1719462235040,28.75,125
1719462236160,28.75,100
1719462236160,28.75,100
1719462237787,28.85,75
1719462237787,28.85,75
1719462237787,28.85,75
1719462237787,28.85,75
1719462237787,28.85,75
1719462237787,28.85,75
1719462237787,28.85,75
1719462237787,28.85,75
1719462247071,28.3,25
1719462247071,28.3,25
1719462249814,28.25,175
1719462249814,28.25,175
1719462250996,28.5,50
1719462251963,28.85,25
1719462251963,28.85,25
1719462253242,29.05,175
1719462253242,29.05,175
1719462253242,29.05,175
1719462253242,29.05,175
1719462253242,29.05,175
1719462253242,29.05,175
1719462260848,29.0,200
1719462260848,29.0,200
1719462260848,29.0,200
1719462263986,28.8,25
1719462264169,28.7,150
1719462264169,28.7,150
1719462266433,28.85,300
1719462266433,28.85,300
1719462266433,28.85,300
1719462269676,28.6,25
1719462269676,28.6,25
1719462269676,28.6,25
1719462269676,28.6,25
1719462269676,28.6,25
1719462269676,28.6,25
1719462275503,28.8,25
1719462275503,28.8,25
1719462275503,28.8,25
1719462275503,28.8,25
1719462275503,28.8,25
1719462275503,28.8,25
1719462285010,28.5,50
1719462285010,28.5,50
1719462286059,28.4,25
1719462286401,28.4,25
1719462286401,28.4,25
1719462287849,28.45,200
1719462287849,28.45,200
1719462289622,28.3,25
1719462289858,28.15,25
1719462289858,28.15,25
1719462290958,28.1,25
1719462292177,28.0,25
1719462292846,28.05,25
1719462293322,28.0,125
1719462293322,28.0,125
1719462294819,28.35,25
1719462294819,28.35,25
1719462294819,28.35,25
1719462294819,28.35,25
1719462298708,28.25,25
1719462298708,28.25,25
1719462298708,28.25,25
1719462301470,28.05,25
1719462301470,28.05,25
1719462301470,28.05,25
1719462301470,28.05,25
1719462301470,28.05,25
1719462301470,28.05,25
1719462309046,28.05,25
1719462309046,28.05,25
1719462311408,28.05,25
1719462312109,27.8,175
1719462312109,27.8,175
1719462313639,27.7,550
1719462313703,27.65,175
1719462313703,27.65,175
1719462314524,27.9,25
1719462314524,27.9,25
1719462316377,27.9,25
1719462316693,28.05,175
1719462316693,28.05,175
1719462318253,28.0,25
1719462318253,28.0,25
1719462320365,27.95,100
1719462322157,27.85,25
1719462322326,28.0,25
1719462322326,28.0,25
1719462322326,28.0,25
1719462322326,28.0,25
1719462328340,27.65,150
1719462328340,27.65,150
1719462329482,27.6,25
1719462329482,27.6,25
1719462329482,27.6,25
1719462332103,27.75,50
1719462332103,27.75,50
1719462332742,27.8,50
1719462332742,27.8,50
1719462332742,27.8,50
1719462332742,27.8,50
1719462332742,27.8,50
1719462339148,27.8,50
1719462339148,27.8,50
1719462341613,27.9,25
1719462341613,27.9,25
1719462342941,27.9,225
1719462342941,27.9,225
1719462342941,27.9,225
1719462342941,27.9,225
1719462342941,27.9,225
1719462342941,27.9,225
1719462342941,27.9,225
1719462352760,28.0,150
1719462352760,28.0,150
1719462354680,27.9,25
1719462354920,27.9,275
1719462354920,27.9,275
1719462356077,27.8,25
1719462356077,27.8,25
1719462356077,27.8,25
1719462360170,27.85,25
1719462360170,27.85,25
1719462360170,27.85,25
1719462363442,28.05,25
1719462363442,28.05,25
1719462364876,28.1,25
1719462365610,28.05,25
1719462365610,28.05,25
1719462366362,28.15,25
1719462367203,28.2,50
1719462367203,28.2,50
1719462367926,28.25,50
1719462368588,28.25,50
1719462368588,28.25,50
1719462370117,27.95,25
1719462370449,28.05,25
1719462370449,28.05,25
1719462372067,28.0,25
1719462373004,27.85,25
1719462373237,28.0,25
1719462373237,28.0,25
1719462375584,27.95,50
1719462375584,27.95,50
1719462375584,27.95,50
1719462375584,27.95,50
1719462380554,28.25,50
1719462380554,28.25,50
1719462381576,28.3,50
1719462381576,28.3,50
1719462382290,28.15,75
1719462383496,28.2,50
1719462383496,28.2,50
1719462384584,28.2,50
1719462385355,28.0,25
1719462385355,28.0,25
1719462386012,28.2,50
1719462386012,28.2,50
1719462388455,28.2,50
1719462388455,28.2,50
1719462388455,28.2,50
1719462388455,28.2,50
1719462388455,28.2,50
1719462392711,28.15,50
1719462393103,28.25,150
1719462393103,28.25,150
1719462393103,28.25,150
1719462393103,28.25,150
1719462393103,28.25,150
1719462399527,27.7,50
1719462400147,27.25,75
1719462400147,27.25,75
1719462401119,27.25,25
1719462401569,27.2,25
1719462403301,27.0,25
1719462404034,27.05,25
1719462404339,27.1,25
1719462404869,27.0,125
1719462405588,27.15,300
1719462405588,27.15,300
1719462407067,27.15,50
1719462407067,27.15,50
1719462408038,27.0,25
1719462408915,26.65,25
1719462408915,26.65,25
1719462410035,27.05,300
1719462410479,27.1,25
1719462411068,27.05,25
1719462412216,27.05,25
1719462412216,27.05,25
1719462412466,27.05,25
1719462412466,27.05,25
1719462414561,26.8,50
1719462415149,26.65,25
1719462415149,26.65,25
1719462415937,26.55,25
1719462417012,26.35,200
1719462417012,26.35,200
1719462417600,26.4,100
1719462417600,26.4,100
1719462419314,26.25,50
1719462419314,26.25,50
1719462420511,26.2,25
1719462420511,26.2,25
1719462421203,26.05,25
1719462422142,25.7,75
1719462422142,25.7,75
1719462423121,25.9,75
1719462423916,26.2,75
1719462424126,26.05,100
1719462424792,26.25,75
1719462425709,26.15,25
1719462425973,26.3,25
1719462427110,26.3,25
1719462427523,26.45,75
1719462427796,26.55,300
1719462428516,26.55,150
1719462430080,26.55,25
1719462430080,26.55,25
1719462431297,26.4,25
1719462431297,26.4,25
1719462432511,26.55,75
1719462432764,26.55,50
1719462432764,26.55,50
1719462434405,26.4,75
1719462434807,26.45,25
1719462435578,26.25,100
1719462435881,26.15,150
1719462435881,26.15,150
1719462438683,26.15,250
1719462438683,26.15,250
1719462438683,26.15,250
1719462441950,26.1,25
1719462442276,26.0,25
1719462442276,26.0,25
1719462444494,26.05,25
1719462445083,25.95,50
1719462445083,25.95,50
1719462446273,25.95,25
1719462446911,25.95,25
1719462448701,26.0,25
1719462449017,26.2,25
1719462450031,26.2,25
1719462450714,26.15,25
1719462450871,26.3,25
1719462452130,26.2,25
1719462452130,26.2,25
1719462452871,26.4,25
1719462453271,26.3,25
1719462454366,26.15,25
1719462454521,26.1,25
1719462454521,26.1,25
1719462457339,25.95,25
1719462458811,26.05,25
1719462458811,26.05,25
1719462458811,26.05,25
1719462461566,26.05,100
1719462461984,25.85,25
1719462462368,25.75,25
1719462462368,25.75,25
1719462463830,25.6,175
1719462465183,25.55,50
1719462465183,25.55,50
1719462466078,25.4,25
1719462467070,25.35,75
1719462467070,25.35,75
1719462467960,25.2,25
1719462468767,25.3,625
1719462469677,25.3,200
1719462469677,25.3,200
1719462471300,25.2,150
1719462472349,25.1,25
1719462472570,25.1,25
1719462473383,25.0,25
1719462473693,25.1,50
1719462474475,25.05,75
1719462474899,25.05,175
1719462475484,25.0,700
1719462476130,25.0,150
1719462477359,24.85,50
1719462477359,24.85,50
1719462478430,24.9,75
1719462478430,24.9,75
1719462479563,24.9,50
1719462479563,24.9,50
1719462479563,24.9,50
1719462480997,24.6,150
1719462480997,24.6,150
1719462481206,24.6,250
1719462481206,24.6,250
1719462482978,24.4,200
1719462484169,24.6,75
1719462484351,24.6,250
1719462485347,24.45,200
1719462485484,24.65,250
1719462485484,24.65,250
1719462486870,24.9,50
1719462486870,24.9,50
1719462488017,25.0,50
1719462489101,24.8,25
1719462489649,24.8,175
1719462490757,25.0,75
1719462490757,25.0,75
1719462491950,24.65,25
1719462491950,24.65,25
1719462492898,24.75,250
1719462492898,24.75,250
1719462492898,24.75,250
1719462496319,24.8,150
1719462496414,24.75,125
1719462496414,24.75,125
1719462498185,24.7,25
1719462499003,24.65,800
1719462499372,24.8,25
1719462499792,24.9,100
1719462499792,24.9,100
1719462500933,24.7,225
1719462501841,24.55,200
1719462502508,24.5,100
1719462503426,24.65,50
1719462504010,24.65,25
1719462504950,24.5,100
1719462504950,24.5,100
1719462506021,24.3,250
1719462507519,24.2,25
1719462508055,24.3,25
1719462508729,24.4,75
1719462508729,24.4,75
1719462508729,24.4,75
1719462510280,24.45,25
1719462510466,24.4,50
1719462511133,24.3,50
1719462512442,24.25,50
1719462512795,24.45,75
1719462513736,24.1,125
1719462514305,24.25,100
1719462515231,24.2,50
1719462515231,24.2,50
1719462516795,24.2,200
1719462517447,24.25,250
1719462518807,24.4,25
1719462519129,24.4,25
1719462519263,24.4,1050
1719462520341,24.2,200
1719462520341,24.2,200
1719462520912,24.3,75
1719462521885,24.4,125
1719462522265,24.35,200
1719462522265,24.35,200
1719462523869,24.25,50
1719462524321,24.2,25
1719462524321,24.2,25
1719462524321,24.2,25
1719462528026,24.35,25
1719462528425,24.3,250
1719462530668,24.35,150
1719462531138,24.3,250
1719462532103,24.2,25
1719462532103,24.2,25
1719462533557,24.2,250
1719462533557,24.2,250
1719462534917,24.2,100
1719462534917,24.2,100
1719462536331,24.2,25
1719462536331,24.2,25
1719462537741,24.2,200
1719462537967,24.15,250
1719462537967,24.15,250
1719462537967,24.15,250
1719462540350,24.2,250
1719462540642,24.25,250
1719462540642,24.25,250
1719462542355,24.25,25
1719462542355,24.25,25
1719462542730,24.2,150
1719462543835,24.25,250
1719462543835,24.25,250
1719462545888,24.25,25
1719462546356,24.2,200
1719462546701,24.3,100
1719462547536,24.2,150
1719462547939,24.2,200
1719462549116,24.25,75
1719462549409,24.2,50
1719462549650,24.3,25
1719462550683,24.1,100
1719462550683,24.1,100
1719462552373,24.1,225
1719462552373,24.1,225
1719462552373,24.1,225
1719462555107,24.05,100
1719462555918,24.0,250
1719462555918,24.0,250
1719462556722,24.0,25
1719462556722,24.0,25
1719462558085,24.05,50
1719462558085,24.05,50
1719462558085,24.05,50
1719462561392,24.05,25
1719462561392,24.05,25
1719462563096,24.15,300
1719462563236,24.25,25
1719462563236,24.25,25
1719462564394,24.05,125
1719462564394,24.05,125
1719462567331,23.95,125
1719462567574,24.05,150
1719462567892,23.9,25
1719462568979,23.9,200
1719462568979,23.9,200
1719462570400,23.9,25
1719462570400,23.9,25
1719462572719,23.85,25
1719462572719,23.85,25
1719462573537,23.8,25
1719462573727,24.05,250
1719462573727,24.05,250
1719462575271,23.95,50
1719462575809,24.05,150
1719462577157,24.15,25
1719462577157,24.15,25
1719462578143,24.25,50
1719462579311,24.3,25
1719462579311,24.3,25
1719462580345,24.2,225
1719462581118,24.2,125
1719462581325,24.2,125
1719462581863,24.25,100
1719462581863,24.25,100
1719462583132,24.2,225
1719462584055,24.2,25
1719462584055,24.2,25
1719462584785,24.05,175
1719462584785,24.05,175
1719462584785,24.05,175
1719462584785,24.05,175
1719462590714,24.15,200
1719462590714,24.15,200
1719462591697,24.0,25
1719462591697,24.0,25
1719462592949,24.05,150
1719462592949,24.05,150
1719462594797,24.0,25
1719462595855,23.9,75
1719462595871,23.95,100
1719462595871,23.95,100
1719462597099,24.15,25
1719462597099,24.15,25
1719462597099,24.15,25
1719462597099,24.15,25
1719462600738,23.6,500
1719462600738,23.6,500
1719462601629,23.45,50
1719462602410,23.65,25
1719462602410,23.65,25
1719462602410,23.65,25
1719462604965,23.9,50
1719462604965,23.9,50
1719462606292,24.05,50
1719462607174,23.9,25
1719462607174,23.9,25
1719462608412,24.0,75
1719462608943,23.9,125
1719462610656,24.1,225
1719462610656,24.1,225
1719462610656,24.1,225
1719462612176,24.05,100
1719462612176,24.05,100
1719462613617,23.95,125
1719462613617,23.95,125
1719462615959,23.85,75
1719462615959,23.85,75
1719462617175,23.85,50
1719462617175,23.85,50
1719462618677,24.0,25
1719462619395,24.0,25
1719462619395,24.0,25
1719462620347,24.05,25
1719462620709,24.0,175
1719462620709,24.0,175
1719462620709,24.0,175
1719462623424,24.05,25
1719462624225,24.1,175
1719462624721,24.05,25
1719462626129,23.95,50
1719462626129,23.95,50
1719462626945,24.05,150
1719462627659,23.95,25
1719462627659,23.95,25
1719462628993,23.8,50
1719462628993,23.8,50
1719462628993,23.8,50
1719462630374,23.85,100
1719462630374,23.85,100
1719462631394,23.8,225
1719462632069,23.75,25
1719462632601,23.7,100
1719462632601,23.7,100
1719462632601,23.7,100
1719462635409,23.7,200
1719462635409,23.7,200
1719462636923,23.9,225
1719462637489,23.9,25
1719462637489,23.9,25
1719462638688,23.8,50
1719462639430,24.0,25
1719462639430,24.0,25
1719462642385,23.95,25
1719462642771,24.0,575
1719462643381,24.0,125
1719462643901,24.2,75
1719462643901,24.2,75
1719462644900,23.9,500
1719462644900,23.9,500
1719462647238,23.75,100
1719462647238,23.75,100
1719462649064,23.7,150
1719462649064,23.7,150
1719462650714,23.9,25
1719462650714,23.9,25
1719462652807,23.75,500
1719462652807,23.75,500
1719462655769,23.9,25
1719462655769,23.9,25
1719462656306,23.85,25
1719462657574,23.75,25
1719462657780,23.75,25
1719462658004,23.65,200
1719462659251,23.6,50
1719462659546,23.45,300
1719462659936,23.5,25
1719462660475,23.4,25
1719462660912,23.35,25
1719462661589,23.35,25
1719462662060,23.35,50
1719462662553,23.45,25
1719462662553,23.45,25
1719462704016,23.55,425
1719462704935,23.35,75
1719462705784,23.5,25
1719462705784,23.5,25
1719462707211,23.35,400
1719462707902,23.3,25
1719462708116,23.3,25
1719462708645,23.45,125
1719462709603,23.45,600
1719462710633,23.4,300
1719462710633,23.4,300
1719462711865,23.25,175
1719462712674,23.2,250
1719462713454,23.1,250
1719462714400,23.0,200
1719462714400,23.0,200
1719462715119,22.85,25
1719462715807,22.95,100
1719462715807,22.95,100
1719462717292,22.95,75
1719462717570,23.05,75
1719462718626,23.1,50
1719462719100,23.05,50
1719462719100,23.05,50
1719462719810,23.15,75
1719462719810,23.15,75
1719462720630,23.1,25
1719462721581,22.85,400
1719462722677,22.6,25
1719462722677,22.6,25
1719462723703,22.6,200
1719462724251,22.5,100
1719462724411,22.7,75
1719462725238,22.8,25
1719462726137,22.75,25
1719462726232,22.85,25
1719462727261,22.85,100
1719462727985,22.9,175
1719462727985,22.9,175
1719462729597,23.05,25
1719462729664,23.05,50
1719462730349,22.9,25
1719462731243,22.95,50
1719462732644,23.25,150
1719462733054,23.4,75
1719462734297,23.35,25
1719462734297,23.35,25
1719462734297,23.35,25
1719462737129,23.35,25
1719462737708,23.3,525
1719462738662,23.3,75
1719462739734,23.3,100
1719462740447,23.15,50
1719462740863,23.25,50
1719462740863,23.25,50
1719462742229,23.25,75
1719462742626,23.1,375
1719462742967,23.2,325
1719462744402,23.1,75
1719462744402,23.1,75
1719462745151,23.05,25
1719462745613,22.95,125
1719462746345,23.05,150
1719462747058,23.15,100
1719462747619,23.0,475
1719462747619,23.0,475
1719462749613,22.85,225
1719462749659,23.0,100
1719462749659,23.0,100
1719462750938,23.05,100
1719462750938,23.05,100
1719462752182,22.95,125
1719462752182,22.95,125
1719462753420,22.75,25
1719462754232,22.8,425
1719462755256,23.0,250
1719462756187,22.8,50
1719462756187,22.8,50
1719462757253,22.7,25
1719462757510,22.65,25
1719462758306,22.7,100
1719462759190,22.65,200
1719462759190,22.65,200
1719462760404,22.75,25
1719462761233,22.6,250
1719462761233,22.6,250
1719462762446,22.6,25
1719462762446,22.6,25
1719462763136,22.55,25
1719462763406,22.65,125
1719462764424,22.8,100
1719462765736,22.75,50
1719462765736,22.75,50
1719462766735,22.55,300
1719462767528,22.45,125
1719462767827,22.4,25
1719462768128,22.45,475
1719462769318,22.4,100
1719462769357,22.45,100
1719462769844,22.45,25
1719462771186,22.3,25
1719462771533,22.3,100
1719462771774,22.2,375
1719462772749,22.05,50
1719462773033,22.1,25
1719462773973,22.0,200
1719462773973,22.0,200
1719462774990,22.1,150
1719462776040,22.05,375
1719462776040,22.05,375
1719462777565,22.15,400
1719462777565,22.15,400
1719462777565,22.15,400
1719462779743,22.05,25
1719462779981,22.1,350
1719462779981,22.1,350
1719462779981,22.1,350
1719462782266,22.0,25
1719462782647,22.0,100
1719462782938,21.95,75
1719462784512,22.0,25
1719462784512,22.0,25
1719462785110,22.0,25
1719462785965,22.0,225
1719462785965,22.0,225
1719462785965,22.0,225
1719462788548,21.8,550
1719462789685,21.8,100
1719462789685,21.8,100
1719462790277,21.6,25
1719462790949,21.6,500
1719462790949,21.6,500
1719462790949,21.6,500
1719462793129,21.8,25
1719462794108,21.85,25
1719462794582,21.65,25
1719462795370,21.7,325
1719462795370,21.7,325
1719462796567,21.65,150
1719462797663,21.75,400
1719462797989,21.9,125
1719462797989,21.9,125
1719462799233,21.8,125
1719462799661,21.75,75
1719462800339,21.7,100
1719462801209,21.7,50
1719462802233,21.7,25
1719462802233,21.7,25
1719462803333,21.7,25
1719462804045,21.75,25
1719462804713,21.9,25
1719462804743,21.9,25
1719462804743,21.9,25
1719462806691,21.9,25
1719462806959,22.05,525
1719462807751,22.05,25
1719462808720,21.9,150
1719462808720,21.9,150
1719462809889,22.0,375
1719462809889,22.0,375
1719462809889,22.0,375
1719462811460,22.1,25
1719462812956,21.95,25
1719462812956,21.95,25
1719462813401,21.9,25
1719462814362,21.65,25
1719462814362,21.65,25
1719462815125,21.75,75
1719462816164,21.65,25
1719462816164,21.65,25
1719462816164,21.65,25
1719462816164,21.65,25
1719462821256,22.05,50
1719462821433,22.0,200
1719462822725,22.0,25
1719462822725,22.0,25
1719462823263,22.0,175
1719462824043,22.05,50
1719462824043,22.05,50
1719462825067,21.95,75
1719462826013,22.05,75
1719462826487,22.05,25
1719462828163,22.0,25
1719462828810,22.15,75
1719462828810,22.15,75
1719462830316,22.05,1775
1719462830911,22.0,50
1719462830911,22.0,50
1719462831818,22.1,375
1719462833129,21.95,25
1719462833129,21.95,25
1719462834181,22.05,200
1719462834181,22.05,200
1719462835811,22.0,25
1719462836067,22.05,100
1719462836067,22.05,100
1719462837769,22.15,50
1719462837769,22.15,50
1719462839754,21.9,25
1719462839754,21.9,25
1719462839754,21.9,25
1719462839754,21.9,25
1719462841722,22.0,375
1719462842958,22.2,25
1719462843132,22.15,125
1719462843132,22.15,125
1719462843749,22.15,375
1719462843749,22.15,375
1719462843749,22.15,375
1719462847600,22.5,250
1719462847997,22.5,25
1719462847997,22.5,25
1719462848472,22.5,275
1719462849423,22.5,25
1719462850492,22.5,25
1719462851090,22.55,25
1719462852420,22.45,50
1719462852773,22.45,25
1719462852773,22.45,25
1719462854591,22.5,25
1719462854797,22.55,25
1719462855085,22.5,25
1719462856028,22.5,75
1719462857595,22.55,100
1719462857686,22.4,425
1719462857686,22.4,425
1719462858646,22.5,100
1719462858646,22.5,100
1719462860282,22.55,25
1719462861226,22.5,125
1719462861226,22.5,125
1719462861780,22.45,50
1719462863035,22.4,250
1719462863035,22.4,250
1719462863035,22.4,250
1719462863035,22.4,250
1719462866539,22.4,75
1719462866997,22.5,1800
1719462866997,22.5,1800
1719462866997,22.5,1800
1719462866997,22.5,1800
1719462986385,22.5,100
1719462986385,22.5,100
1719462987583,22.5,50
1719462988164,22.4,250
1719462988164,22.4,250
1719463009582,21.85,25
1719463009873,21.9,50
1719463010565,21.75,375
1719463011581,21.8,100
1719463012110,21.8,75
1719463013325,21.8,50
1719463013586,21.95,175
1719463014071,21.95,500
1719463014071,21.95,500
1719463015313,21.75,25
1719463016570,21.85,25
1719463016570,21.85,25
1719463017598,21.75,200
1719463017598,21.75,200
1719463019478,21.75,25
1719463019801,21.7,25
1719463020174,21.7,75
1719463020174,21.7,75
1719463021257,21.5,175
1719463022673,21.7,100
1719463023202,21.55,50
1719463023202,21.55,50
1719463024282,21.45,100
1719463025466,21.45,50
1719463025793,21.65,100
1719463104734,22.3,300
1719463104734,22.3,300
1719463104734,22.3,300
1719463106816,22.3,150
1719463107848,22.4,250
1719463107848,22.4,250
1719463110006,22.55,50
1719463110383,22.55,25
1719463110383,22.55,25
1719463112010,22.45,25
1719463112010,22.45,25
1719463113913,22.4,325
1719463113913,22.4,325
1719463116216,22.4,175
1719463116216,22.4,175
1719463116946,22.5,175
1719463118243,22.4,25
1719463118243,22.4,25
1719463118745,22.5,25
1719463118745,22.5,25
1719463121599,22.1,25
1719463121905,22.2,50
1719463122702,21.9,25
1719463123473,22.15,25
1719463123637,22.15,25
1719463123637,22.15,25
1719463125377,22.15,25
1719463126260,22.0,500
1719463126260,22.0,500
1719463127915,21.95,100
1719463127915,21.95,100
1719463129512,22.2,25
1719463129512,22.2,25
1719463131657,22.2,25
1719463133074,22.0,425
1719463133282,22.05,100
1719463134349,21.95,25
1719463135063,22.0,50
1719463136666,21.9,25
1719463137492,21.95,25
1719463137492,21.95,25
1719463138799,21.8,200
1719463139774,21.6,125
1719463139774,21.6,125
1719463238613,21.95,25
1719463239467,21.95,25
1719463319941,21.6,25
1719463321313,21.6,150
1719463321980,21.6,125
1719463322579,21.45,25
1719463323381,21.5,25
1719463324470,21.55,25
1719463324470,21.55,25
1719463326065,21.55,25
1719463326065,21.55,25
1719463327107,21.6,25
1719463328066,21.8,550
1719463328139,21.75,25
1719463330334,21.8,25
1719463331041,21.75,75
1719463331865,21.8,50
1719463331865,21.8,50
1719463332318,21.7,550
1719463332780,21.75,75
1719463332780,21.75,75
1719463336854,21.8,200
1719463336854,21.8,200
1719463337393,21.75,200
1719463337393,21.75,200
1719463339865,21.75,75
1719463340293,21.85,25
1719463340293,21.85,25
1719463340293,21.85,25
1719463340293,21.85,25
1719463340293,21.85,25
1719463345739,21.8,100
1719463346655,21.85,25
1719463346655,21.85,25
1719463348854,22.0,125
1719463348854,22.0,125
1719463349503,21.95,75
1719463349503,21.95,75
1719463349503,21.95,75
1719463350587,21.7,100
1719463350587,21.7,100
1719463352299,22.0,100
1719463352299,22.0,100
1719463354067,21.9,25
1719463354600,21.9,50
1719463354600,21.9,50
1719463355643,21.75,25
1719463357030,21.5,225
1719463358050,21.65,125
1719463358717,21.6,200
1719463358717,21.6,200
1719463361950,21.6,250
1719463362119,21.5,25
1719463362651,21.75,100
1719463363533,21.85,25
1719463363533,21.85,25
1719463364641,21.8,400
1719463364641,21.8,400
1719463367063,21.95,25
1719463367063,21.95,25
1719463367063,21.95,25
1719463367063,21.95,25
1719463373062,21.75,100
1719463373062,21.75,100
1719463373062,21.75,100
1719463373062,21.75,100
1719463377699,21.8,25
1719463378127,21.8,25
1719463378127,21.8,25
1719463379665,22.0,50
1719463379888,22.0,675
1719463379888,22.0,675
1719463379888,22.0,675
1719463381884,22.1,450
1719463381884,22.1,450
1719463383771,22.2,75
1719463383771,22.2,75
1719463385012,21.7,25
1719463385408,21.7,25
1719463385408,21.7,25
1719463386189,21.7,25
1719463386877,21.55,100
1719463386877,21.55,100
1719463388075,21.55,25
1719463389692,21.55,25
1719463389984,21.7,25
1719463389984,21.7,25
1719463391354,21.7,25
1719463392104,21.8,100
1719463392104,21.8,100
1719463393195,21.75,25
1719463393195,21.75,25
1719463394113,21.95,25
1719463394113,21.95,25
1719463396194,21.85,600
1719463396194,21.85,600
1719463398163,22.0,25
1719463398779,22.0,25
1719463398902,22.0,25
1719463399555,22.0,100
1719463399555,22.0,100
1719463400718,22.0,175
1719463401314,21.95,225
1719463401314,21.95,225
1719463402237,22.0,25
1719463402902,22.0,25
1719463404495,22.1,25
1719463404495,22.1,25
1719463406893,22.2,25
1719463407159,22.3,250
1719463407338,22.2,125
1719463408375,22.1,25
1719463408375,22.1,25
1719463409683,22.3,25
1719463409683,22.3,25
1719463410482,22.3,25
1719463410744,22.3,50
1719463412038,22.15,50
1719463412153,22.15,50
1719463412684,22.15,25
1719463413301,22.0,25
1719463413849,22.05,25
1719463415485,22.15,25
1719463415485,22.15,25
1719463416724,22.2,25
1719463416798,22.2,25
1719463417863,22.2,25
1719463418515,22.15,25
1719463419526,22.25,25
1719463420609,22.25,25
1719463420609,22.25,25
1719463421621,22.1,75
1719463421621,22.1,75
1719463422267,22.25,25
1719463423089,22.25,25
1719463423089,22.25,25
1719463423089,22.25,25
1719463426035,22.05,50
1719463426035,22.05,50
1719463427624,22.2,25
1719463428507,22.45,25
1719463428507,22.45,25
1719463429430,22.4,50
1719463430347,22.15,250
1719463430347,22.15,250
1719463431285,22.1,25
1719463431285,22.1,25
1719463432747,22.4,25
1719463433702,22.2,150
1719463433702,22.2,150
1719463433702,22.2,150
1719463436308,22.1,25
1719463436713,22.05,25
1719463437124,22.1,25
1719463437521,22.1,25
1719463438758,22.1,25
1719463438922,22.1,25
1719463439737,22.1,25
1719463440191,22.1,25
1719463440601,22.1,25
1719463440931,22.05,25
1719463441949,22.1,25
1719463442197,22.1,25
1719463443057,22.0,25
1719463443623,22.0,25
1719463444736,21.9,125
1719463444736,21.9,125
1719463447182,22.2,25
1719463447182,22.2,25
1719463447908,22.2,25
1719463448741,22.15,25
1719463448741,22.15,25
1719463449426,22.15,25
1719463449426,22.15,25
1719463450468,22.1,25
1719463451473,22.15,25
1719463451473,22.15,25
1719463453458,22.2,75
1719463453458,22.2,75
1719463455058,22.0,100
1719463455253,22.1,25
1719463455253,22.1,25
1719463455253,22.1,25
1719463458068,22.1,50
1719463458068,22.1,50
1719463458891,22.0,25
1719463459722,22.05,25
1719463459722,22.05,25
1719463461389,22.15,25
1719463461389,22.15,25
1719463462942,22.2,25
1719463462942,22.2,25
1719463464145,22.05,25
1719463464410,22.15,25
1719463464410,22.15,25
1719463465589,22.05,50
1719463466697,22.15,25
1719463466768,22.2,100
1719463467218,22.15,100
1719463468834,22.2,375
1719463468834,22.2,375
1719463468971,22.15,25
1719463470031,22.2,225
1719463470431,22.05,25
1719463470698,22.0,25
1719463472130,22.0,200
1719463473158,22.15,25
1719463473158,22.15,25
1719463474422,22.1,25
1719463474634,22.1,25
1719463474634,22.1,25
1719463475839,22.05,125
1719463476869,22.0,125
1719463476869,22.0,125
1719463477682,22.1,50
1719463477994,22.3,25
1719463477994,22.3,25
1719463479243,22.3,75
1719463480194,22.4,100
1719463480194,22.4,100
1719463480194,22.4,100
1719463483309,22.6,25
1719463483309,22.6,25
1719463485033,22.45,25
1719463485033,22.45,25
1719463486112,22.35,25
1719463487127,22.4,25
1719463487127,22.4,25
1719463487127,22.4,25
1719463490933,22.45,25
1719463491454,22.55,100
1719463491454,22.55,100
1719463492719,22.6,25
1719463493806,22.45,25
1719463493806,22.45,25
1719463494232,22.45,25
1719463494232,22.45,25
1719463494232,22.45,25
1719463498650,22.4,100
1719463498650,22.4,100
1719463500024,22.45,25
1719463500024,22.45,25
1719463501044,22.35,25
1719463501044,22.35,25
1719463503497,22.4,25
1719463503667,22.45,100
1719463503667,22.45,100
1719463504112,22.45,25
1719463504112,22.45,25
1719463505756,22.55,25
1719463506779,22.55,25
1719463506779,22.55,25
1719463508354,22.45,25
1719463508354,22.45,25
1719463509580,22.35,25
1719463509580,22.35,25
1719463510461,22.35,350
1719463510461,22.35,350
1719463511306,22.5,25
1719463512068,22.55,25
1719463512359,22.6,25
1719463513685,22.5,25
1719463513685,22.5,25
1719463514664,22.45,50
1719463515443,22.5,25
1719463515443,22.5,25
1719463516514,22.55,25
1719463517105,22.5,400
1719463517742,22.4,125
1719463518637,22.45,50
1719463518637,22.45,50
1719463518637,22.45,50
1719463520918,22.45,25
1719463521676,22.4,25
1719463521676,22.4,25
1719463522479,22.4,25
1719463523046,22.35,25
1719463523046,22.35,25
1719463524204,22.25,25
1719463525277,22.2,650
1719463525277,22.2,650
1719463526272,22.25,325
1719463527008,22.2,75
1719463527447,22.3,100
1719463528526,22.3,25
1719463529405,22.4,50
1719463530190,22.4,25
1719463530190,22.4,25
1719463530190,22.4,25
1719463530190,22.4,25
1719463532565,22.2,25
1719463533507,22.35,25
1719463533507,22.35,25
1719463533507,22.35,25
1719463535734,22.3,150
1719463536853,22.3,50
1719463536853,22.3,50
1719463537446,22.1,25
1719463538984,22.25,25
1719463539260,22.3,25
1719463539260,22.3,25
1719463541751,22.4,25
1719463541751,22.4,25
1719463543960,22.35,25
1719463544118,22.35,25
1719463545198,22.3,25
1719463545198,22.3,25
1719463546757,22.3,25
1719463546757,22.3,25
1719463548720,22.4,25
1719463548720,22.4,25
1719463550193,22.1,25
1719463550416,22.1,25
1719463550416,22.1,25
1719463551574,22.3,25
1719463551574,22.3,25
1719463552958,22.3,25
1719463553710,22.5,100
1719463554973,22.45,25
1719463554973,22.45,25
1719463555821,22.55,25
1719463556615,22.45,25
1719463556615,22.45,25
1719463557445,22.45,25
1719463557825,22.4,25
1719463558866,22.5,25
1719463559269,22.35,25
1719463560077,22.5,25
1719463560394,22.4,25
1719463560860,22.4,25
1719463561777,22.5,25
1719463561777,22.5,25
1719463562565,22.4,25
1719463563424,22.4,25
1719463564118,22.6,375
1719463565443,22.55,25
1719463565743,22.55,25
1719463566680,22.55,75
1719463566680,22.55,75
1719463567381,22.6,25
1719463568125,22.6,25
1719463569389,22.65,25
1719463570521,22.6,25
1719463570791,22.55,25
1719463571111,22.45,25
1719463572237,22.35,25
1719463572237,22.35,25
1719463573705,22.65,275
1719463573950,22.5,25
1719463574762,22.45,25
1719463575239,22.6,175
1719463575747,22.45,25
1719463576797,22.45,25
1719463577314,22.45,50
1719463577314,22.45,50
1719463577963,22.45,125
1719463579049,22.45,125
1719463580005,22.45,125
1719463580005,22.45,125
1719463580750,22.45,25
1719463581756,22.45,125
1719463582341,22.45,25
1719463582341,22.45,25
1719463583805,22.45,25
1719463584026,22.45,1050
1719463584294,22.5,25
1719463585212,22.55,25
1719463585212,22.55,25
1719463586105,22.45,100
1719463587058,22.5,25
1719463587957,22.55,25
1719463588974,22.45,25
1719463588974,22.45,25
1719463589715,22.6,300
1719463590162,22.6,25
1719463590162,22.6,25
1719463590162,22.6,25
1719463590162,22.6,25
1719463593895,22.6,25
1719463593895,22.6,25
1719463593895,22.6,25
1719463598770,22.75,100
1719463598770,22.75,100
1719463599126,22.8,25
1719463599126,22.8,25
1719463602475,22.6,25
1719463602475,22.6,25
1719463603710,22.4,25
1719463603710,22.4,25
1719463604662,22.4,25
1719463605674,22.35,275
1719463605674,22.35,275
1719463606138,22.35,25
1719463606138,22.35,25
1719463607669,22.4,50
1719463608394,22.35,150
1719463608394,22.35,150
1719463609485,22.55,225
1719463610499,22.65,75
1719463610499,22.65,75
1719463612067,22.6,50
1719463612328,22.7,25
1719463612328,22.7,25
1719463613697,22.8,150
1719463613697,22.8,150
1719463615312,22.65,25
1719463615312,22.65,25
1719463616094,22.65,25
1719463616094,22.65,25
1719463618006,22.7,50
1719463618811,22.75,25
1719463618811,22.75,25
1719463618811,22.75,25
1719463620444,22.8,50
1719463620826,22.9,50
1719463622178,22.95,25
1719463622260,22.9,75
1719463623042,22.9,250
1719463623042,22.9,250
1719463623042,22.9,250
1719463624731,22.85,150
1719463625058,22.85,300
1719463625058,22.85,300
1719463626501,22.85,300
1719463626501,22.85,300
1719463629209,22.85,25
1719463629412,22.85,25
1719463629412,22.85,25
1719463630924,22.8,50
1719463632415,22.8,50
1719463633411,22.65,25
1719463633411,22.65,25
1719463635615,22.8,50
1719463635615,22.8,50
1719463636360,22.7,75
1719463637003,22.7,750
1719463637003,22.7,750
1719463637003,22.7,750
1719463639225,22.8,25
1719463640032,22.7,175
1719463640301,22.7,25
1719463640301,22.7,25
1719463641966,22.75,25
1719463642429,22.75,25
1719463642429,22.75,25
1719463643717,22.75,25
1719463644158,22.7,25
1719463644830,22.7,750
1719463644830,22.7,750
1719463645878,22.7,25
1719463646909,22.8,100
1719463646909,22.8,100
1719463648040,22.9,50
1719463648381,22.95,25
1719463649111,23.0,50
1719463649111,23.0,50
1719463649111,23.0,50
1719463650456,23.05,75
1719463650456,23.05,75
1719463650456,23.05,75
1719463652615,23.05,50
1719463653226,23.05,25
1719463653226,23.05,25
1719463654392,23.05,100
1719463654490,23.0,350
1719463654490,23.0,350
1719463655879,23.05,25
1719463656132,23.0,25
1719463656132,23.0,25
1719463657617,23.15,50
1719463657617,23.15,50
1719463660602,23.15,100
1719463660602,23.15,100
1719463661481,22.95,125
1719463662155,23.0,25
1719463662155,23.0,25
1719463663126,23.0,25
1719463664104,23.1,25
1719463664104,23.1,25
1719463664753,23.05,25
1719463665465,23.0,25
1719463665465,23.0,25
1719463665465,23.0,25
1719463667952,23.15,100
1719463668725,23.1,25
1719463668725,23.1,25
1719463669595,23.2,25
1719463670578,23.15,50
1719463670578,23.15,50
1719463670578,23.15,50
1719463673524,22.9,125
1719463673524,22.9,125
1719463674351,22.85,25
1719463675542,23.1,100
1719463675542,23.1,100
1719463676098,23.15,100
1719463676991,23.1,50
1719463677183,23.1,25
1719463677183,23.1,25
1719463677183,23.1,25
1719463679195,23.15,75
1719463679195,23.15,75
1719463680708,23.2,300
1719463680708,23.2,300
1719463681850,23.1,100
1719463681850,23.1,100
1719463682739,23.2,150
1719463683295,23.1,100
1719463683295,23.1,100
1719463684808,23.1,25
1719463685807,23.05,525
1719463685807,23.05,525
1719463686829,22.9,75
1719463686829,22.9,75
1719463688305,22.9,50
1719463688692,22.95,25
1719463689198,23.05,100
1719463689198,23.05,100
1719463690520,23.05,50
1719463690520,23.05,50
1719463690520,23.05,50
1719463693152,23.1,25
1719463693852,23.05,50
1719463693852,23.05,50
1719463695387,23.05,25
1719463695387,23.05,25
1719463696028,23.2,150
1719463697048,23.15,25
1719463697632,23.05,25
1719463698070,22.9,50
1719463699076,22.9,100
1719463699206,22.9,25
1719463699537,22.9,25
1719463699537,22.9,25
1719463701271,23.05,25
1719463701878,23.05,25
1719463702574,23.0,25
1719463702737,23.0,25
1719463703848,23.0,25
1719463703848,23.0,25
1719463704607,22.65,25
1719463705682,22.85,25
1719463705885,22.8,25
1719463706869,22.75,25
1719463707056,22.85,250
1719463707056,22.85,250
1719463708536,22.85,25
1719463708536,22.85,25
1719463709869,22.85,25
1719463709869,22.85,25
1719463710755,22.9,25
1719463710866,22.85,25
1719463711863,22.8,25
1719463712659,22.7,25
1719463712659,22.7,25
1719463713919,22.75,25
1719463713919,22.75,25
1719463714617,22.9,25
1719463714617,22.9,25
1719463714617,22.9,25
1719463717781,22.8,25
1719463717781,22.8,25
1719463719828,22.7,25
1719463719828,22.7,25
1719463719828,22.7,25
1719463723065,22.7,25
1719463723697,22.75,50
1719463723697,22.75,50
1719463724269,22.55,100
1719463724915,22.55,1550
1719463726255,22.55,25
1719463727539,22.65,25
1719463727539,22.65,25
1719463728786,22.8,25
1719463729272,22.95,25
1719463729272,22.95,25
1719463730500,22.7,500
1719463730500,22.7,500
1719463730500,22.7,500
1719463730500,22.7,500
1719463735836,22.7,75
1719463735836,22.7,75
1719463736049,22.7,25
1719463737340,22.5,25
1719463737340,22.5,25
1719463737970,22.5,50
1719463737970,22.5,50
1719463737970,22.5,50
1719463740791,22.6,25
1719463741187,22.6,50
1719463741187,22.6,50
1719463744267,22.7,25
1719463744267,22.7,25
1719463744267,22.7,25
1719463746108,22.55,100
1719463746628,22.6,25
1719463746628,22.6,25
1719463748561,22.6,25
1719463748883,22.5,100
1719463748883,22.5,100
1719463750642,22.6,50
1719463750805,22.6,50
1719463751521,22.45,100
1719463752522,22.45,50
1719463752522,22.45,50
1719463753444,22.55,25
1719463753444,22.55,25
1719463753444,22.55,25
1719463757075,22.6,250
1719463757563,22.5,50
1719463757563,22.5,50
1719463758914,22.45,100
1719463758914,22.45,100
1719463759882,22.35,50
1719463760553,22.3,50
1719463761070,22.25,25
1719463761757,22.3,50
1719463762227,22.3,50
1719463762227,22.3,50
1719463763866,22.3,50
1719463763866,22.3,50
1719463763866,22.3,50
1719463766299,22.3,75
1719463766446,22.35,25
1719463766446,22.35,25
1719463768446,22.45,50
1719463769100,22.4,150
1719463769181,22.4,50
1719463769181,22.4,50
1719463769181,22.4,50
1719463769181,22.4,50
1719463769181,22.4,50
1719463774098,22.25,50
1719463774098,22.25,50
1719463774449,22.25,100
1719463775414,22.2,100
1719463776507,22.2,50
1719463777668,22.15,25
1719463777668,22.15,25
1719463778735,22.2,25
1719463779312,22.2,25
1719463779312,22.2,25
1719463779312,22.2,25
1719463781451,22.2,125
1719463781451,22.2,125
1719463781451,22.2,125
1719463785952,22.25,25
1719463785952,22.25,25
1719463785952,22.25,25
1719463785952,22.25,25
1719463790136,22.2,25
1719463790136,22.2,25
1719463791357,22.15,50
1719463791357,22.15,50
1719463793614,22.2,50
1719463793998,22.1,50
1719463794918,22.1,100
1719463794918,22.1,100
1719463796643,22.2,100
1719463796643,22.2,100
1719463796643,22.2,100
1719463799494,22.35,25
1719463800071,22.25,25
1719463800071,22.25,25
1719463801616,22.3,50
1719463801847,22.2,50
1719463802030,22.2,25
1719463802030,22.2,25
1719463802987,22.35,250
1719463802987,22.35,250
1719463802987,22.35,250
1719463807112,22.4,25
1719463807356,22.35,25
1719463807356,22.35,25
1719463808866,22.25,50
1719463808866,22.25,50
1719463809793,22.25,50
1719463810871,22.2,50
1719463810871,22.2,50
1719463812457,22.25,375
1719463812834,22.25,50
1719463813948,22.0,250
1719463813948,22.0,250
1719463813948,22.0,250
1719463817480,22.25,25
1719463817672,22.35,25
1719463817672,22.35,25
1719463817672,22.35,25
1719463817672,22.35,25
1719463817672,22.35,25
1719463825395,22.3,25
1719463825395,22.3,25
1719463827435,22.5,200
1719463827812,22.35,475
1719463827812,22.35,475
1719463829706,22.5,25
1719463829706,22.5,25
1719463829706,22.5,25
1719463831110,22.55,25
1719463831110,22.55,25
1719463834354,22.5,25
1719463834492,22.55,300
1719463834492,22.55,300
1719463834492,22.55,300
1719463838428,22.65,50
1719463838428,22.65,50
1719463839621,22.6,50
1719463839621,22.6,50
1719463842126,22.8,25
1719463842400,22.8,100
1719463842400,22.8,100
1719463843722,22.95,250
1719463843722,22.95,250
1719463843722,22.95,250
1719463843722,22.95,250
1719463847768,22.75,100
1719463847768,22.75,100
1719463847768,22.75,100
1719463852423,22.95,250
1719463852423,22.95,250
1719463852423,22.95,250
1719463852423,22.95,250
1719463852423,22.95,250
1719463857810,22.85,100
1719463858865,22.8,25
1719463858865,22.8,25
1719463860827,22.75,25
1719463860827,22.75,25
1719463860827,22.75,25
1719463860827,22.75,25
1719463860827,22.75,25
1719463866166,22.85,50
1719463866166,22.85,50
1719463866166,22.85,50
1719463866166,22.85,50
1719463866166,22.85,50
1719463874017,22.9,25
1719463874017,22.9,25
1719463874977,22.95,25
1719463875686,23.0,500
1719463875686,23.0,500
1719463876476,23.0,25
1719463876476,23.0,25
1719463878736,22.8,50
1719463878736,22.8,50
1719463878736,22.8,50
1719463882426,22.65,25
1719463882426,22.65,25
1719463883464,22.75,50
1719463883464,22.75,50
1719463883464,22.75,50
1719463883464,22.75,50
1719463883464,22.75,50
1719463883464,22.75,50
1719463883464,22.75,50
1719463883464,22.75,50
1719463883464,22.75,50
1719463883464,22.75,50
1719463883464,22.75,50
1719463899070,22.65,1775
1719463899070,22.65,1775
1719463899827,22.7,100
1719463901020,22.55,125
1719463901020,22.55,125
1719463901805,22.55,25
1719463902939,22.6,25
1719464035731,22.95,75
1719464035731,22.95,75
1719464035731,22.95,75
1719464035731,22.95,75
1719464035731,22.95,75
1719464035731,22.95,75
1719464035731,22.95,75
1719464035731,22.95,75
1719464045983,23.1,50
1719464045983,23.1,50
1719464046841,23.1,100
1719464046841,23.1,100
1719464046841,23.1,100
1719464049757,23.15,25
1719464050508,23.2,500
1719464050508,23.2,500
1719464050508,23.2,500
1719464050508,23.2,500
1719464054830,23.0,50
1719464055378,22.95,325
1719464055378,22.95,325
1719464056459,22.9,200
1719464057196,22.85,200
1719464057678,22.95,25
1719464058054,22.95,25
1719464059009,23.0,25
1719464059009,23.0,25
1719464059009,23.0,25
1719464062177,23.15,100
1719464062177,23.15,100
1719464064464,23.35,25
1719464064464,23.35,25
1719464064464,23.35,25
1719464064464,23.35,25
1719464064464,23.35,25
1719464064464,23.35,25
1719464064464,23.35,25
1719464064464,23.35,25
1719464073166,23.2,125
1719464073166,23.2,125
1719464074962,23.2,225
1719464074962,23.2,225
1719464077253,23.2,25
1719464077622,23.1,25
1719464077622,23.1,25
1719464077622,23.1,25
1719464077622,23.1,25
1719464077622,23.1,25
1719464083429,23.25,100
1719464084381,23.35,50
1719464084381,23.35,50
1719464084381,23.35,50
1719464089167,23.2,100
1719464089595,23.25,200
1719464089595,23.25,200
1719464089595,23.25,200
1719464089595,23.25,200
1719464094186,22.8,200
1719464094186,22.8,200
1719464094186,22.8,200
1719464094186,22.8,200
1719464094186,22.8,200
1719464094186,22.8,200
1719464101224,23.0,50
1719464101224,23.0,50
1719464101224,23.0,50
1719464101224,23.0,50
1719464101224,23.0,50
1719464106928,22.85,50
1719464106928,22.85,50
1719464106928,22.85,50
1719464106928,22.85,50
1719464106928,22.85,50
1719464106928,22.85,50
1719464106928,22.85,50
1719464106928,22.85,50
1719464106928,22.85,50
1719464120230,22.75,50
1719464120625,22.75,525
1719464122108,22.75,25
1719464122108,22.75,25
1719464122108,22.75,25
1719464122108,22.75,25
1719464126465,22.9,75
1719464127685,22.95,25
1719464127685,22.95,25
1719464129319,22.85,150
1719464129319,22.85,150
1719464129319,22.85,150
1719464129319,22.85,150
1719464129319,22.85,150
1719464134494,23.0,25
1719464134494,23.0,25
1719464136844,23.15,50
1719464137115,23.2,25
1719464137603,23.2,50
1719464137603,23.2,50
1719464139391,23.3,100
1719464139391,23.3,100
1719464139391,23.3,100
1719464139391,23.3,100
1719464139391,23.3,100
1719464145235,23.0,25
1719464145785,23.1,325
1719464145785,23.1,325
1719464145785,23.1,325
1719464148559,23.05,25
1719464149455,23.05,25
1719464149455,23.05,25
1719464152196,23.1,500
1719464152900,23.05,375
1719464152900,23.05,375
1719464154064,23.0,375
1719464154064,23.0,375
1719464154064,23.0,375
1719464154064,23.0,375
1719464158608,23.35,300
1719464158608,23.35,300
1719464158608,23.35,300
1719464158608,23.35,300
1719464158608,23.35,300
1719464158608,23.35,300
1719464158608,23.35,300
1719464166748,23.25,100
1719464167144,23.25,100
1719464167144,23.25,100
1719464169146,23.25,100
1719464169146,23.25,100
1719464169146,23.25,100
1719464173206,23.2,125
1719464173206,23.2,125
1719464176173,23.3,25
1719464176173,23.3,25
1719464176173,23.3,25
1719464177291,23.3,200
1719464177291,23.3,200
1719464179653,23.25,100
1719464179653,23.25,100
1719464179653,23.25,100
1719464181783,23.05,25
1719464181783,23.05,25
1719464184190,23.0,25
1719464184190,23.0,25
1719464184190,23.0,25
1719464187473,23.1,425
1719464188120,23.15,150
1719464189766,23.2,125
1719464190632,23.3,25
1719464190632,23.3,25
1719464192001,23.35,100
1719464192001,23.35,100
1719464193550,23.45,50
1719464193550,23.45,50
1719464195918,23.2,25
1719464195918,23.2,25
1719464195918,23.2,25
1719464198256,23.05,25
1719464199181,23.15,275
1719464199181,23.15,275
1719464200719,23.15,50
1719464200719,23.15,50
1719464200719,23.15,50
1719464200719,23.15,50
1719464200719,23.15,50
1719464200719,23.15,50
1719464200719,23.15,50
1719464200719,23.15,50
1719464200719,23.15,50
1719464213391,23.15,275
1719464213782,23.25,50
1719464213782,23.25,50
1719464216181,23.2,25
1719464216181,23.2,25
1719464216552,23.15,25
1719464216552,23.15,25
1719464218697,22.95,25
1719464218969,22.8,100
1719464218969,22.8,100
1719464219941,22.8,25
1719464219941,22.8,25
1719464219941,22.8,25
1719464224574,22.9,50
1719464224741,22.85,100
1719464224741,22.85,100
1719464226053,22.7,25
1719464226053,22.7,25
1719464227879,22.8,150
1719464227879,22.8,150
1719464228543,22.6,125
1719464229219,22.55,150
1719464229219,22.55,150
1719464230982,22.5,25
1719464231256,22.35,150
1719464231256,22.35,150
1719464233624,22.5,50
1719464233859,22.5,175
1719464234226,22.55,25
1719464235198,22.5,100
1719464236350,22.35,425
1719464236542,22.35,75
1719464236542,22.35,75
1719464238367,22.35,150
1719464238367,22.35,150
1719464238367,22.35,150
1719464238367,22.35,150
1719464243404,22.5,250
1719464244631,22.4,175
1719464244631,22.4,175
1719464247021,22.1,100
1719464247215,22.2,425
1719464248263,22.0,75
1719464248263,22.0,75
1719464249488,21.8,50
1719464249670,22.05,200
1719464249670,22.05,200
1719464250486,22.05,125
1719464250486,22.05,125
1719464251971,21.9,300
1719464253213,21.9,50
1719464253213,21.9,50
1719464254404,21.8,450
1719464254404,21.8,450
1719464255596,22.05,25
1719464255596,22.05,25
1719464255596,22.05,25
1719464258356,21.9,25
1719464258875,21.75,50
1719464258875,21.75,50
1719464259937,22.0,75
1719464259937,22.0,75
1719464259937,22.0,75
1719464263753,21.8,225
1719464263753,21.8,225
1719464265199,21.8,25
1719464265813,21.8,25
1719464265813,21.8,25
1719464265813,21.8,25
1719464269011,21.8,50
1719464269011,21.8,50
1719464269011,21.8,50
1719464271762,22.0,25
1719464272157,22.05,50
1719464272157,22.05,50
1719464274446,22.1,350
1719464274446,22.1,350
1719464274446,22.1,350
1719464277382,22.0,25
1719464277382,22.0,25
1719464277382,22.0,25
1719464277382,22.0,25
1719464280453,22.2,25
1719464281213,22.15,25
1719464281213,22.15,25
1719464281867,22.15,375
1719464282671,22.0,25
1719464282671,22.0,25
1719464284571,22.1,50
1719464284879,21.9,25
1719464284879,21.9,25
1719464284879,21.9,25
1719464284879,21.9,25
1719464284879,21.9,25
1719464284879,21.9,25
1719464291818,21.9,25
1719464292132,21.7,25
1719464292132,21.7,25
1719464294741,21.85,25
1719464295404,21.95,25
1719464295557,22.0,175
1719464295557,22.0,175
1719464295557,22.0,175
1719464298423,22.0,250
1719464298988,21.9,25
1719464298988,21.9,25
1719464301020,21.95,100
1719464301020,21.95,100
1719464303048,21.95,25
1719464304400,21.9,25
1719464304761,22.0,50
1719464304761,22.0,50
1719464304761,22.0,50
1719464307155,22.1,25
1719464307155,22.1,25
1719464308740,22.0,25
1719464308740,22.0,25
1719464310005,21.85,25
1719464310005,21.85,25
1719464310329,21.8,50
1719464310329,21.8,50
1719464311603,22.0,325
1719464313312,22.05,25
1719464313623,21.9,400
1719464314583,21.7,50
1719464314583,21.7,50
1719464316015,21.8,25
1719464316015,21.8,25
1719464317518,21.75,25
1719464318212,21.85,25
1719464318212,21.85,25
1719464318584,21.85,175
1719464318584,21.85,175
1719464318584,21.85,175
1719464321714,21.85,300
1719464322918,22.0,100
1719464322918,22.0,100
1719464322918,22.0,100
1719464325179,21.9,50
1719464325568,22.1,75
1719464325568,22.1,75
1719464327595,22.1,50
1719464328076,22.3,25
1719464328076,22.3,25
1719464329085,22.3,1475
1719464329858,22.5,125
1719464329858,22.5,125
1719464329858,22.5,125
1719464333100,22.05,25
1719464333100,22.05,25
1719464334247,22.05,250
1719464334247,22.05,250
1719464335323,22.05,50
1719464335323,22.05,50
1719464335323,22.05,50
1719464335323,22.05,50
1719464340524,21.95,25
1719464340524,21.95,25
1719464342011,22.2,600
1719464342390,22.05,125
1719464343006,22.25,50
1719464343006,22.25,50
1719464344353,22.1,125
1719464344353,22.1,125
1719464345056,22.1,300
1719464346197,22.25,50
1719464346197,22.25,50
1719464348331,22.15,25
1719464348331,22.15,25
1719464348331,22.15,25
1719464348331,22.15,25
1719464353941,22.25,25
1719464353941,22.25,25
1719464356404,22.15,25
1719464356404,22.15,25
1719464359244,22.05,100
1719464359244,22.05,100
1719464361353,22.05,75
1719464361353,22.05,75
1719464361967,22.0,100
1719464362888,22.1,25
1719464362888,22.1,25
1719464362888,22.1,25
1719464365115,22.05,150
1719464366093,22.15,25
1719464366093,22.15,25
1719464366093,22.15,25
1719464366093,22.15,25
1719464366093,22.15,25
1719464366093,22.15,25
1719464366093,22.15,25
1719464366093,22.15,25
1719464375478,22.1,25
1719464376306,22.1,75
1719464376645,22.05,150
1719464376645,22.05,150
1719464376645,22.05,150
1719464379014,22.1,75
1719464380032,22.15,125
1719464380032,22.15,125
1719464380032,22.15,125
1719464384693,22.15,25
1719464384693,22.15,25
1719464385292,22.15,25
1719464385540,22.15,25
1719464385540,22.15,25
1719464387464,22.2,25
1719464387464,22.2,25
1719464389101,22.3,75
1719464389101,22.3,75
1719464390126,22.3,25
1719464390126,22.3,25
1719464390126,22.3,25
1719464393528,22.15,75
1719464394076,22.15,50
1719464394667,22.25,75
1719464394667,22.25,75
1719464394667,22.25,75
1719464394667,22.25,75
1719464399687,22.15,75
1719464399687,22.15,75
1719464399687,22.15,75
1719464399687,22.15,75
1719464401965,22.25,150
1719464403043,22.3,25
1719464403043,22.3,25
1719464404430,22.1,100
1719464404430,22.1,100
1719464405572,22.05,100
1719464405912,22.0,50
1719464406389,22.1,400
1719464406389,22.1,400
1719464408091,22.2,225
1719464408091,22.2,225
1719464408091,22.2,225
1719464410425,22.1,25
1719464410425,22.1,25
1719464412604,22.15,25
1719464413405,22.25,25
1719464413405,22.25,25
1719464413405,22.25,25
1719464418060,22.25,25
1719464418060,22.25,25
1719464418060,22.25,25
1719464420188,21.95,25
1719464420188,21.95,25
1719464420188,21.95,25
1719464420188,21.95,25
1719464425425,22.1,325
1719464425425,22.1,325
1719464425425,22.1,325
1719464425425,22.1,325
1719464430363,22.0,150
1719464430671,21.9,250
1719464430671,21.9,250
1719464430671,21.9,250
1719464430671,21.9,250
1719464435738,21.9,150
1719464435738,21.9,150
1719464436865,21.85,25
1719464437759,21.8,100
1719464438043,21.8,100
1719464439266,21.8,175
1719464439266,21.8,175
1719464439266,21.8,175
1719464439266,21.8,175
1719464439266,21.8,175
1719464439266,21.8,175
1719464439266,21.8,175
1719464448800,21.85,25
1719464448800,21.85,25
1719464448800,21.85,25
1719464448800,21.85,25
1719464453595,22.0,1500
1719464454677,21.85,25
1719464454880,21.85,50
1719464454880,21.85,50
1719464454880,21.85,50
1719464454880,21.85,50
1719464459586,21.9,25
1719464459963,21.9,25
1719464460275,21.95,75
1719464461405,22.0,25
1719464461722,22.0,75
1719464461722,22.0,75
1719464463474,22.0,25
1719464463474,22.0,25
1719464463474,22.0,25
1719464465644,22.0,25
1719464465644,22.0,25
1719464468556,21.9,25
1719464468556,21.9,25
1719464468953,21.9,50
1719464468953,21.9,50
1719464471293,21.75,100
1719464471652,21.65,250
1719464472459,21.75,25
1719464473358,21.75,25
1719464473358,21.75,25
1719464474118,21.65,25
1719464475122,21.7,25
1719464475122,21.7,25
1719464476225,21.65,25
1719464476559,21.7,50
1719464477272,21.6,350
1719464478177,21.6,200
1719464478177,21.6,200
1719464479551,21.75,25
1719464479551,21.75,25
1719464479551,21.75,25
1719464480644,21.8,25
1719464480644,21.8,25
1719464482512,21.75,25
1719464482512,21.75,25
1719464484784,21.85,300
1719464484784,21.85,300
1719464485345,21.75,25
1719464485345,21.75,25
1719464485345,21.75,25
1719464485345,21.75,25
1719464490905,21.75,50
1719464491181,21.75,25
1719464491181,21.75,25
1719464492582,21.7,75
1719464492582,21.7,75
1719464494044,21.7,75
1719464494364,21.85,25
1719464494364,21.85,25
1719464496643,21.65,100
1719464497337,21.7,25
1719464497385,21.7,25
1719464497385,21.7,25
1719464498697,21.65,100
1719464499745,21.6,100
1719464499745,21.6,100
1719464500703,21.5,200
1719464500703,21.5,200
1719464502410,21.7,25
1719464502962,21.7,25
1719464503599,21.7,25
1719464503599,21.7,25
1719464505240,21.75,25
1719464505240,21.75,25
1719464505240,21.75,25
1719464505240,21.75,25
1719464505240,21.75,25
1719464505240,21.75,25
1719464512454,21.7,50
1719464512454,21.7,50
1719464515124,21.9,25
1719464515124,21.9,25
1719464515124,21.9,25
1719464520097,21.75,50
1719464520097,21.75,50
1719464521574,21.9,25
1719464521618,21.9,25
1719464522366,22.0,25
1719464522783,22.05,50
1719464522783,22.05,50
1719464522783,22.05,50
1719464526326,21.65,25
1719464526326,21.65,25
1719464526326,21.65,25
1719464526326,21.65,25
1719464531051,21.75,150
1719464531481,21.65,25
1719464531669,21.7,25
1719464531669,21.7,25
1719464533411,21.6,200
1719464533411,21.6,200
1719464533411,21.6,200
1719464533411,21.6,200
1719464537299,21.75,25
1719464538502,21.8,25
1719464538775,21.85,25
1719464538775,21.85,25
1719464540953,21.85,25
1719464541083,21.8,25
1719464541083,21.8,25
1719464541083,21.8,25
1719464544488,21.85,25
1719464544488,21.85,25
1719464545900,21.95,25
1719464545900,21.95,25
1719464548247,21.85,25
1719464548247,21.85,25
1719464549303,21.8,25
1719464549609,21.9,25
1719464549609,21.9,25
1719464549609,21.9,25
1719464550706,22.0,100
1719464550706,22.0,100
1719464550706,22.0,100
1719464550706,22.0,100
1719464555517,21.8,200
1719464555855,21.8,100
1719464557008,21.9,25
1719464557008,21.9,25
1719464557008,21.9,25
1719464559151,21.85,25
1719464559151,21.85,25
1719464561386,21.9,25
1719464561859,21.9,25
1719464562270,21.9,25
1719464562270,21.9,25
1719464562270,21.9,25
1719464562270,21.9,25
1719464562270,21.9,25
1719464562270,21.9,25
1719464570490,21.95,25
1719464570703,21.95,50
1719464572134,21.9,100
1719464572134,21.9,100
1719464573142,21.9,25
1719464573142,21.9,25
1719464574058,21.85,100
1719464575053,21.95,100
1719464575053,21.95,100
1719464575656,21.95,25
1719464576525,21.95,25
1719464576525,21.95,25
1719464576525,21.95,25
1719464579236,21.9,25
1719464579236,21.9,25
1719464579236,21.9,25
1719464583078,21.9,25
1719464583450,21.9,75
1719464583450,21.9,75
1719464583450,21.9,75
1719464583450,21.9,75
1719464587657,21.9,25
1719464588098,21.9,25
1719464588098,21.9,25
1719464589334,21.9,25
1719464589334,21.9,25
1719464590701,22.1,50
1719464591192,22.15,25
1719464591192,22.15,25
1719464593313,22.05,25
1719464593747,22.15,25
1719464594233,22.05,25
1719464595011,21.95,50
1719464595011,21.95,50
1719464595736,22.0,50
1719464595736,22.0,50
1719464597281,21.9,450
1719464597281,21.9,450
1719464599264,22.1,50
1719464599264,22.1,50
1719464600842,22.3,150
1719464601481,22.6,25
1719464601481,22.6,25
1719464602559,22.7,50
1719464603643,22.55,150
1719464603643,22.55,150
1719464604617,22.45,250
1719464604617,22.45,250
1719464606582,22.6,25
1719464606798,22.9,125
1719464607777,22.9,50
1719464608282,22.8,25
1719464609804,23.15,25
1719464609975,22.9,150
1719464609975,22.9,150
1719464609975,22.9,150
1719464611315,23.0,125
1719464611763,23.45,25
1719464611763,23.45,25
1719464612320,24.3,25
1719464612320,24.3,25
1719464612602,24.25,25
1719464613000,25.1,50
1719464613352,25.85,50
1719464613884,25.75,100
1719464613884,25.75,100
1719464613884,25.75,100
1719464614859,25.25,250
1719464614859,25.25,250
1719464614859,25.25,250
1719464616581,24.4,100
1719464616581,24.4,100
1719464620481,23.65,25
1719464621781,23.5,125
1719464622807,23.45,25
1719464623743,23.45,75
1719464624605,23.25,125
1719464625254,23.15,25
1719464625254,23.15,25
1719464626689,23.6,25
1719464627209,23.65,350
1719464627209,23.65,350
1719464628496,23.6,25
1719464629772,23.3,25
1719464629772,23.3,25
1719464630913,23.2,100
1719464631913,23.55,25
1719464631913,23.55,25
1719464633723,23.8,200
1719464634568,23.9,375
1719464635316,24.0,250
1719464635316,24.0,250
1719464636741,24.5,125
1719464637106,24.6,25
1719464637106,24.6,25
1719464638334,24.35,25
1719464639291,24.3,75
1719464640006,23.9,75
1719464640006,23.9,75
1719464640006,23.9,75
1719464642845,24.0,25
1719464643487,23.9,250
1719464643729,24.0,25
1719464644416,23.9,25
1719464645278,23.55,25
1719464645486,23.8,50
1719464645920,23.85,25
1719464647206,23.25,50
1719464647206,23.25,50
1719464648327,23.35,25
1719464648449,23.45,25
1719464649233,23.7,25
1719464649233,23.7,25
1719464651147,24.0,225
1719464651562,24.05,25
1719464651562,24.05,25
1719464651562,24.05,25
1719464654003,23.9,125
1719464655060,23.9,100
1719464655060,23.9,100
1719464657028,23.9,225
1719464657028,23.9,225
1719464657508,24.0,25
1719464657508,24.0,25
1719464658939,23.8,25
1719464659452,23.75,25
1719464660402,23.5,25
1719464660535,23.45,25
1719464661319,23.65,25
1719464661319,23.65,25
1719464662160,23.75,25
1719464662160,23.75,25
1719464663710,23.8,150
1719464664080,23.75,25
1719464665351,24.3,25
1719464665351,24.3,25
1719464666609,23.85,25
1719464666820,23.9,25
1719464666820,23.9,25
1719464668737,24.0,25
1719464669757,23.9,250
1719464670112,23.85,125
1719464670112,23.85,125
1719464671384,23.8,25
1719464671824,23.8,25
1719464672582,23.7,225
1719464673264,23.8,25
1719464674195,23.8,25
1719464675447,23.6,25
1719464675566,23.6,25
1719464676249,23.8,50
1719464676478,23.65,225
1719464676478,23.65,225
1719464678382,23.75,25
1719464678382,23.75,25
1719464680455,23.9,25
1719464680455,23.9,25
1719464680455,23.9,25
1719464680455,23.9,25
1719464684240,23.7,50
1719464684493,23.75,25
1719464685398,23.75,25
1719464685398,23.75,25
1719464686714,23.8,25
1719464686714,23.8,25
1719464687447,23.9,25
1719464688202,24.15,25
1719464688202,24.15,25
1719464689153,23.85,25
1719464690175,23.9,25
1719464691558,24.2,25
1719464691558,24.2,25
1719464693280,24.15,25
1719464693508,24.1,25
1719464693800,24.1,25
1719464693800,24.1,25
1719464696637,24.7,25
1719464696637,24.7,25
1719464697484,24.65,25
1719464698415,24.65,25
1719464698415,24.65,25
1719464698830,24.75,25
1719464700079,25.0,25
1719464700417,24.9,675
1719464701301,25.0,25
1719464701301,25.0,25
1719464702380,25.35,25
1719464703632,25.3,50
1719464703632,25.3,50
1719464704861,25.45,25
1719464704861,25.45,25
1719464704861,25.45,25
1719464706378,25.15,25
1719464706677,25.15,75
1719464707474,25.15,25
1719464708656,25.0,25
1719464709527,24.95,25
1719464709849,24.75,300
1719464710642,24.8,25
1719464712129,24.65,25
1719464712129,24.65,25
1719464712665,24.5,25
1719464712665,24.5,25
1719464712665,24.5,25
1719464716251,24.3,50
1719464716729,24.3,175
1719464716729,24.3,175
1719464717184,24.3,25
1719464717184,24.3,25
1719464720109,24.5,50
1719464720109,24.5,50
1719464720109,24.5,50
1719464723047,25.0,25
1719464723683,25.05,25
1719464723683,25.05,25
1719464724311,24.85,25
1719464724311,24.85,25
1719464724311,24.85,25
1719464728383,24.9,75
1719464728383,24.9,75
1719464730175,24.7,100
1719464730175,24.7,100
1719464730638,24.8,125
1719464730638,24.8,125
1719464733613,24.55,50
1719464733613,24.55,50
1719464733613,24.55,50
1719464733613,24.55,50
1719464733613,24.55,50
1719464733613,24.55,50
1719464733613,24.55,50
1719464743460,24.45,50
1719464743460,24.45,50
1719464744132,24.35,25
1719464745115,24.6,100
1719464745601,24.6,25
1719464745601,24.6,25
1719464747258,24.25,25
1719464747258,24.25,25
1719464749405,24.1,25
1719464749405,24.1,25
1719464751524,24.0,25
1719464752020,24.0,25
1719464752020,24.0,25
1719464752020,24.0,25
1719464752020,24.0,25
1719464755835,24.0,50
1719464755835,24.0,50
1719464758035,23.7,50
1719464758035,23.7,50
1719464760101,23.7,25
1719464760101,23.7,25
1719464760101,23.7,25
1719464762161,24.0,25
1719464762441,24.0,25
1719464762441,24.0,25
1719464763866,24.2,25
1719464763866,24.2,25
1719464763866,24.2,25
1719464763866,24.2,25
1719464770041,23.85,25
1719464770041,23.85,25
1719464770697,23.7,225
1719464770697,23.7,225
1719464772497,23.8,300
1719464773062,23.8,400
1719464773787,23.85,25
1719464774496,23.95,300
1719464774723,24.05,50
1719464774723,24.05,50
1719464776113,23.9,625
1719464777030,24.05,100
1719464777030,24.05,100
1719464778150,24.05,75
1719464778150,24.05,75
1719464778869,24.1,75
1719464778869,24.1,75
1719464782092,24.25,25
1719464782092,24.25,25
1719464782309,24.45,75
1719464783292,24.35,25
1719464783520,24.25,725
1719464784129,24.2,725
1719464784129,24.2,725
1719464787213,23.75,50
1719464787213,23.75,50
1719464789279,23.85,200
1719464790218,23.9,525
1719464790644,23.9,75
1719464790644,23.9,75
1719464791527,24.2,50
1719464792051,24.25,25
1719464792633,24.3,150
1719464793348,24.5,25
1719464793348,24.5,25
1719464794482,24.5,125
1719464795510,24.45,375
1719464795874,24.65,125
1719464797254,24.25,25
1719464797464,24.3,100
1719464798553,24.35,100
1719464798553,24.35,100
1719464799182,24.2,150
1719464799182,24.2,150
1719464800825,24.35,50
1719464802309,24.25,25
1719464802521,24.2,25
1719464803168,24.0,625
1719464803168,24.0,625
1719464804504,24.25,25
1719464804990,24.25,50
1719464804990,24.25,50
1719464806477,24.05,25
1719464806681,24.1,75
1719464807313,24.1,75
1719464808195,24.0,125
1719464808195,24.0,125
1719464809315,24.1,25
1719464810466,24.25,250
1719464810466,24.25,250
1719464810805,24.15,225
1719464810805,24.15,225
1719464812336,24.4,25
1719464813574,24.45,25
1719464813574,24.45,25
1719464813574,24.45,25
1719464813574,24.45,25
1719464813574,24.45,25
1719464813574,24.45,25
1719464820478,24.3,75
1719464820478,24.3,75
1719464822300,24.0,1000
1719464822732,24.15,150
1719464822732,24.15,150
1719464823985,24.2,175
1719464824907,24.3,200
1719464824907,24.3,200
1719464826879,24.4,300
1719464826879,24.4,300
1719464827732,24.45,25
1719464827732,24.45,25
1719464828966,24.2,125
1719464829801,24.0,125
1719464829801,24.0,125
1719464830607,23.85,25
1719464831417,23.7,25
1719464831831,23.6,50
1719464831831,23.6,50
1719464831831,23.6,50
1719464831831,23.6,50
1719464835559,23.95,75
1719464835985,24.0,450
1719464835985,24.0,450
1719464835985,24.0,450
1719464838982,23.85,25
1719464838982,23.85,25
1719464841787,23.7,50
1719464841787,23.7,50
1719464843656,23.6,25
1719464843656,23.6,25
1719464846474,23.6,500
1719464847031,23.6,1600
1719464847031,23.6,1600
1719464847674,23.6,500
1719464847674,23.6,500
1719464850039,23.55,25
1719464850039,23.55,25
1719464850914,23.65,25
1719464850914,23.65,25
1719464853764,23.6,25
1719464853764,23.6,25
1719464853764,23.6,25
1719464853764,23.6,25
1719464857737,23.25,25
1719464857993,23.05,25
1719464859303,23.2,250
1719464859303,23.2,250
1719464859303,23.2,250
1719464859303,23.2,250
1719464864136,23.9,200
1719464864136,23.9,200
1719464864136,23.9,200
1719464868083,23.25,100
1719464868749,23.4,25
1719464868749,23.4,25
1719464868749,23.4,25
1719464871662,23.45,25
1719464871777,23.3,100
1719464871777,23.3,100
1719464872776,23.45,325
1719464872776,23.45,325
1719464874070,23.4,25
1719464875655,23.3,425
1719464875655,23.3,425
1719464875655,23.3,425
1719464875655,23.3,425
1719464875655,23.3,425
1719464881927,23.5,275
1719464882177,23.75,125
1719464882177,23.75,125
1719464882177,23.75,125
1719464882177,23.75,125
1719464882177,23.75,125
1719464882177,23.75,125
1719464882177,23.75,125
1719464882177,23.75,125
1719464893248,23.85,100
1719464893595,23.9,75
1719464893595,23.9,75
1719464894045,24.0,25
1719464894045,24.0,25
1719464894045,24.0,25
1719464897609,24.0,100
1719464898724,24.0,25
1719464898724,24.0,25
1719464898724,24.0,25
1719464901683,24.1,25
1719464901683,24.1,25
1719464903022,24.0,25
1719464903022,24.0,25
1719464904561,23.55,25
1719464905008,23.5,100
1719464905008,23.5,100
1719464906466,23.1,175
1719464906466,23.1,175
1719464906466,23.1,175
1719464906466,23.1,175
1719464910278,23.0,25
1719464910278,23.0,25
1719464911586,23.0,150
1719464911586,23.0,150
1719464913775,23.1,25
1719464913775,23.1,25
1719464913775,23.1,25
1719464916518,23.2,100
1719464916518,23.2,100
1719464917868,23.6,25
1719464917868,23.6,25
1719464917868,23.6,25
1719464917868,23.6,25
1719464923222,23.35,25
1719464923222,23.35,25
1719464925216,23.6,1350
1719464925216,23.6,1350
1719464925216,23.6,1350
1719464928718,23.65,25
1719464928718,23.65,25
1719464928718,23.65,25
1719464928718,23.65,25
1719464928718,23.65,25
1719464934900,23.9,50
1719464934900,23.9,50
1719464934900,23.9,50
1719464937878,23.9,100
1719464938810,23.75,125
1719464938810,23.75,125
1719464939645,23.45,25
1719464939645,23.45,25
1719464939645,23.45,25
1719464939645,23.45,25
1719464943833,23.7,100
1719464943833,23.7,100
1719464944204,23.6,25
1719464944204,23.6,25
1719464946383,23.6,25
1719464946848,23.6,250
1719464946848,23.6,250
1719464946848,23.6,250
1719464946848,23.6,250
1719464946848,23.6,250
1719464946848,23.6,250
1719464946848,23.6,250
1719464946848,23.6,250
1719464958834,23.95,25
1719464958834,23.95,25
1719464958834,23.95,25
1719464958834,23.95,25
1719464963984,24.05,50
1719464963984,24.05,50
1719464967303,23.75,25
1719464967303,23.75,25
1719464967303,23.75,25
1719464967303,23.75,25
1719464967303,23.75,25
1719464972009,24.25,350
1719464972009,24.25,350
1719464972706,24.25,325
1719464973002,24.25,25
1719464973683,24.2,25
1719464974268,24.1,25
1719464975260,24.2,25
1719464975260,24.2,25
1719464975260,24.2,25
1719464975260,24.2,25
1719464975260,24.2,25
1719464975260,24.2,25
1719464982995,24.2,100
1719464982995,24.2,100
1719464982995,24.2,100
1719464982995,24.2,100
1719464987753,24.15,75
1719464989057,24.3,25
1719464989057,24.3,25
1719464991172,24.5,1150
1719464991172,24.5,1150
1719464991172,24.5,1150
1719464994750,24.15,25
1719464994750,24.15,25
1719464996503,24.25,250
1719464996503,24.25,250
1719464996503,24.25,250
1719464996503,24.25,250
1719464996503,24.25,250
1719464996503,24.25,250
1719464996503,24.25,250
1719465004513,24.15,25
1719465004513,24.15,25
1719465004513,24.15,25
1719465004513,24.15,25
1719465009955,24.5,75
1719465009955,24.5,75
1719465009955,24.5,75
1719465012691,24.55,25
1719465012691,24.55,25
1719465012691,24.55,25
1719465012691,24.55,25
1719465018448,24.65,25
1719465018740,24.5,25
1719465018740,24.5,25
1719465020481,24.25,50
1719465020481,24.25,50
1719465022703,24.5,50
1719465023538,24.55,25
1719465023538,24.55,25
1719465025682,25.0,25
1719465025682,25.0,25
1719465025682,25.0,25
1719465027559,24.7,100
1719465027881,24.55,100
1719465029092,24.3,150
1719465029092,24.3,150
1719465030037,24.2,100
1719465030037,24.2,100
1719465030037,24.2,100
1719465030037,24.2,100
1719465033795,24.2,25
1719465033795,24.2,25
1719465033795,24.2,25
1719465036387,23.95,100
1719465036583,23.95,25
1719465036583,23.95,25
1719465037600,24.0,125
1719465037633,24.0,125
1719465037633,24.0,125
1719465037633,24.0,125
1719465037633,24.0,125
1719465037633,24.0,125
1719465037633,24.0,125
1719465037633,24.0,125
1719465037633,24.0,125
1719465049614,24.1,25
1719465049614,24.1,25
1719465049614,24.1,25
1719465049614,24.1,25
1719465049614,24.1,25
1719465057274,24.35,100
1719465057274,24.35,100
1719465057274,24.35,100
1719465059301,24.9,150
1719465059301,24.9,150
1719465059301,24.9,150
1719465060974,24.8,250
1719465060974,24.8,250
1719465063324,24.65,75
1719465063840,24.7,25
1719465064162,24.7,475
1719465064162,24.7,475
1719465064162,24.7,475
1719465064162,24.7,475
1719465064162,24.7,475
1719465069787,25.0,350
1719465069958,24.9,75
1719465069958,24.9,75
1719465071539,24.8,25
1719465071539,24.8,25
1719465071539,24.8,25
1719465071539,24.8,25
1719465075936,24.65,100
1719465075936,24.65,100
1719465078985,24.65,25
1719465079171,24.6,275
1719465079171,24.6,275
1719465079171,24.6,275
1719465079171,24.6,275
1719465079171,24.6,275
1719465079171,24.6,275
1719465088613,24.95,25
1719465088613,24.95,25
1719465089420,24.9,75
1719465089420,24.9,75
1719465089420,24.9,75
1719465091502,25.1,25
1719465091502,25.1,25
1719465093770,25.15,200
1719465093770,25.15,200
1719465095945,24.9,50
1719465096284,24.95,25
1719465096284,24.95,25
1719465098665,25.2,25
1719465098665,25.2,25
1719465098665,25.2,25
1719465098665,25.2,25
1719465098665,25.2,25
1719465098665,25.2,25
1719465107501,25.25,25
1719465107501,25.25,25
1719465109536,25.4,25
1719465109536,25.4,25
1719465111468,25.2,250
1719465111468,25.2,250
1719465111468,25.2,250
1719465114782,25.55,25
1719465114782,25.55,25
1719465116771,25.6,50
1719465116771,25.6,50
1719465116771,25.6,50
1719465119739,25.5,50
1719465119739,25.5,50
1719465119739,25.5,50
1719465119739,25.5,50
1719465124039,25.05,25
1719465124039,25.05,25
1719465126385,25.4,25
1719465126385,25.4,25
1719465126385,25.4,25
1719465126385,25.4,25
1719465131973,25.4,50
1719465132558,25.3,125
1719465132558,25.3,125
1719465133375,25.2,550
1719465133375,25.2,550
1719465135562,25.25,25
1719465135562,25.25,25
1719465136078,25.3,25
1719465136078,25.3,25
1719465138762,25.2,25
1719465138762,25.2,25
1719465139947,24.95,25
1719465140300,24.9,25
1719465140300,24.9,25
1719465142068,25.3,1600
1719465142068,25.3,1600
1719465142068,25.3,1600
1719465145376,25.2,75
1719465145789,25.2,75
1719465145789,25.2,75
1719465147360,25.1,75
1719465147360,25.1,75
1719465148220,25.15,25
1719465148220,25.15,25
1719465150122,24.8,25
1719465150122,24.8,25
1719465150300,24.7,25
1719465150300,24.7,25
1719465150300,24.7,25
1719465153860,24.75,25
1719465153860,24.75,25
1719465153860,24.75,25
1719465153860,24.75,25
1719465158236,25.0,25
1719465158236,25.0,25
1719465158236,25.0,25
1719465158236,25.0,25
1719465163149,24.9,50
1719465163149,24.9,50
1719465163149,24.9,50
1719465163149,24.9,50
1719465163149,24.9,50
1719465170794,25.1,100
1719465170794,25.1,100
1719465170794,25.1,100
1719465173197,25.4,50
1719465173197,25.4,50
1719465173197,25.4,50
1719465173197,25.4,50
1719465178737,25.15,100
1719465178737,25.15,100
1719465178737,25.15,100
1719465178737,25.15,100
1719465181795,25.05,25
1719465181795,25.05,25
1719465183261,24.95,100
1719465183261,24.95,100
1719465185825,25.0,50
1719465186069,24.9,25
1719465186069,24.9,25
1719465187457,24.9,50
1719465187457,24.9,50
1719465188350,25.1,25
1719465188350,25.1,25
1719465188350,25.1,25
1719465188350,25.1,25
1719465193468,24.85,75
1719465193468,24.85,75
1719465193468,24.85,75
1719465193468,24.85,75
1719465193468,24.85,75
1719465198842,25.2,25
1719465198842,25.2,25
1719465201682,25.5,50
1719465201682,25.5,50
1719465202713,25.7,25
1719465203310,25.95,25
1719465203310,25.95,25
1719465203310,25.95,25
1719465203310,25.95,25
1719465207805,26.0,100
1719465208035,26.0,25
1719465208035,26.0,25
1719465210021,25.85,25
1719465210021,25.85,25
1719465210831,25.85,50
1719465212125,25.95,75
1719465212311,26.0,125
1719465212311,26.0,125
1719465213215,26.75,100
1719465213704,26.5,25
1719465214186,26.7,75
1719465215701,27.1,50
1719465215892,27.05,50
1719465216198,28.0,100
1719465216198,28.0,100
1719465216504,28.55,25
1719465218878,28.2,25
1719465218878,28.2,25
1719465219626,28.2,250
1719465220581,28.8,25
1719465220581,28.8,25
1719465221413,28.85,25
1719465222453,28.2,200
1719465223062,28.25,150
1719465223859,28.1,25
1719465224316,28.5,25
1719465225890,28.65,25
1719465225890,28.65,25
1719465226613,28.9,175
1719465227547,29.25,25
1719465227547,29.25,25
1719465228855,30.3,25
1719465228855,30.3,25
1719465229207,30.6,50
1719465229953,29.4,100
1719465230644,29.15,250
1719465231680,29.3,150
1719465232454,29.0,150
1719465232454,29.0,150
1719465233627,29.2,150
1719465233861,29.05,25
1719465234604,29.0,1000
1719465235975,29.45,25
1719465235975,29.45,25
1719465236679,30.2,25
1719465236679,30.2,25
1719465238249,30.15,25
1719465239079,30.1,125
1719465239546,30.05,25
1719465240217,30.15,50
1719465240542,30.35,50
1719465240542,30.35,50
1719465241940,30.4,200
1719465241940,30.4,200
1719465243066,30.35,25
1719465243973,30.2,25
1719465243973,30.2,25
1719465244416,30.0,1500
1719465245808,29.7,100
1719465245808,29.7,100
1719465246694,30.3,150
1719465247197,30.3,400
1719465247197,30.3,400
1719465248874,29.6,150
1719465249208,29.85,50
1719465249208,29.85,50
1719465250416,30.3,150
1719465250416,30.3,150
1719465251440,30.2,75
1719465252479,30.4,25
1719465252818,30.6,25
1719465253890,30.8,25
1719465254398,30.75,25
1719465254398,30.75,25
1719465255627,30.55,50
1719465255627,30.55,50
1719465256235,30.3,25
1719465257495,30.4,25
1719465257825,30.3,25
1719465258511,30.4,125
1719465259156,30.3,100
1719465259681,30.6,50
1719465260535,30.4,25
1719465261814,30.15,25
1719465262520,30.0,250
1719465262520,30.0,250
1719465263306,30.55,50
1719465264236,30.4,25
1719465264236,30.4,25
1719465265100,30.55,50
1719465265100,30.55,50
1719465265100,30.55,50
1719465269309,29.8,25
1719465269493,30.25,25
1719465269582,30.3,50
1719465269967,30.5,150
1719465269967,30.5,150
1719465269967,30.5,150
1719465271512,31.0,25
1719465272604,30.45,25
1719465272604,30.45,25
1719465273338,30.45,25
1719465273338,30.45,25
1719465274853,30.35,25
1719465275515,30.2,150
1719465275515,30.2,150
1719465276777,30.55,250
1719465277463,30.15,25
1719465279051,30.3,25
1719465279310,30.35,25
1719465279486,30.2,125
1719465280426,30.3,100
1719465281479,30.15,25
1719465282614,30.0,50
1719465282614,30.0,50
1719465282614,30.0,50
1719465284811,30.1,25
1719465285600,30.45,150
1719465285945,30.3,50
1719465286679,30.3,50
1719465286743,30.3,50
1719465286743,30.3,50
1719465287992,30.1,50
1719465288929,30.3,50
1719465289861,30.55,300
1719465290915,30.6,25
1719465290915,30.6,25
1719465291111,30.5,175
1719465292645,30.35,25
1719465292847,30.2,25
1719465294119,30.1,200
1719465294119,30.1,200
1719465295759,30.0,925
1719465297278,30.35,25
1719465297278,30.35,25
1719465298150,30.55,25
1719465298770,30.6,175
1719465299360,30.35,50
1719465299360,30.35,50
1719465300187,30.8,325
1719465300376,30.8,25
1719465302125,31.0,375
1719465302382,30.85,75
1719465303449,30.8,175
1719465304363,30.1,75
1719465304363,30.1,75
1719465305982,31.25,150
1719465305982,31.25,150
1719465306213,31.25,375
1719465307578,31.05,50
1719465307578,31.05,50
1719465308190,31.05,25
1719465309243,31.35,25
1719465309243,31.35,25
1719465310559,31.1,25
1719465310559,31.1,25
1719465312689,31.3,50
1719465313894,31.55,75
1719465314228,31.3,25
1719465314228,31.3,25
1719465316108,31.35,175
1719465316917,30.85,25
1719465317390,30.65,25
1719465317830,30.6,175
1719465318867,30.7,50
1719465318867,30.7,50
1719465319826,30.8,25
1719465319826,30.8,25
1719465321504,30.6,50
1719465322564,30.6,75
1719465322564,30.6,75
1719465323220,30.7,25
1719465323763,30.7,125
1719465323763,30.7,125
1719465325681,30.7,100
1719465325681,30.7,100
1719465326565,30.8,50
1719465327505,30.8,25
1719465327728,31.0,50
1719465328421,30.95,25
1719465328421,30.95,25
1719465329703,30.8,50
1719465329703,30.8,50
1719465329703,30.8,50
1719465331231,30.55,100
1719465331857,30.45,100
1719465332452,30.6,25
1719465333038,30.0,25
1719465334125,29.7,25
1719465335123,30.1,125
1719465336088,29.9,100
1719465336088,29.9,100
1719465336715,30.4,100
1719465337626,30.5,150
1719465338010,30.6,50
1719465338847,31.05,50
1719465339317,31.05,325
1719465339871,31.0,50
1719465339963,31.3,25
1719465339963,31.3,25
1719465339963,31.3,25
1719465344337,29.7,525
1719465344378,29.7,975
1719465345246,29.45,50
1719465345246,29.45,50
1719465347025,29.7,300
1719465347025,29.7,300
1719465348925,29.75,50
1719465348925,29.75,50
1719465350065,29.7,50
1719465351105,29.4,200
1719465351988,29.4,100
1719465352568,29.3,25
1719465353788,30.0,25
1719465353788,30.0,25
1719465354452,29.9,25
1719465355528,29.9,25
1719465355528,29.9,25
1719465357472,30.1,225
1719465357696,30.4,25
1719465358521,30.3,100
1719465359219,29.8,75
1719465359219,29.8,75
1719465359219,29.8,75
1719465359219,29.8,75
1719465361743,30.25,25
1719465361743,30.25,25
1719465363924,30.05,25
1719465363924,30.05,25
1719465365220,29.9,25
1719465365220,29.9,25
1719465366909,29.6,25
1719465366909,29.6,25
1719465367804,29.8,25
1719465367804,29.8,25
1719465369969,29.7,25
1719465369969,29.7,25
1719465369969,29.7,25
1719465369969,29.7,25
1719465375944,29.4,25
1719465376536,29.25,325
1719465377718,29.2,275
1719465378731,29.35,25
1719465378731,29.35,25
1719465379681,29.15,25
1719465379984,28.85,25
1719465379984,28.85,25
1719465381727,29.15,25
1719465381727,29.15,25
1719465382954,28.65,75
1719465383632,28.65,25
1719465384176,28.55,25
1719465384176,28.55,25
1719465385721,28.85,25
1719465385721,28.85,25
1719465388322,29.0,200
1719465388633,29.0,125
1719465389307,29.2,75
1719465389442,29.2,25
1719465389442,29.2,25
1719465389442,29.2,25
1719465391526,29.6,25
1719465391762,29.45,200
1719465392161,29.55,25
1719465392161,29.55,25
1719465394172,29.85,175
1719465394304,29.8,25
1719465394304,29.8,25
1719465395494,29.45,25
1719465395866,29.7,100
1719465395866,29.7,100
1719465397131,29.9,25
1719465397131,29.9,25
1719465398790,29.7,50
1719465398790,29.7,50
1719465399635,29.5,450
1719465400373,29.7,50
1719465401201,29.65,25
1719465402690,29.65,50
1719465402690,29.65,50
1719465403167,29.7,100
1719465403167,29.7,100
1719465405174,30.0,100
1719465405174,30.0,100
1719465405174,30.0,100
1719465405174,30.0,100
1719465410349,29.75,25
1719465410349,29.75,25
1719465411929,29.6,100
1719465411929,29.6,100
1719465412940,29.7,50
1719465412940,29.7,50
1719465412940,29.7,50
1719465416943,30.4,400
1719465417503,30.1,50
1719465418746,30.05,100
1719465418746,30.05,100
1719465419716,30.0,25
1719465420160,29.95,50
1719465420617,30.05,50
1719465420996,30.25,25
1719465420996,30.25,25
1719465422410,30.3,75
1719465422410,30.3,75
1719465422410,30.3,75
1719465424706,30.5,25
1719465425135,30.6,50
1719465425135,30.6,50
1719465426691,30.6,50
1719465426970,30.35,25
1719465428396,30.45,50
1719465428396,30.45,50
1719465430176,30.8,25
1719465430722,30.45,300
1719465430722,30.45,300
1719465432854,30.0,225
1719465432854,30.0,225
1719465433677,29.8,100
1719465433905,29.75,25
1719465433905,29.75,25
1719465433905,29.75,25
1719465436954,30.65,25
1719465437255,30.5,25
1719465437255,30.5,25
1719465438845,30.6,25
1719465439305,30.65,100
1719465439636,30.55,50
1719465440306,30.55,125
1719465440306,30.55,125
1719465441167,30.8,50
1719465442623,30.65,125
1719465442623,30.65,125
1719465443010,30.7,275
1719465444137,30.95,75
1719465444695,30.75,250
1719465444695,30.75,250
1719465446520,30.5,25
1719465446520,30.5,25
1719465448027,30.6,200
1719465448286,30.8,25
1719465448286,30.8,25
1719465448286,30.8,25
1719465450651,30.9,150
1719465450651,30.9,150
1719465451632,30.8,125
1719465452273,30.65,75
1719465452273,30.65,75
1719465453586,30.75,75
1719465453586,30.75,75
1719465454752,30.55,25
1719465455054,30.6,150
1719465456017,30.45,125
1719465456456,30.3,275
1719465457571,30.25,275
1719465458577,30.5,100
1719465458577,30.5,100
1719465459586,30.85,75
1719465460218,31.25,250
1719465461033,31.1,75
1719465461586,31.1,50
1719465461586,31.1,50
1719465463457,31.0,25
1719465464134,30.8,50
1719465464134,30.8,50
1719465465313,30.8,25
1719465465675,30.9,25
1719465465894,30.65,50
1719465466954,30.9,50
1719465467814,31.2,50
1719465467964,31.1,25
1719465468703,31.25,25
1719465469169,31.2,50
1719465469169,31.2,50
1719465470049,31.2,25
1719465470049,31.2,25
1719465471572,31.25,50
1719465471572,31.25,50
1719465473026,31.2,50
1719465473813,31.1,375
1719465474014,31.3,25
1719465474014,31.3,25
1719465474014,31.3,25
1719465476525,31.4,125
1719465476525,31.4,125
1719465476525,31.4,125
1719465476525,31.4,125
1719465481001,30.9,75
1719465481001,30.9,75
1719465482255,30.65,25
1719465482255,30.65,25
1719465483388,30.6,25
1719465483388,30.6,25
1719465485756,31.05,75
1719465485756,31.05,75
1719465486260,31.25,25
1719465487091,31.1,25
1719465487091,31.1,25
1719465488446,31.3,100
1719465488446,31.3,100
1719465490246,31.35,25
1719465490945,31.45,50
1719465490945,31.45,50
1719465492288,31.05,25
1719465492472,31.1,100
1719465494273,30.65,25
1719465494507,30.8,200
1719465494507,30.8,200
1719465494507,30.8,200
1719465494507,30.8,200
1719465498974,30.8,25
1719465498974,30.8,25
1719465500450,30.8,300
1719465500450,30.8,300
1719465501755,30.8,50
1719465502264,30.9,175
1719465502264,30.9,175
1719465503931,30.6,975
1719465503931,30.6,975
1719465503931,30.6,975
1719465506855,30.55,75
1719465506855,30.55,75
1719465508573,30.5,25
1719465508573,30.5,25
1719465508573,30.5,25
1719465510909,30.7,100
1719465510909,30.7,100
1719465511591,30.8,100
1719465512688,31.1,25
1719465512886,31.05,50
1719465513864,31.15,25
1719465513864,31.15,25
1719465513864,31.15,25
1719465516955,31.25,25
1719465517319,31.45,50
1719465518853,31.15,375
1719465519559,30.95,25
1719465519559,30.95,25
1719465520833,31.1,25
1719465520833,31.1,25
1719465521364,31.05,25
1719465521364,31.05,25
1719465523353,31.05,50
1719465523353,31.05,50
1719465523353,31.05,50
1719465526220,31.0,25
1719465527562,30.45,25
1719465527562,30.45,25
1719465527562,30.45,25
1719465530248,30.6,25
1719465530248,30.6,25
1719465530248,30.6,25
1719465534402,30.95,100
1719465534509,31.0,400
1719465534935,31.25,125
1719465535258,31.3,125
1719465536758,31.25,50
1719465537738,31.0,50
1719465537738,31.0,50
1719465538427,31.25,25
1719465539523,31.45,150
1719465539523,31.45,150
1719465540177,31.5,50
1719465540177,31.5,50
1719465540177,31.5,50
1719465541675,31.6,25
1719465541675,31.6,25
1719465543192,31.2,150
1719465543192,31.2,150
1719465545264,31.0,25
1719465545264,31.0,25
1719465547045,30.65,25
1719465547045,30.65,25
1719465549324,30.9,100
1719465549324,30.9,100
1719465550709,30.85,75
1719465550903,30.8,25
1719465550903,30.8,25
1719465552630,30.85,150
1719465552630,30.85,150
1719465553986,31.1,175
1719465554167,30.9,25
1719465554167,30.9,25
1719465554167,30.9,25
1719465554167,30.9,25
1719465558734,30.7,25
1719465558734,30.7,25
1719465559846,30.75,25
1719465560539,30.9,125
1719465560539,30.9,125
1719465561835,30.75,150
1719465561835,30.75,150
1719465563595,30.7,125
1719465563595,30.7,125
1719465563595,30.7,125
1719465566781,30.95,100
1719465566781,30.95,100
1719465568627,30.75,100
1719465568627,30.75,100
1719465568627,30.75,100
1719465570376,30.8,100
1719465570376,30.8,100
1719465570376,30.8,100
1719465573824,30.65,25
1719465573824,30.65,25
1719465575254,30.75,25
1719465575254,30.75,25
1719465575254,30.75,25
1719465577948,30.5,25
1719465579095,31.0,1000
1719465579281,30.9,25
1719465579729,30.7,100
1719465580963,30.95,150
1719465580963,30.95,150
1719465580963,30.95,150
1719465583759,30.95,50
1719465584287,31.0,50
1719465584287,31.0,50
1719465584287,31.0,50
1719465586469,31.0,100
1719465586469,31.0,100
1719465588668,30.35,25
1719465588668,30.35,25
1719465590115,30.0,25
1719465590115,30.0,25
1719465592304,29.7,150
1719465592883,29.6,225
1719465592883,29.6,225
1719465593654,29.9,75
1719465594109,29.8,100
1719465594109,29.8,100
1719465594109,29.8,100
1719465594109,29.8,100
1719465598368,28.85,25
1719465598960,28.25,25
1719465599328,28.7,25
1719465599849,29.05,125
1719465599849,29.05,125
1719465600701,29.05,25
1719465601656,29.2,200
1719465601656,29.2,200
1719465603234,29.25,75
1719465603718,29.45,25
1719465604167,29.2,25
1719465605050,29.3,125
1719465605491,29.45,1000
1719465606239,29.0,650
1719465606239,29.0,650
1719465607826,29.05,100
1719465607826,29.05,100
1719465607826,29.05,100
1719465611170,29.25,25
1719465611292,29.25,50
1719465611292,29.25,50
1719465611292,29.25,50
1719465614252,28.8,350
1719465614252,28.8,350
1719465614736,28.9,75
1719465615189,28.85,200
1719465616184,29.0,475
1719465616830,29.05,75
1719465617559,29.05,25
1719465618007,29.15,25
1719465618678,29.15,25
1719465619354,29.15,50
1719465619354,29.15,50
1719465619354,29.15,50
1719465619354,29.15,50
1719465624022,28.7,25
1719465624207,28.8,25
1719465624785,28.55,25
1719465625770,28.45,250
1719465626141,28.4,25
1719465627254,27.6,50
1719465627884,28.0,25
1719465627884,28.0,25
1719465628771,28.05,175
1719465629577,28.2,125
1719465629577,28.2,125
1719465629577,28.2,125
1719465630806,28.15,50
1719465630806,28.15,50
1719465631874,28.1,25
1719465632518,28.05,175
1719465633224,28.15,25
1719465633513,28.1,100
1719465634480,28.05,25
1719465634480,28.05,25
1719465635197,28.1,125
1719465636312,27.9,25
1719465636993,27.95,25
1719465637628,27.9,25
1719465637628,27.9,25
1719465638043,27.75,25
1719465639737,27.55,25
1719465639737,27.55,25
1719465640449,27.45,25
1719465641304,27.75,75
1719465641486,27.8,25
1719465642785,28.1,150
1719465643421,28.05,200
1719465643421,28.05,200
1719465643421,28.05,200
1719465647073,28.3,50
1719465647554,28.15,100
1719465647554,28.15,100
1719465647554,28.15,100
1719465650322,28.05,25
1719465650322,28.05,25
1719465651464,28.1,125
1719465652101,27.95,75
1719465652101,27.95,75
1719465653775,27.85,100
1719465654426,27.8,100
1719465654426,27.8,100
1719465655590,28.25,50
1719465656115,27.95,150
1719465656115,27.95,150
1719465657199,27.75,25
1719465657199,27.75,25
1719465657199,27.75,25
1719465660102,27.7,25
1719465660102,27.7,25
