time,price,volume
1719461503538,96.8,25
1719461504495,96.8,50
1719461504688,96.95,125
1719461505537,96.45,25
1719461505703,96.5,25
1719461506511,97.1,25
1719461506884,97.05,25
1719461507523,96.95,25
1719461507904,96.55,100
1719461508545,95.9,25
1719461509096,96.45,25
1719461509264,96.45,25
1719461509564,95.85,25
1719461510280,96.45,25
1719461510522,96.95,25
1719461511282,96.5,25
1719461511752,95.75,50
1719461512531,95.95,50
1719461513534,96.3,175
1719461513707,96.1,100
1719461514544,95.25,25
1719461514893,95.75,50
1719461515543,95.15,25
1719461516115,94.45,50
1719461516323,93.6,75
1719461516629,93.1,25
1719461517554,94.6,75
1719461518705,95.85,25
1719461518754,96.25,150
1719461519515,96.4,25
1719461519893,96.0,25
1719461520074,96.0,125
1719461520534,96.5,75
1719461520910,95.95,25
1719461521539,96.05,25
1719461521913,96.75,50
1719461522253,96.45,125
1719461522522,96.95,50
1719461523539,96.7,50
1719461523755,96.7,25
1719461524563,97.65,125
1719461524733,97.4,25
1719461525566,97.25,25
1719461525916,98.0,225
1719461526558,98.4,25
1719461526930,99.05,25
1719461527541,100.35,25
1719461527931,100.35,75
1719461528737,100.05,50
1719461529144,99.75,25
1719461529352,99.45,25
1719461529527,99.8,50
1719461530548,99.55,25
1719461531549,100.0,25
1719461532578,99.55,25
1719461533322,99.4,75
1719461533561,99.75,50
1719461534540,99.3,25
1719461535537,99.5,125
1719461535705,99.6,25
1719461536560,99.5,100
1719461536687,99.6,25
1719461537504,99.8,25
1719461538565,99.45,25
1719461538745,99.3,50
1719461539551,99.8,25
1719461539757,99.8,25
1719461540569,100.55,25
1719461540946,100.55,100
1719461541563,101.15,50
1719461542558,101.1,125
1719461543574,101.25,225
1719461544534,101.6,25
1719461545565,101.85,25
1719461545775,103.1,150
1719461546566,103.2,125
1719461547160,102.25,200
1719461547371,101.65,25
1719461547761,101.6,50
1719461548364,101.4,75
1719461548554,101.6,25
1719461549367,101.0,25
1719461549543,101.5,25
1719461550066,101.1,25
1719461550336,101.3,50
1719461550558,101.15,50
1719461551568,101.55,25
1719461552544,101.45,25
1719461552776,101.8,50
1719461553567,101.9,25
1719461553979,101.8,200
1719461554573,101.05,25
1719461554961,100.65,25
1719461555572,101.4,25
1719461555985,100.8,75
1719461556523,101.3,25
1719461556970,101.45,25
1719461557398,100.55,100
1719461557573,100.75,25
1719461558379,100.15,25
1719461558537,100.45,25
1719461559549,100.75,100
1719461560548,100.65,25
1719461561564,100.8,25
1719461562582,101.3,25
1719461562786,101.3,50
1719461563549,102.4,125
1719461563766,102.55,250
1719461564583,103.15,25
1719461564976,103.45,25
1719461565543,103.4,175
1719461566187,102.8,25
1719461566370,102.95,25
1719461566558,102.85,25
1719461567391,103.55,25
1719461567557,103.1,25
1719461568396,103.25,25
1719461568566,103.2,250
1719461569590,103.15,100
1719461569590,103.15,100
1719461570578,103.0,100
1719461570820,102.8,100
1719461571581,101.65,100
1719461571993,101.65,150
1719461572566,101.6,50
1719461573192,102.0,75
1719461573403,102.05,25
1719461573580,102.2,25
1719461574426,102.2,50
1719461574586,102.3,125
1719461575388,102.65,25
1719461575735,102.2,25
1719461576394,101.45,50
1719461576577,101.35,25
1719461577614,100.65,25
1719461577818,100.85,50
1719461578527,100.55,50
1719461579011,100.8,25
1719461579583,100.55,25
1719461580049,100.4,100
1719461580544,100.65,25
1719461581016,100.9,50
1719461581577,100.8,25
1719461581999,101.0,50
1719461582421,100.7,50
1719461582563,100.5,100
1719461583591,100.25,25
1719461583829,99.9,50
1719461584596,100.55,25
1719461584813,100.75,25
1719461585578,101.5,125
1719461586005,101.8,125
1719461586590,102.6,25
1719461587017,101.9,25
1719461587427,102.0,25
1719461587579,102.0,25
1719461588593,102.8,75
1719461588756,102.8,75
1719461589586,102.3,25
1719461589845,102.5,50
1719461590560,103.1,50
1719461590853,103.3,75
1719461591515,103.35,25
1719461591825,103.6,25
1719461592558,103.75,25
1719461592839,103.8,50
1719461593604,103.65,25
1719461594031,102.75,200
1719461594447,102.2,25
1719461594783,101.9,25
1719461595521,101.85,200
1719461595833,102.15,50
1719461596572,101.25,25
1719461596772,101.45,50
1719461597592,101.35,25
1719461598413,101.8,75
1719461598596,101.45,100
1719461599569,101.15,75
1719461600457,101.2,50
1719461600573,101.3,100
1719461601457,101.15,25
1719461601598,100.5,50
1719461602482,101.6,50
1719461602639,101.5,50
1719461603605,102.05,50
1719461603605,102.05,50
1719461604449,102.55,50
1719461604605,102.7,125
1719461605596,101.35,50
1719461606605,100.9,50
1719461606648,100.85,125
1719461607558,102.4,25
1719461607856,102.9,100
1719461608591,102.9,50
1719461608832,102.6,25
1719461609560,102.1,25
1719461609988,102.0,75
1719461610482,102.65,50
1719461610606,102.65,125
1719461611472,101.7,25
1719461611575,101.8,100
1719461612466,101.85,25
1719461612611,102.0,100
1719461613608,102.15,100
1719461614607,102.2,50
1719461615023,102.5,125
1719461615616,102.8,25
1719461616059,102.25,25
1719461616566,102.3,25
1719461617064,102.6,75
1719461617564,102.8,25
1719461618590,103.05,25
1719461618662,103.4,100
1719461619608,102.0,25
1719461619857,102.0,50
1719461620578,102.4,25
1719461621065,101.3,25
1719461621574,100.95,25
1719461622035,101.05,100
1719461622500,101.0,175
1719461622625,100.95,75
1719461623693,100.65,25
1719461624812,98.9,25
1719461625046,98.3,25
1719461625590,98.0,125
1719461626285,98.7,25
1719461626434,98.5,125
1719461626612,98.95,25
1719461627485,98.7,25
1719461627590,97.75,50
1719461628504,97.1,100
1719461628602,97.5,25
1719461629671,97.85,100
1719461630599,97.7,50
1719461631080,97.85,100
1719461631600,98.5,25
1719461632097,99.5,75
1719461632605,98.7,25
1719461633033,98.05,50
1719461633623,98.65,75
1719461634250,98.25,100
1719461634518,98.05,50
1719461634565,98.25,25
1719461637892,98.5,25
1719461638582,98.7,50
1719461638895,99.15,25
1719461639544,99.1,25
1719461639911,98.95,100
1719461640063,98.5,125
1719461640608,98.9,25
1719461641076,98.5,25
1719461641606,99.25,25
1719461642120,99.25,100
1719461642610,99.15,50
1719461642943,98.75,50
1719461643633,98.8,25
1719461644318,99.45,50
1719461644525,99.1,25
1719461644612,99.0,25
1719461645612,99.1,50
1719461645723,99.75,75
1719461646620,99.15,200
1719461646668,99.65,50
1719461647602,99.0,50
1719461647859,99.85,100
1719461648640,99.2,100
1719461648928,99.1,25
1719461649826,99.4,25
1719461650120,99.55,125
1719461650576,99.45,25
1719461651279,99.35,300
1719461651590,98.75,25
1719461652533,98.6,25
1719461652625,98.45,25
1719461653724,97.4,100
1719461654620,97.25,50
1719461654934,97.2,25
1719461655627,97.55,25
1719461655908,97.55,25
1719461656622,97.55,25
1719461656920,97.35,25
1719461657606,97.0,25
1719461657936,97.25,25
1719461658629,98.2,150
1719461658936,98.9,200
1719461659625,98.65,50
1719461660122,98.7,25
1719461660603,99.15,50
1719461661541,100.1,50
1719461661709,100.05,25
1719461662639,101.05,450
1719461662947,101.4,75
1719461663635,101.8,25
1719461663939,100.05,175
1719461664634,100.9,25
1719461664947,101.2,25
1719461665648,100.25,50
1719461666113,100.45,50
1719461666618,100.25,25
1719461667134,99.95,25
1719461667617,99.75,25
1719461668130,98.55,25
1719461668647,99.1,250
1719461669360,99.3,50
1719461669531,99.0,25
1719461670050,98.55,100
1719461670553,99.05,100
1719461670648,99.05,25
1719461671568,99.05,25
1719461671629,98.9,700
1719461672631,99.65,25
1719461673636,99.45,50
1719461673781,99.65,25
1719461674644,99.9,100
1719461674766,100.2,25
1719461675571,99.45,25
1719461675773,99.4,50
1719461676641,98.9,25
1719461676981,99.0,25
1719461677604,98.5,150
1719461677907,98.55,25
1719461678617,99.55,100
1719461679159,100.0,25
1719461679644,100.2,125
1719461680140,100.35,25
1719461680608,100.7,75
1719461681211,99.9,25
1719461681623,99.65,75
1719461682354,99.2,50
1719461682619,99.6,125
1719461683528,98.4,25
1719461683652,98.2,50
1719461684690,98.05,25
1719461685647,98.45,25
1719461685922,98.2,250
1719461686592,98.05,75
1719461686905,98.1,50
1719461687653,98.45,75
1719461688179,98.9,575
1719461688630,99.05,50
1719461689172,99.4,150
1719461689593,97.95,75
1719461689855,98.4,25
1719461690650,97.9,25
1719461690755,97.7,25
1719461691652,97.3,50
1719461691998,97.75,50
1719461692649,97.95,25
1719461693000,98.2,75
1719461693647,98.2,25
1719461694153,97.9,25
1719461694653,97.75,150
1719461695398,97.5,75
1719461695637,97.65,25
1719461696640,97.9,25
1719461697619,97.45,50
1719461697960,97.75,50
1719461698631,98.85,25
1719461699000,99.6,50
1719461699677,99.35,25
1719461700005,98.6,50
1719461700655,97.9,25
1719461701209,97.1,25
1719461701837,97.05,100
1719461702211,96.7,225
1719461702669,96.1,50
1719461703416,97.15,25
1719461703662,97.05,100
1719461704427,96.55,25
1719461704680,96.8,50
1719461705793,97.9,125
1719461706596,98.7,50
1719461706982,98.85,25
1719461707626,99.45,375
1719461708012,100.2,25
1719461708618,99.35,25
1719461708997,99.5,25
1719461709664,100.25,50
1719461710019,98.95,25
1719461710655,98.35,25
1719461710991,97.6,25
1719461711668,97.5,50
1719461712021,98.25,25
1719461712639,97.8,25
1719461713411,98.55,25
1719461713642,99.35,25
1719461714623,99.0,25
1719461714662,99.1,100
1719461715621,99.2,125
1719461715758,99.15,50
1719461716663,99.45,25
1719461716810,99.25,175
1719461717650,99.3,500
1719461717775,99.1,25
1719461718656,98.35,225
1719461718656,98.35,225
1719461719669,97.35,250
1719461720032,96.85,300
1719461720669,96.5,25
1719461721030,96.55,25
1719461721673,96.9,50
1719461722028,96.85,25
1719461722669,97.15,50
1719461722991,97.0,25
1719461723628,97.35,50
1719461724198,96.75,25
1719461724664,96.6,150
1719461725234,96.15,475
1719461725653,96.1,25
1719461726222,96.35,50
1719461726648,96.25,25
1719461726655,96.1,25
1719461727860,96.75,100
1719461728658,96.25,50
1719461728848,96.15,175
1719461729661,96.2,25
1719461729814,96.0,200
1719461730076,95.5,25
1719461730679,95.9,25
1719461731029,96.0,125
1719461731663,95.0,375
1719461732057,94.25,25
1719461732861,92.75,250
1719461733261,92.55,100
1719461733682,92.25,150
1719461734439,89.95,25
1719461734685,89.7,25
1719461735461,90.25,25
1719461735890,89.25,175
1719461736463,88.4,25
1719461736677,88.95,25
1719461737689,90.25,25
1719461738060,90.7,250
1719461738675,91.15,25
1719461739060,91.6,75
1719461739671,91.55,25
1719461740269,92.1,25
1719461740673,92.15,200
1719461741442,92.5,75
1719461741669,92.45,25
1719461742266,92.65,25
1719461742626,93.2,50
1719461743252,92.85,25
1719461743884,92.6,125
1719461744475,92.7,25
1719461744683,92.25,25
1719461745670,92.25,275
1719461745856,92.35,25
1719461746668,92.4,175
1719461746865,92.5,50
1719461747877,91.7,25
1719461748069,91.8,150
1719461748690,91.4,25
1719461749087,91.25,50
1719461749647,91.5,25
1719461750264,91.45,25
1719461750701,90.5,25
1719461751296,90.15,25
1719461751703,89.2,25
1719461752291,89.4,100
1719461752701,89.7,50
1719461753472,89.5,50
1719461753880,90.2,50
1719461754483,90.5,50
1719461754685,90.35,50
1719461755680,90.0,50
1719461755866,90.05,50
1719461756679,90.0,25
1719461757291,90.6,125
1719461757894,90.45,25
1719461758296,91.15,75
1719461758682,90.65,50
1719461759275,90.6,50
1719461759699,90.0,175
1719461760053,90.55,25
1719461760487,90.45,250
1719461760685,89.85,25
1719461761883,89.85,75
1719461762697,88.9,250
1719461763915,89.8,50
1719461764704,88.15,50
1719461765085,88.15,50
1719461765691,89.85,50
1719461766507,89.35,25
1719461766896,89.3,25
1719461767307,89.5,25
1719461767685,89.65,75
1719461768296,89.95,25
1719461768666,89.8,25
1719461769301,89.3,50
1719461769900,89.95,25
1719461770518,89.4,25
1719461770683,89.1,125
1719461771689,89.55,75
1719461771905,90.0,50
1719461772913,89.8,25
1719461773118,90.1,75
1719461773705,89.85,25
1719461774117,90.45,100
1719461774702,90.75,25
1719461775320,90.2,25
1719461775682,90.5,175
1719461776114,90.55,75
1719461776705,90.45,25
1719461777320,90.1,50
1719461777708,90.5,25
1719461778310,90.55,25
1719461778706,90.3,75
1719461779330,90.3,25
1719461779707,90.55,100
1719461780375,90.15,25
1719461780634,90.5,25
1719461781511,90.2,25
1719461781705,90.5,100
1719461781892,90.25,150
1719461782835,89.85,50
1719461783716,89.05,25
1719461784111,89.05,75
1719461784706,89.45,50
1719461785111,89.3,50
1719461785716,88.7,100
1719461786339,87.9,25
1719461786724,86.65,25
1719461787325,87.2,25
1719461787724,86.2,25
1719461793132,87.4,50
1719461793909,86.9,25
1719461794130,87.1,25
1719461794713,87.55,25
1719461795338,87.1,50
1719461795735,87.75,25
1719461796294,87.25,25
1719461796721,87.45,50
1719461797340,87.7,150
1719461797664,87.85,175
1719461797933,86.9,400
1719461798717,86.0,25
1719461798945,86.4,25
1719461799686,86.85,50
1719461800132,87.65,125
1719461800719,87.15,25
1719461801138,87.2,50
1719461801717,86.9,50
1719461802132,87.5,150
1719461802735,87.05,25
1719461802940,87.1,25
1719461803969,86.5,250
1719461804721,87.2,275
1719461805151,87.4,75
1719461805723,87.3,25
1719461806549,86.8,50
1719461806706,87.05,25
1719461806766,86.7,75
1719461807762,86.95,25
1719461808706,86.9,25
1719461809724,86.9,225
1719461809965,87.3,225
1719461810679,87.15,25
1719461811171,87.0,25
1719461811732,87.2,75
1719461812132,87.55,100
1719461812688,87.85,250
1719461813164,87.5,25
1719461813733,87.15,125
1719461814175,87.4,50
1719461814728,87.6,25
1719461817932,88.3,50
1719461818158,88.8,25
1719461818728,89.05,25
1719461860743,91.55,25
1719461860800,91.7,25
1719461861755,90.6,75
1719461862037,90.15,50
1719461862843,90.8,100
1719461863729,90.85,25
1719461864037,90.9,75
1719461864761,90.5,100
1719461865044,90.5,100
1719461865742,90.1,175
1719461872760,91.2,25
1719461873458,91.5,175
1719461873767,92.4,175
1719461874430,91.75,150
1719461874962,92.5,75
1719461875651,92.1,25
1719461875855,92.3,50
1719461876766,92.55,50
1719461877060,92.3,25
1719461877982,92.25,25
1719461878259,92.4,300
1719461878750,92.25,25
1719461879253,92.55,125
1719461879770,92.55,75
1719461880058,92.45,25
1719461880450,92.2,150
1719461880783,91.95,25
1719461881239,92.1,25
1719461881965,93.1,25
1719461882757,92.75,25
1719461882843,92.75,50
1719461883767,92.4,75
1719461884080,92.0,100
1719461884768,92.0,75
1719461885062,92.1,25
1719461885766,91.65,25
1719461886039,92.1,625
1719461886690,91.6,25
1719461887236,91.95,25
1719461887888,91.75,100
1719461888761,92.1,250
1719461889056,91.75,25
1719461889788,91.5,25
1719461890085,92.55,25
1719461890767,92.6,250
1719461891475,92.8,25
1719461891930,92.7,25
1719461892471,92.95,25
1719461892769,93.0,250
1719461893480,93.1,150
1719461893770,93.1,125
1719461894487,92.75,25
1719461894771,92.85,75
1719461894884,93.0,50
1719461895788,93.0,25
1719461895881,92.85,25
1719461896889,92.65,25
1719461896975,92.8,25
1719461897768,92.55,75
1719461897864,92.75,125
1719461898753,92.65,200
1719461898898,93.2,25
1719461899762,92.85,25
1719461900085,93.0,150
1719461900767,92.55,25
1719461901080,92.4,25
1719461901759,92.05,50
1719461902484,91.95,25
1719461902801,91.55,100
1719461903482,91.05,25
1719461903798,91.75,25
1719461904100,91.55,25
1719461904773,91.95,225
1719461904886,92.55,25
1719461905787,92.5,75
1719461906103,92.45,25
1719461906798,93.45,25
1719461907306,93.0,25
1719461907799,92.4,50
1719461908501,92.75,200
1719461908774,93.0,50
1719461908908,93.0,25
1719461909741,92.65,25
1719461910112,92.6,75
1719461910706,93.4,25
1719461911304,94.5,50
1719461911982,94.25,25
1719461912319,93.9,50
1719461912796,93.8,50
1719461913304,93.6,100
1719461913799,93.7,75
1719461914518,95.0,50
1719461914758,94.75,25
1719461915517,94.85,125
1719461915801,94.6,175
1719461916309,94.85,25
1719461916769,95.3,25
1719461917527,93.95,100
1719461917776,94.2,25
1719461917919,94.05,25
1719461918763,94.5,50
1719461919094,94.25,25
1719461919771,94.4,25
1719461920303,94.2,175
1719461920734,93.8,25
1719461921327,93.35,50
1719461921990,92.85,175
1719461922133,93.0,50
1719461922798,93.1,25
1719461923331,93.3,25
1719461923795,93.2,25
1719461924414,93.2,150
1719461924924,93.2,75
1719461925795,91.9,25
1719461926132,91.45,25
1719461926787,92.3,75
1719461927283,92.7,225
1719461927802,92.45,25
1719461928327,92.25,50
1719461928803,92.35,25
1719461929335,92.45,25
1719461929790,92.6,25
1719461930533,92.4,50
1719461930806,92.15,50
1719461931461,92.3,25
1719461931755,92.7,25
1719461932529,92.4,50
1719461932791,92.4,25
1719461932935,92.45,25
1719461933766,92.7,25
1719461934131,93.0,350
1719461934781,92.6,25
1719461935139,93.0,25
1719461935766,92.65,25
1719461936363,92.85,75
1719461936792,93.2,25
1719461937345,93.5,75
1719461937815,93.0,175
1719461938564,93.35,25
1719461938798,93.25,50
1719461939801,92.35,50
1719461940037,92.25,25
1719461940810,91.8,50
1719461940944,91.65,50
1719461941762,92.55,25
1719461942105,92.6,75
1719461942779,92.45,25
1719461942922,92.5,100
1719461943802,91.75,50
1719461944367,92.25,125
1719461944810,92.15,150
1719461945355,92.0,25
1719461945826,91.65,100
1719461946368,91.2,50
1719461946735,90.9,25
1719461947577,91.1,25
1719461947804,90.95,75
1719461948541,90.7,50
1719461948950,90.8,125
1719461949570,90.5,50
1719461949796,90.6,25
1719461950563,90.15,150
1719461950813,90.5,25
1719461951546,90.45,100
1719461951829,90.45,50
1719461952151,90.3,225
1719461952807,90.3,50
1719461953178,90.0,50
1719461953804,90.15,25
1719461954173,90.05,100
1719461954727,90.05,25
1719461955584,90.55,100
1719461955759,90.45,50
1719461956767,90.25,25
1719461956975,90.45,150
1719461957810,89.95,25
1719461957939,89.95,50
1719461958815,88.5,25
1719461958983,88.8,125
1719461959809,88.55,50
1719461960189,87.2,25
1719461960813,87.5,50
1719461961173,86.95,50
1719461961993,85.9,25
1719461962390,85.4,250
1719461962825,85.6,25
1719461963391,84.25,25
1719461963821,85.0,25
1719461964398,85.5,25
1719461964826,85.35,225
1719461965390,84.8,475
1719461966029,85.5,25
1719461966397,85.65,25
1719461966827,86.1,100
1719461967823,85.95,25
1719461968010,86.6,25
1719461968831,86.2,25
1719461968988,86.15,75
1719461969816,85.35,25
1719461970042,85.55,50
1719461971020,85.65,100
1719461971818,85.2,25
1719461972199,85.3,100
1719461972827,85.55,25
1719461973001,85.2,25
1719461973795,85.9,25
1719461974001,86.2,50
1719461974821,86.1,25
1719461975198,85.8,25
1719461975810,86.1,100
1719461976161,86.35,125
1719461976830,86.15,25
1719461977403,86.05,50
1719461977816,86.2,175
1719461978615,86.35,25
1719461978826,86.8,125
1719461979821,86.4,50
1719461980001,86.4,25
1719461980783,86.45,125
1719461981024,86.15,25
1719461981823,86.4,50
1719461982018,86.2,25
1719461982745,85.9,25
1719461983015,85.1,25
1719461983815,84.25,25
1719461984419,83.7,325
1719461984823,83.5,50
1719461985427,84.1,75
1719461985822,84.6,75
1719461986620,84.1,100
1719461986819,84.0,25
1719461987637,84.35,25
1719461987831,84.75,25
1719461988608,84.6,25
1719461988827,84.6,75
1719461989031,84.5,25
1719461989823,84.7,25
1719461990228,84.3,25
1719461990802,84.6,75
1719461991243,84.8,50
1719461991833,84.5,25
1719461992036,84.6,25
1719461992855,84.6,25
1719461993038,84.9,25
1719461993829,84.5,25
1719461994439,84.1,150
1719461994805,84.25,50
1719461995455,84.0,125
1719461995831,83.4,25
1719461996645,84.2,25
1719461996851,85.2,25
1719461997835,84.8,175
1719461998049,84.75,25
1719461998848,85.05,25
1719461999020,84.8,25
1719461999818,84.45,50
1719462000056,84.5,75
1719462000232,84.4,25
1719462001036,84.25,25
1719462001451,84.35,25
1719462001846,83.2,25
1719462002864,83.05,25
1719462003873,83.95,125
1719462004059,83.85,200
1719462004838,84.05,25
1719462005036,84.05,25
1719462005841,83.8,50
1719462006228,83.55,25
1719462006855,83.4,25
1719462007426,82.6,75
1719462007833,82.4,50
1719462008463,81.7,25
1719462008840,81.75,75
1719462009665,81.85,175
1719462009844,82.0,50
1719462010852,82.05,50
1719462011086,82.65,25
1719462012059,83.35,25
1719462012855,82.55,50
1719462013050,82.5,250
1719462013864,82.5,25
1719462014231,82.9,25
1719462014846,82.85,75
1719462015257,82.55,75
1719462016061,82.4,25
1719462016850,82.5,50
1719462017068,82.65,25
1719462017857,81.65,75
1719462018447,82.1,75
1719462018846,81.8,25
1719462019488,82.45,25
1719462019869,81.75,50
1719462020488,81.85,25
1719462021061,81.9,25
1719462021489,82.15,75
1719462021848,82.7,25
1719462022655,83.75,100
1719462022846,83.6,25
1719462023674,84.1,25
1719462023859,84.05,75
1719462024062,83.8,25
1719462024848,84.65,75
1719462025277,84.4,25
1719462025856,84.15,50
1719462026270,84.05,25
1719462026855,84.35,75
1719462027490,84.65,25
1719462027834,85.0,25
1719462028663,84.7,175
1719462028840,84.25,150
1719462029696,84.45,100
1719462030062,84.5,25
1719462030291,84.4,25
1719462030851,83.75,100
1719462031458,83.6,50
1719462031854,83.6,25
1719462032482,83.8,25
1719462032865,83.9,50
1719462033500,83.95,25
1719462033854,83.9,25
1719462034699,84.0,25
1719462034853,84.2,100
1719462035586,84.4,50
1719462035820,84.35,25
1719462036077,84.05,25
1719462036859,83.9,75
1719462037084,83.75,25
1719462037829,84.45,100
1719462038181,84.5,75
1719462038830,84.1,125
1719462039473,84.2,25
1719462039831,84.2,100
1719462040704,83.85,25
1719462040868,83.95,50
1719462041672,84.3,25
1719462042015,84.75,25
1719462042685,84.75,100
1719462042833,84.6,25
1719462043106,84.35,25
1719462043878,84.85,150
1719462044293,85.4,25
1719462044883,84.9,75
1719462045285,84.7,25
1719462045882,84.95,125
1719462046507,84.75,25
1719462046873,84.65,25
1719462047487,84.65,25
1719462047873,84.5,100
1719462048712,83.9,50
1719462048881,83.9,25
1719462049073,84.1,25
1719462049868,84.0,25
1719462050307,83.3,75
1719462050866,82.9,50
1719462051508,83.15,150
1719462051877,83.35,100
1719462052673,82.85,25
1719462052881,82.45,25
1719462053714,82.0,25
1719462053851,82.0,25
1719462054722,83.05,25
1719462054889,83.0,25
1719462055706,82.7,25
1719462055889,83.0,25
1719462056317,83.3,100
1719462056863,83.65,100
1719462057506,83.75,50
1719462057859,84.05,125
1719462058528,84.7,100
1719462058897,85.3,100
1719462059738,84.55,100
1719462059860,84.6,100
1719462060082,84.15,675
1719462060763,84.1,25
1719462060860,84.0,25
1719462061887,83.15,25
1719462061915,82.9,25
1719462062126,83.4,25
1719462062887,83.2,25
1719462063334,83.7,125
1719462064084,84.25,75
1719462064526,85.25,125
1719462064812,85.0,25
1719462065529,85.45,25
1719462065877,85.15,25
1719462066527,85.05,50
1719462066855,85.25,25
1719462067537,85.25,25
1719462068083,85.3,50
1719462068938,84.5,75
1719462069109,84.65,25
1719462069861,84.8,50
1719462070338,84.85,50
1719462070897,84.95,25
1719462071342,84.9,50
1719462071875,84.95,75
1719462072334,84.85,25
1719462072846,84.9,75
1719462073480,85.2,25
1719462073866,84.9,50
1719462074735,84.5,25
1719462074861,84.6,125
1719462075663,84.8,25
1719462075864,84.7,200
1719462076733,84.5,25
1719462076894,84.9,75
1719462077744,84.55,125
1719462077904,84.55,25
1719462078728,84.55,50
1719462078869,84.75,25
1719462079335,84.45,100
1719462079874,84.75,25
1719462080341,84.95,450
1719462080900,84.5,25
1719462081552,84.95,50
1719462081869,85.15,25
1719462082513,85.4,25
1719462082897,86.4,25
1719462083769,85.6,25
1719462083907,85.6,50
1719462084755,86.45,25
1719462084889,86.75,50
1719462085149,86.25,25
1719462085909,86.35,25
1719462086150,86.2,50
1719462086897,86.2,25
1719462087362,85.75,100
1719462087909,86.15,75
1719462088367,86.05,25
1719462088900,85.9,25
1719462089367,86.3,150
1719462089853,86.25,50
1719462090065,86.15,50
1719462090530,85.85,200
1719462090923,86.15,25
1719462091552,86.45,25
1719462091888,86.65,50
1719462092758,86.35,25
1719462092908,86.25,200
1719462093177,86.6,125
1719462093898,87.1,25
1719462094156,87.35,25
1719462094910,87.55,25
1719462095158,87.7,25
1719462095907,86.8,275
1719462096337,86.9,25
1719462096889,86.8,25
1719462097376,86.85,50
1719462097890,86.7,25
1719462098551,87.0,25
1719462098904,86.6,25
1719462099772,86.25,75
1719462099907,86.25,50
1719462100786,86.7,75
1719462100908,86.65,100
1719462101198,86.85,25
1719462101889,86.85,275
1719462102370,86.55,75
1719462102912,86.7,50
1719462103368,86.75,25
1719462103856,86.75,25
1719462104553,86.75,100
1719462104896,86.45,25
1719462105739,87.05,25
1719462105889,87.1,25
1719462106757,87.0,100
1719462106837,87.0,75
1719462107198,87.35,25
1719462107909,87.1,25
1719462108186,86.8,125
1719462108896,85.9,100
1719462109194,85.95,25
1719462109906,85.6,225
1719462110074,85.2,25
1719462110915,85.0,75
1719462111180,85.25,75
1719462111913,85.95,50
1719462112200,85.7,25
1719462112913,84.7,25
1719462113580,85.0,50
1719462113914,85.1,25
1719462114585,85.65,25
1719462114930,85.7,100
1719462115598,85.55,50
1719462115918,85.9,50
1719462116585,86.0,100
1719462116911,86.0,25
1719462117921,86.2,100
1719462117992,86.2,100
1719462118203,86.15,25
1719462118923,86.9,100
1719462119173,87.0,50
1719462119816,87.25,25
1719462120052,86.55,25
1719462120198,86.55,25
1719462120914,86.35,25
1719462121371,86.95,25
1719462121860,87.85,400
1719462122417,88.0,650
1719462122884,87.6,25
1719462123601,87.5,25
1719462123932,87.25,50
1719462124608,88.05,175
1719462124912,87.95,50
1719462125914,87.9,75
1719462126223,87.85,25
1719462126877,87.9,25
1719462127411,87.85,25
1719462127916,87.65,25
1719462128403,88.25,75
1719462128908,88.1,100
1719462129620,87.85,250
1719462130127,87.65,50
1719462130805,88.55,50
1719462130899,88.6,25
1719462131194,88.6,50
1719462131922,88.0,25
1719462132416,88.05,50
1719462132920,88.65,25
1719462133424,88.8,50
1719462133928,87.6,75
1719462134417,87.6,100
1719462134917,87.0,25
1719462135614,87.7,25
1719462135903,87.75,25
1719462136625,87.25,25
1719462136921,87.4,425
1719462137639,87.75,50
1719462137926,87.8,25
1719462138826,88.35,75
1719462138941,88.8,75
1719462139230,88.75,25
1719462139941,88.75,150
1719462140407,88.95,75
1719462140922,88.9,100
1719462141430,88.75,25
1719462141885,88.45,100
1719462142599,89.35,325
1719462143123,89.15,125
1719462143592,89.05,25
1719462143921,88.7,50
1719462144630,88.7,100
1719462144921,89.05,25
1719462145642,89.05,50
1719462145921,88.85,25
1719462146909,88.15,25
1719462147222,87.95,150
1719462147923,88.0,50
1719462148456,87.7,50
1719462148921,87.35,100
1719462149428,88.0,25
1719462149905,87.5,50
1719462150050,87.6,50
1719462150433,87.45,25
1719462150942,87.9,50
1719462151624,88.45,25
1719462151938,88.4,125
1719462152642,88.35,75
1719462152914,88.45,25
1719462153843,88.25,25
1719462153952,88.4,200
1719462154258,88.4,75
1719462154938,88.05,25
1719462155443,88.2,25
1719462155934,88.1,25
1719462156653,88.15,25
1719462156928,88.2,25
1719462157434,88.35,50
1719462157935,88.4,175
1719462158670,88.6,50
1719462158912,88.6,75
1719462159644,88.75,75
1719462159943,88.95,25
1719462160605,89.2,175
1719462160923,89.05,25
1719462161912,89.15,75
1719462162266,89.1,100
1719462162943,89.3,50
1719462163453,89.7,150
1719462163919,89.6,25
1719462164458,90.0,25
1719462164928,90.0,25
1719462165683,89.55,50
1719462165941,89.35,50
1719462166856,89.05,25
1719462166940,89.3,25
1719462167248,89.7,25
1719462167918,89.65,200
1719462168266,89.6,25
1719462168943,89.95,25
1719462169472,90.45,75
1719462169926,90.85,50
1719462170678,90.25,25
1719462170920,90.0,25
1719462171481,90.4,50
1719462171936,90.0,25
1719462172272,89.95,50
1719462172947,89.55,25
1719462173484,88.65,50
1719462173946,88.95,50
1719462174292,88.1,25
1719462174947,88.0,25
1719462175664,87.85,25
1719462175956,88.0,25
1719462176684,89.1,175
1719462176957,89.25,25
1719462177637,90.0,175
1719462177924,89.95,75
1719462178893,91.3,50
1719462178934,91.2,25
1719462179893,90.5,75
1719462180036,90.35,125
1719462180290,90.35,75
1719462180942,90.75,25
1719462181293,91.0,150
1719462181947,91.2,25
1719462182289,90.25,50
1719462182931,90.35,25
1719462183301,90.15,25
1719462183956,90.8,25
1719462184246,90.65,25
1719462184952,90.65,25
1719462185295,90.75,25
1719462185954,90.5,25
1719462186303,90.2,25
1719462186928,90.55,75
1719462187304,90.65,50
1719462187953,90.6,50
1719462188302,90.65,25
1719462188942,90.75,125
1719462189501,90.6,75
1719462189963,90.8,50
1719462190512,90.95,50
1719462190953,90.6,50
1719462191490,90.4,25
1719462191954,89.55,50
1719462192512,89.7,25
1719462192954,89.8,25
1719462193516,90.05,25
1719462193935,90.5,100
1719462194513,90.35,25
1719462194923,90.6,25
1719462195965,90.15,25
1719462196965,90.4,25
1719462197307,90.25,50
1719462197931,89.7,25
1719462198328,90.45,25
1719462198962,90.35,50
1719462199501,89.85,25
1719462199956,90.0,75
1719462200526,90.0,25
1719462200946,89.9,50
1719462201674,89.75,50
1719462202172,89.35,100
1719462202953,89.35,25
1719462203920,88.85,25
1719462203952,89.05,25
1719462204958,87.95,50
1719462205113,88.4,200
1719462205324,88.05,100
1719462205957,87.9,25
1719462206337,87.9,200
1719462206977,88.15,25
1719462207539,87.7,25
1719462207969,88.05,25
1719462208338,88.7,50
1719462208918,89.3,25
1719462209324,89.15,75
1719462210057,89.65,100
1719462210326,89.35,25
1719462210966,89.85,25
1719462211327,89.85,25
1719462211931,89.9,25
1719462212339,90.45,25
1719462212969,89.45,25
1719462213749,89.1,50
1719462213957,89.45,25
1719462214714,90.0,25
1719462214913,89.8,175
1719462215552,90.05,25
1719462215953,90.15,25
1719462216545,90.15,25
1719462216974,90.1,450
1719462217749,89.6,125
1719462217932,90.15,25
1719462218946,89.5,25
1719462218972,89.75,25
1719462219314,89.6,50
1719462219973,89.85,325
1719462220314,89.3,175
1719462220944,89.55,25
1719462221742,89.85,25
1719462221928,89.95,50
1719462222759,90.1,25
1719462222965,89.9,25
1719462223723,89.75,100
1719462223962,89.45,100
1719462224924,89.75,125
1719462224972,89.8,75
1719462225344,89.9,125
1719462225986,89.25,25
1719462226550,89.35,25
1719462226987,89.8,25
1719462227351,90.0,25
1719462227983,89.65,25
1719462228563,89.65,100
1719462228900,89.8,75
1719462229777,90.0,25
1719462229996,90.25,25
1719462230711,90.85,25
1719462230974,90.65,50
1719462231994,90.0,150
1719462232169,90.35,25
1719462232374,90.7,50
1719462232988,90.9,25
1719462233380,90.6,25
1719462233990,90.0,25
1719462234383,90.2,50
1719462234962,90.2,75
1719462235592,90.15,50
1719462235922,90.4,100
1719462236784,90.6,25
1719462236982,90.85,25
1719462237987,91.1,25
1719462238999,90.4,225
1719462240031,90.4,250
1719462240142,90.35,25
1719462240365,90.0,25
1719462240985,89.8,25
1719462241382,89.5,100
1719462241977,89.05,75
1719462242579,89.4,25
1719462242983,89.1,25
1719462243397,89.0,25
1719462244009,89.15,75
1719462244402,88.25,25
1719462244983,88.6,50
1719462245393,88.3,75
1719462246000,88.5,25
1719462246585,88.15,75
1719462246976,87.0,25
1719462247377,88.25,50
1719462247925,87.85,75
1719462248375,87.15,225
1719462249000,87.5,75
1719462249610,88.0,25
1719462250001,88.2,75
1719462250611,88.1,25
1719462251001,88.45,100
1719462251396,88.25,50
1719462252001,88.35,75
1719462252407,88.7,25
1719462253000,89.5,75
1719462253350,89.0,25
1719462253992,88.95,100
1719462254657,88.7,100
1719462254985,88.35,25
1719462256001,88.7,75
1719462256933,88.6,50
1719462257989,88.9,25
1719462259001,89.2,50
1719462259001,89.2,50
1719462260012,89.0,25
1719462261006,89.0,125
1719462261567,88.65,25
1719462261983,88.5,75
1719462262809,88.5,150
1719462262928,88.55,25
1719462263794,88.3,125
1719462264004,87.5,25
1719462264804,87.95,25
1719462265008,87.95,25
1719462265814,87.6,100
1719462265941,87.7,175
1719462266804,87.6,25
1719462267011,87.6,50
1719462268026,87.1,75
1719462269007,87.6,25
1719462269222,87.25,25
1719462269442,87.1,25
1719462270070,87.05,75
1719462270621,87.4,25
1719462270972,87.45,25
1719462271820,87.5,175
1719462272011,87.25,50
1719462273037,87.55,25
1719462274036,87.4,75
1719462274994,87.5,25
1719462276022,87.0,25
1719462276975,86.9,50
1719462277027,86.9,25
1719462277432,86.4,25
1719462278208,85.9,25
1719462278614,85.55,50
1719462279030,85.55,25
1719462279626,85.3,50
1719462280032,85.55,25
1719462280842,84.7,50
1719462281018,84.8,25
1719462282026,84.65,75
1719462283010,85.15,50
1719462284000,85.0,75
1719462284250,85.4,25
1719462284451,85.35,50
1719462285009,86.2,25
1719462285441,85.65,200
1719462286028,85.7,50
1719462286612,85.7,75
1719462286950,85.85,150
1719462287660,85.75,25
1719462328057,80.85,25
1719462328470,80.2,25
1719462329240,80.2,50
1719462329715,80.35,75
1719462330922,80.45,25
1719462331051,80.65,50
1719462331712,80.0,100
1719462332029,80.2,25
1719462332511,81.0,25
1719462333036,81.55,150
1719462333531,81.2,50
1719462334036,80.95,50
1719462334721,81.3,25
1719462334986,81.35,25
1719462335941,80.85,25
1719462336055,81.0,25
1719462336919,80.6,25
1719462337057,80.7,25
1719462337937,81.3,25
1719462338242,81.65,25
1719462338726,81.55,25
1719462339056,81.3,25
1719462339936,80.85,25
1719462340062,81.0,200
1719462341044,81.1,25
1719462341856,81.65,25
1719462342041,81.55,25
1719462348726,81.95,50
1719462349000,81.75,25
1719462349565,81.4,25
1719462349950,80.95,25
1719462350748,81.5,50
1719462350989,81.5,25
1719462351915,81.5,25
1719462352052,81.5,50
1719462353128,82.0,150
1719462354042,82.0,25
1719462354106,82.1,25
1719462355251,81.7,25
1719462355745,81.75,25
1719462356041,81.6,50
1719462357034,82.0,100
1719462357907,81.7,25
1719462358051,81.75,50
1719462359113,82.15,100
1719462359566,82.05,25
1719462360052,82.4,75
1719462360765,82.6,125
1719462361023,82.55,25
1719462361954,81.65,25
1719462362060,82.0,50
1719462363055,82.15,25
1719462363894,82.35,50
1719462364037,82.05,300
1719462365177,82.9,25
1719462366068,83.15,25
1719462366184,83.1,250
1719462366776,83.2,25
1719462367017,83.55,500
1719462367788,83.6,500
1719462368037,83.6,25
1719462368780,83.2,400
1719462369053,83.45,25
1719462369960,83.0,100
1719462369960,83.0,100
1719462370986,82.2,25
1719462371075,82.4,75
1719462372066,82.2,325
1719462373252,82.0,25
1719462405643,76.3,25
1719462406087,75.85,25
1719462406640,76.25,25
1719462407086,75.35,25
1719462407855,74.8,25
1719462408100,74.0,25
1719462408620,73.6,25
1719462409298,73.3,75
1719462410054,74.25,25
1719462413308,73.45,75
1719462414100,73.15,175
1719462414258,73.25,25
1719462415108,71.3,50
1719462415455,71.2,25
1719462416105,70.8,50
1719462416458,70.45,75
1719462416667,71.2,225
1719462417324,70.95,25
1719462417872,70.45,75
1719462418093,70.1,25
1719462418869,70.2,25
1719462419302,69.2,25
1719462420083,69.15,25
1719462420308,68.5,100
1719462421113,67.45,50
1719462421484,67.7,25
1719462422122,66.4,25
1719462422472,66.35,25
1719462423315,65.5,25
1719462423872,65.9,25
1719462424111,66.15,200
1719462425074,66.7,25
1719462425305,66.5,25
1719462426103,66.4,25
1719462426881,65.95,50
1719462427103,66.1,25
1719462427681,66.6,50
1719462428105,67.05,25
1719462428686,66.85,25
1719462429319,66.1,50
1719462429894,66.75,125
1719462430120,66.65,25
1719462431115,67.0,50
1719462432091,66.35,25
1719462432113,66.5,25
1719462433095,67.1,25
1719462433280,67.05,25
1719462434098,66.8,25
1719462434294,67.0,50
1719462435108,66.1,25
1719462435291,65.75,25
1719462436125,65.3,25
1719462436293,65.6,50
1719462436883,65.65,50
1719462437108,65.65,25
1719462437702,65.0,25
1719462438118,64.85,50
1719462438703,65.0,25
1719462439120,65.15,25
1719462440094,65.85,50
1719462440316,66.0,25
1719462441083,66.2,25
1719462441083,66.2,25
1719462441891,65.4,50
1719462442111,65.3,25
1719462442902,65.55,25
1719462443309,65.45,25
1719462444045,65.1,50
1719462444111,64.9,100
1719462445110,64.25,100
1719462445321,64.0,25
1719462446110,63.9,25
1719462446307,63.8,25
1719462447130,64.25,50
1719462447707,64.85,25
1719462448120,64.55,50
1719462448714,64.85,25
1719462449341,64.65,50
1719462449709,65.0,150
1719462450057,65.05,25
1719462450119,64.9,250
1719462450711,65.0,150
1719462451130,65.3,100
1719462451930,64.85,25
1719462452132,65.05,250
1719462452720,65.9,275
1719462453337,65.45,50
1719462453899,64.95,50
1719462454137,64.8,50
1719462454924,65.1,25
1719462455132,64.35,25
1719462456104,64.65,25
1719462456936,64.75,50
1719462457118,64.65,25
1719462457937,64.4,25
1719462458136,64.5,25
1719462458931,64.65,25
1719462459081,64.75,25
1719462459729,64.65,25
1719462460140,64.1,25
1719462460930,64.4,25
1719462461141,64.45,25
1719462461932,64.1,50
1719462462332,63.0,25
1719462462734,63.05,25
1719462463123,62.55,50
1719462463738,62.5,25
1719462464128,62.2,25
1719462464745,62.7,25
1719462465128,62.65,175
1719462466131,60.95,125
1719462466358,60.8,50
1719462467136,60.45,25
1719462468137,60.5,25
1719462468374,60.4,100
1719462469125,60.5,25
1719462469353,60.25,25
1719462470339,59.5,75
1719462470360,59.35,25
1719462471134,58.85,25
1719462471563,58.9,125
1719462471746,59.1,25
1719462472135,58.9,25
1719462472938,58.15,25
1719462473341,58.2,200
1719462474134,59.0,50
1719462474353,58.75,50
1719462475135,58.8,25
1719462475164,58.6,25
1719462476143,58.25,75
1719462476367,57.5,25
1719462477333,57.5,50
1719462477552,57.5,25
1719462478134,57.75,50
1719462478570,58.2,25
1719462479135,58.4,25
1719462479567,58.5,25
1719462479768,58.25,50
1719462480081,58.35,50
1719462480329,58.2,25
1719462480963,56.7,50
1719462481153,56.4,25
1719462482172,56.0,25
1719462486158,56.0,25
1719462487145,55.95,25
1719462487183,55.85,25
1719462488181,56.15,25
1719462488348,56.7,200
1719462489126,56.1,75
1719462489581,55.9,150
1719462489780,56.35,25
1719462490144,56.0,25
1719462490778,56.15,25
1719462491143,55.95,25
1719462491785,55.4,50
1719462492352,55.2,25
1719462492787,55.5,25
1719462493172,55.7,25
1719462493972,56.25,25
1719462494359,55.75,25
1719462495182,55.65,25
1719462496157,56.15,75
1719462496377,55.85,25
1719462497132,55.6,25
1719462497381,55.65,75
1719462498150,55.8,50
1719462498570,55.95,25
1719462498790,55.95,50
1719462499342,56.55,100
1719462499780,56.8,25
1719462500170,56.75,100
1719462500791,56.2,75
1719462501374,56.45,50
1719462502002,56.05,25
1719462502156,56.0,25
1719462503182,56.05,200
1719462504006,56.2,25
1719462504349,55.85,25
1719462505156,55.7,25
1719462505196,55.65,50
1719462506157,54.9,25
1719462506207,54.8,25
1719462507205,54.2,50
1719462508348,54.4,50
1719462508608,54.45,50
1719462508792,54.85,50
1719462509162,54.7,25
1719462510053,54.55,25
1719462510344,54.75,25
1719462513348,53.3,175
1719462513416,53.2,25
1719462514167,53.35,25
1719462514616,53.15,25
1719462514813,53.55,25
1719462515375,53.5,25
1719462515821,53.55,25
1719462516154,53.45,50
1719462517147,52.9,50
1719462519157,53.95,25
1719462519411,54.1,25
1719462520168,53.2,175
1719462520616,53.25,25
1719462521142,53.85,50
1719462521414,53.8,50
1719462522207,54.45,25
1719462522367,54.75,25
1719462523204,54.15,125
1719462524165,54.45,25
1719462524413,53.9,75
1719462525173,54.15,50
1719462525606,54.6,50
1719462525831,54.6,50
1719462526376,54.35,25
1719462527035,54.25,50
1719462527160,54.0,25
1719462527832,54.4,25
1719462528180,54.55,25
1719462529041,55.15,50
1719462532172,54.55,25
1719462532427,54.65,150
1719462533178,54.4,250
1719462533442,54.3,25
1719462534177,54.55,125
1719462534436,54.5,25
1719462535377,54.5,25
1719462535637,54.55,25
1719462535847,54.45,75
1719462536162,54.4,25
1719462545267,53.95,50
1719462545391,53.95,75
1719462546179,54.25,25
1719462546448,54.5,100
1719462547359,54.65,300
1719462547654,54.35,25
1719462548192,54.65,25
1719462548460,54.6,75
1719462549189,54.0,500
1719462549847,54.25,100
1719462550388,54.05,75
1719462551190,53.7,25
1719462551867,53.7,75
1719462552160,53.75,25
1719462553073,53.55,25
1719462553381,53.95,75
1719462554176,53.2,25
1719462555077,53.05,125
1719462555173,52.8,25
1719462556260,52.3,75
1719462556386,52.15,25
1719462557183,52.0,150
1719462557451,52.4,50
1719462558193,52.0,100
1719462558465,52.25,50
1719462559397,52.0,50
1719462559487,52.0,25
1719462560188,52.15,100
1719462560483,52.65,25
1719462561076,52.1,25
1719462561199,52.0,75
1719462562080,51.65,75
1719462562198,51.7,75
1719462563272,52.45,150
1719462563393,52.5,75
1719462564185,51.75,25
1719462564482,51.9,25
1719462565185,51.85,75
1719462565487,52.0,50
1719462566198,52.05,50
1719462566681,51.95,25
1719462566856,52.1,50
1719462567171,51.85,100
1719462568081,51.35,25
1719462575200,50.8,25
1719462575497,50.9,25
1719462576200,51.25,25
1719462576505,51.25,175
1719462577201,51.75,25
1719462602930,49.0,50
1719462603206,49.4,25
1719462604132,50.1,25
1719462604217,50.25,25
1719462605324,50.6,75
1719462606328,51.1,25
1719462606429,50.95,25
1719462607227,50.7,125
1719462607321,50.7,25
1719462608209,51.5,25
1719462608541,50.3,375
1719462609234,50.75,25
1719462609538,50.85,25
1719462610412,50.9,25
1719462610554,51.05,75
1719462611221,50.85,800
1719462611755,50.8,75
1719462611931,50.95,400
1719462612220,50.95,25
1719462612943,50.3,50
1719462613227,50.35,25
1719462614153,50.55,25
1719462614416,50.45,50
1719462615194,50.1,50
1719462616208,50.4,50
1719462617343,50.6,125
1719462618213,50.95,25
1719462618551,50.95,25
1719462619223,51.3,25
1719462619759,51.35,25
1719462619985,51.25,25
1719462620228,51.75,275
1719462620965,51.5,50
1719462621222,51.35,25
1719462622147,51.8,100
1719462622442,51.9,200
1719462623176,51.95,25
1719462623223,51.95,75
1719462624212,52.05,25
1719462625241,52.3,100
1719462626373,52.15,25
1719462627439,51.65,25
1719462627580,51.65,25
1719462628228,51.1,150
1719462628772,51.35,25
1719462628992,51.05,75
1719462629230,51.05,25
1719462630040,51.35,100
1719462630204,51.15,25
1719462631213,50.7,50
1719462632433,50.35,25
1719462633220,50.1,25
1719462633582,50.25,25
1719462634245,50.05,25
1719462634590,50.15,100
1719462635228,50.1,25
1719462635581,50.15,25
1719462636230,49.95,50
1719462636581,50.25,25
1719462637216,50.2,25
1719462638182,50.0,250
1719462638251,50.0,50
1719462639003,50.3,125
1719462639448,50.65,25
1719462639957,50.55,100
1719462640224,50.6,25
1719462640988,50.65,75
1719462641254,50.7,25
1719462641989,50.45,25
1719462642232,50.4,25
1719462643238,50.85,25
1719462644234,50.9,150
1719462644387,51.05,25
1719462645243,50.55,25
1719462645401,50.5,25
1719462646254,50.25,25
1719462646625,50.35,50
1719462647456,49.8,25
1719462647805,49.9,25
1719462647995,49.9,25
1719462648226,49.95,25
1719462648998,49.5,150
1719462649209,49.75,100
1719462650195,50.6,50
1719462650239,50.6,25
1719462651251,50.7,50
1719462652239,50.1,900
1719462653162,50.4,175
1719462653243,50.45,25
1719462657801,49.6,25
1719462658031,49.25,75
1719462658242,49.05,25
1719462659022,49.45,50
1719462659247,49.0,25
1719462660071,48.35,25
1719462660216,48.35,25
1719462660451,47.9,25
1719462661256,47.85,25
1719462662044,47.4,75
1719462662451,47.5,25
1719462663260,47.8,25
1719462664256,47.2,50
1719462665246,47.55,25
1719462665432,47.5,50
1719462666254,46.9,25
1719462666626,47.2,25
1719462667466,47.35,50
1719462667651,47.0,75
1719462668262,47.25,25
1719462668837,46.8,25
1719462669042,46.85,25
1719462669270,46.75,100
1719462670274,47.5,200
1719462671453,47.3,75
1719462672252,47.2,75
1719462672460,47.15,25
1719462673246,46.75,25
1719462673495,46.65,25
1719462674260,46.75,25
1719462674647,47.0,100
1719462675039,47.1,50
1719462675470,46.85,25
1719462676264,47.55,75
1719462677256,47.1,25
1719462678265,47.35,125
1719462678474,47.5,200
1719462679269,47.45,150
1719462679453,47.2,100
1719462680272,46.4,75
1719462680631,46.05,25
1719462681465,45.4,25
1719462681857,44.65,50
1719462682259,44.25,25
1719462683064,44.45,25
1719462683472,44.3,25
1719462684059,46.3,25
1719462684260,46.55,25
1719462685059,46.6,25
1719462685268,46.1,150
1719462686250,46.05,200
1719462686455,46.1,25
1719462687289,46.4,25
1719462688263,46.35,25
1719462688455,46.55,50
1719462689279,47.0,25
1719462689666,46.85,75
1719462690116,46.3,25
1719462690464,46.4,50
1719462690677,46.4,50
1719462691261,46.0,25
1719462691872,46.3,125
1719462692066,46.45,50
1719462692279,46.3,25
1719462693074,46.9,50
1719462693458,46.85,1350
1719462694075,47.15,375
1719462694279,47.15,100
1719462695275,46.65,50
1719462696074,47.0,25
1719462696455,46.8,75
1719462697262,46.4,25
1719462703481,45.5,50
1719462704256,45.65,125
1719462704684,45.25,25
1719462705281,44.9,25
1719462705691,45.2,25
1719462706274,45.5,25
1719462735727,41.85,25
1719462736302,41.85,25
1719462736938,42.05,25
1719462737493,42.0,25
1719462737939,41.9,25
1719462738297,42.05,25
1719462738926,41.6,25
1719462739101,41.65,25
1719462739492,41.8,25
1719462740314,41.9,25
1719462741287,42.2,25
1719462741548,42.15,25
1719462742479,42.05,100
1719462742716,42.1,125
1719462743267,42.05,25
1719462743720,42.1,150
1719462744300,42.15,75
1719462744734,42.15,25
1719462745308,42.0,25
1719462745965,42.0,25
1719462746139,42.0,25
1719462746301,42.1,25
1719462747151,42.35,25
1719462747492,42.45,50
1719462748139,42.55,125
1719462748301,42.45,25
1719462749301,42.25,50
1719462749355,42.2,25
1719462750079,42.85,25
1719462750300,42.75,50
1719462750550,43.05,25
1719462751547,42.9,1000
1719462752311,42.6,50
1719462752767,42.6,75
1719462753324,42.2,25
1719462753737,42.0,125
1719462754508,42.55,25
1719462754946,42.85,200
1719462755363,42.75,25
1719462756314,42.85,25
1719462756554,42.8,25
1719462757517,42.15,250
1719462757737,42.25,25
1719462758314,42.55,25
1719462758571,42.7,75
1719462759320,42.65,200
1719462759754,42.45,25
1719462760322,42.65,25
1719462760962,42.8,25
1719462761298,42.9,50
1719462761343,42.8,25
1719462762375,42.8,500
1719462762544,42.7,25
1719462763350,42.7,300
1719462764304,43.0,50
1719462764564,43.0,25
1719462765285,43.0,125
1719462765752,42.95,25
1719462766520,42.8,50
1719462766960,42.85,175
1719462767317,43.0,75
1719462767759,42.85,25
1719462768318,42.8,100
1719462768750,42.95,25
1719462769361,42.7,50
1719462770327,42.55,25
1719462770368,42.5,25
1719462771323,42.3,25
1719462771780,40.35,125
1719462772574,40.3,25
1719462773317,40.0,75
1719462773576,39.8,200
1719462774318,40.15,100
1719462774781,39.7,100
1719462775533,39.45,100
1719462775979,39.55,1000
1719462776181,39.45,25
1719462776316,39.55,50
1719462777184,40.45,100
1719462777323,40.3,125
1719462778183,40.2,25
1719462778329,40.4,50
1719462779378,40.6,50
1719462779524,40.45,100
1719462780052,40.25,25
1719462780403,40.3,25
1719462781583,39.05,25
1719462782330,39.25,50
1719462782777,39.45,25
1719462783337,39.15,25
1719462783806,39.35,25
1719462784339,39.1,50
1719462784795,39.25,25
1719462785531,39.1,25
1719462786002,39.5,25
1719462786196,39.45,50
1719462786322,39.4,25
1719462787316,39.0,25
1719462787591,39.0,25
1719462788600,39.15,25
1719462789332,39.25,25
1719462789597,39.0,250
1719462790188,38.55,50
1719462790322,38.65,25
1719462791342,38.3,25
1719462791407,38.3,25
1719462792533,38.2,75
1719462792611,38.25,200
1719462793332,38.7,25
1719462793618,38.9,25
1719462794328,38.65,50
1719462794794,38.85,25
1719462795538,38.65,25
1719462795797,38.6,25
1719462796335,38.55,300
1719462797006,38.8,1575
1719462797332,38.8,400
1719462797405,38.8,200
1719462798336,39.25,25
1719462798814,39.0,25
1719462799331,39.05,175
1719462799613,39.0,225
1719462800610,38.35,225
1719462801354,38.45,25
1719462801807,38.55,50
1719462802349,38.6,25
1719462803024,38.35,50
1719462803352,38.5,25
1719462803416,38.45,25
1719462804524,38.35,25
1719462804613,38.55,25
1719462805360,38.6,50
1719462805616,38.55,50
1719462806352,38.85,100
1719462806825,39.0,50
1719462807523,39.1,25
1719462808013,39.15,25
1719462808328,39.3,100
1719462809035,39.4,175
1719462809343,39.35,25
1719462810080,39.75,175
1719462810533,39.65,150
1719462811036,39.75,50
1719462811445,39.85,25
1719462812355,40.0,750
1719462812630,40.2,75
1719462813527,39.6,25
1719462813842,39.25,25
1719462814344,39.9,50
1719462814836,39.95,25
1719462815544,39.85,25
1719462816033,39.95,25
1719462816364,39.9,25
1719462817039,40.0,25
1719462817242,39.9,25
1719462817343,39.85,25
1719462818339,40.4,150
1719462818430,40.3,25
1719462819628,40.6,125
1719462820362,41.2,50
1719462820837,41.25,25
1719462821327,41.35,50
1719462821851,41.4,100
1719462822241,41.2,25
1719462822360,40.95,25
1719462823234,40.95,100
1719462823504,40.9,25
1719462824331,40.95,25
1719462824450,40.95,75
1719462825449,41.15,350
1719462825555,40.9,50
1719462826360,41.45,25
1719462826650,41.55,50
1719462827364,40.9,50
1719462827653,41.1,50
1719462828532,41.45,50
1719462828651,41.4,50
1719462829371,41.35,25
1719462830046,41.2,25
1719462830352,41.05,25
1719462830859,41.15,25
1719462831549,41.35,100
1719462832055,41.2,25
1719462832262,41.1,50
1719462832350,41.05,25
1719462833244,40.85,50
1719462833352,40.9,100
1719462834339,41.15,100
1719462834664,41.0,25
1719462835563,40.95,25
1719462835869,40.95,25
1719462836387,41.2,25
1719462836845,41.2,50
1719462837364,41.15,50
1719462837863,41.1,450
1719462838366,40.95,1000
1719462839054,41.0,1525
1719462839273,40.85,50
1719462839365,40.8,25
1719462840058,40.35,100
1719462840455,40.4,50
1719462840541,40.4,25
1719462841273,40.65,50
1719462841342,40.6,300
1719462842267,40.4,25
1719462842345,40.35,50
1719462843370,40.4,75
1719462844372,40.25,100
1719462844666,40.3,225
1719462845443,40.3,75
1719462846357,40.6,25
1719462846684,40.95,25
1719462847552,40.95,25
1719462847869,41.35,25
1719462848353,41.4,100
1719462848879,41.2,25
1719462849370,41.2,150
1719462849675,41.25,25
1719462850371,41.15,25
1719462851084,40.95,25
1719462851382,41.15,25
1719462852059,40.55,25
1719462852365,40.8,250
1719462853278,41.05,50
1719462853355,41.0,150
1719462854295,41.05,125
1719462854369,41.15,25
1719462855682,41.1,75
1719462856377,40.9,25
1719462856681,41.1,25
1719462857347,41.25,50
1719462857892,41.1,25
1719462858374,41.1,50
1719462858893,41.4,25
1719462859355,41.2,25
1719462859894,41.0,25
1719462860476,41.1,25
1719462860561,41.05,25
1719462861355,41.15,25
1719462861494,41.1,100
1719462862369,40.75,200
1719462862703,40.75,225
1719462863574,40.6,100
1719462863701,40.7,75
1719462864369,40.55,25
1719462864910,40.55,25
1719462865376,40.5,150
1719462865902,40.3,350
1719462866585,40.55,25
1719462867079,40.8,25
1719462867361,40.7,25
1719462868369,40.5,25
1719462868489,40.35,25
1719462869332,40.75,25
1719462869713,40.9,50
1719462870085,40.95,25
1719462870699,40.75,25
1719462871382,41.0,25
1719462871708,40.85,25
1719462872381,40.75,25
1719462872900,41.05,75
1719462873384,40.5,150
1719462873899,40.75,25
1719462874608,40.8,25
1719462874917,40.6,350
1719462875332,40.4,25
1719462875377,40.45,100
1719462876393,40.35,25
1719462876512,40.25,25
1719462877396,40.4,25
1719462877514,40.4,25
1719462878402,40.25,200
1719462878721,40.05,50
1719462879402,40.25,50
1719462880069,40.2,100
1719462880318,40.15,25
1719462880582,39.95,75
1719462881407,39.65,25
1719462881534,39.65,50
1719462882371,40.0,50
1719462882515,39.7,225
1719462883387,39.55,25
1719462883533,39.65,225
1719462884388,40.0,425
1719462884540,39.85,50
1719462885385,40.05,175
1719462885736,40.5,50
1719462886365,39.85,150
1719462886538,40.0,25
1719462887373,40.0,75
1719462887532,39.8,25
1719462888529,40.05,125
1719462888587,40.15,25
1719462889393,40.2,25
1719462889538,40.25,25
1719462890396,39.85,100
1719462890745,39.8,100
1719462891332,39.95,25
1719462891721,40.05,25
1719462892396,39.75,1675
1719462892875,39.95,50
1719462893378,39.8,50
1719462893950,39.95,25
1719462894393,39.7,100
1719462895135,39.45,150
1719462895594,39.65,25
1719462896402,39.6,50
1719462896741,39.55,50
1719462897412,39.3,25
1719462897517,39.1,25
1719462898400,38.9,25
1719462898747,38.7,25
1719462899609,38.25,25
1719462900067,38.3,25
1719462900416,38.2,150
1719462900764,37.85,25
1719462901389,38.15,25
1719462901952,38.5,25
1719462902406,38.45,50
1719462903161,39.05,25
1719462903615,39.8,50
1719462904128,39.95,100
1719462904409,40.3,25
1719462905155,40.4,25
1719462905358,40.45,25
1719462905596,40.7,100
1719462906415,40.55,200
1719462906761,40.2,75
1719462907430,39.9,50
1719462907956,39.7,25
1719462908401,39.85,25
1719462908957,39.95,1025
1719462909611,39.85,375
1719462910149,39.85,75
1719462910405,40.1,1175
1719462911171,40.45,25
1719462911402,40.35,50
1719462911551,40.4,25
1719462912405,40.15,25
1719462912567,40.25,25
1719462913408,40.25,50
1719462913560,40.2,75
1719462914411,40.3,125
1719462914770,40.35,25
1719462915409,40.05,200
1719462915978,39.55,25
1719462916605,39.8,25
1719462916980,39.95,50
1719462917413,40.25,175
1719462918193,40.3,25
1719462918413,40.2,25
1719462919417,39.95,25
1719462919579,39.95,25
1719462920400,40.15,50
1719462920740,40.4,25
1719462921407,40.0,425
1719462921981,39.35,225
1719462922616,39.05,25
1719462922775,39.2,100
1719462923402,39.6,25
1719462923786,39.7,150
1719462924413,39.65,25
1719462924963,39.3,200
1719462925409,39.3,25
1719462925792,39.4,25
1719462926415,39.85,100
1719462927194,39.5,50
1719462927374,39.45,25
1719462927424,39.6,50
1719462928413,39.75,25
1719462929406,39.85,25
1719462929578,40.0,300
1719462930080,40.1,25
1719462930425,40.1,300
1719462930581,40.1,25
1719462931612,40.15,50
1719462931796,40.2,50
1719462932379,39.95,25
1719462932792,40.1,1000
1719462933436,40.1,275
1719462933985,39.95,50
1719462934431,39.95,25
1719462935000,40.0,100
1719462935415,40.0,25
1719462936191,39.85,275
1719462936395,39.75,25
1719462936462,39.65,25
1719462937628,39.2,25
1719462938425,38.8,25
1719462938816,39.05,150
1719462939421,39.0,25
1719462940002,39.0,25
1719462940626,39.05,100
1719462941005,39.2,25
1719462941436,38.95,25
1719462942002,39.4,25
1719462942432,39.0,25
1719462943004,39.35,175
1719462943438,39.05,25
1719462944220,38.75,25
1719462944403,38.75,25
1719462944634,38.8,50
1719462945416,39.15,150
1719462945609,38.95,25
1719462946391,39.15,25
1719462946807,39.4,350
1719462947637,39.55,25
1719462948027,39.3,75
1719462948431,39.45,300
1719462949019,39.5,100
1719462949396,39.6,25
1719462950214,39.8,25
1719462950437,39.85,25
1719462951645,39.7,25
1719462952429,40.25,25
1719462953447,40.0,200
1719462953609,39.95,25
1719462954435,40.0,100
1719462954609,39.95,200
1719462955431,39.7,50
1719462955643,39.7,25
1719462956438,40.0,150
1719462956826,40.2,200
1719462957451,40.0,25
1719462958014,40.2,25
1719462958414,40.25,250
1719462959038,40.3,125
1719462959633,40.2,175
1719462960079,40.0,125
1719462960244,39.85,100
1719462960439,39.65,25
1719462961437,38.95,25
1719462961850,38.95,125
1719462962675,38.75,125
1719462962832,38.9,25
1719462963426,39.05,50
1719462964030,39.75,500
1719462964458,39.9,25
1719462965246,39.95,1000
1719462965427,40.0,75
1719462965635,40.05,75
1719462966451,39.8,25
1719462967460,39.9,25
1719462967645,39.85,50
1719462968415,39.85,25
1719462968642,40.35,25
1719462969646,39.45,75
1719462969856,39.4,125
1719462970444,39.05,75
1719462970842,39.45,25
1719462971438,39.4,25
1719462971760,39.45,25
1719462972445,39.25,25
1719462973040,39.4,25
1719462973615,39.4,25
1719462974054,39.35,450
1719462974456,39.4,50
1719462975057,39.35,75
1719462975456,39.2,25
1719462976255,39.2,25
1719462976461,39.3,100
1719462977434,39.3,250
1719462977663,39.2,25
1719462978621,39.45,500
1719462978876,39.5,150
1719462979432,39.65,25
1719462979871,39.65,25
1719462980456,39.6,25
1719462981057,39.65,25
1719462981449,39.55,25
1719462982082,39.45,425
1719462982464,39.35,50
1719462983057,39.6,125
1719462983451,39.6,25
1719462983671,39.65,50
1719462984446,39.35,400
1719462984677,39.4,100
1719462985450,39.65,25
1719462985660,39.55,75
1719462986443,40.0,50
1719462986874,40.15,50
1719462987488,39.7,25
1719462987651,39.8,25
1719462988457,39.9,25
1719462988643,40.15,275
1719462989457,40.1,25
1719462989653,40.05,25
1719462990089,39.95,850
1719462990436,39.7,75
1719462990691,39.9,125
1719462991410,40.05,25
1719462991945,40.15,25
1719462992421,39.8,25
1719462992867,40.0,225
1719462993438,39.95,225
1719462993866,39.8,25
1719462994666,39.85,650
1719462994890,39.9,100
1719462995449,40.05,25
1719462995875,40.15,375
1719462996461,40.1,25
1719462997097,39.75,25
1719462997468,40.15,250
1719462998097,40.05,75
1719462998477,40.15,625
1719462998675,40.1,50
1719462999464,39.9,25
1719462999661,39.9,25
1719463000444,40.0,125
1719463000670,40.05,500
1719463001441,40.3,50
1719463001685,40.15,25
1719463002512,40.05,50
1719463003446,40.3,25
1719463003684,40.15,25
1719463004469,40.1,1725
1719463004716,40.0,25
1719463005631,40.3,475
1719463005905,40.15,500
1719463006480,40.1,50
1719463006908,40.2,1225
1719463007454,39.95,25
1719463008111,39.85,75
1719463008464,39.7,100
1719463009087,39.5,200
1719463014893,39.55,25
1719463015470,39.65,25
1719463015733,39.65,50
1719463016466,39.55,100
1719463016938,39.4,25
1719463017475,39.2,25
1719463018319,39.0,25
1719463018527,39.0,50
1719463019494,38.6,50
1719463019707,38.65,150
1719463020061,38.35,25
1719463020533,38.25,50
1719463021531,37.7,50
1719463022477,37.55,150
1719463022932,38.0,25
1719463023670,37.95,25
1719463023926,37.9,25
1719463024479,37.65,25
1719463025127,37.95,400
1719463025462,37.9,175
1719463026318,37.85,25
1719463026519,37.95,50
1719463027475,38.05,25
1719463027744,37.85,25
1719463028480,37.55,50
1719463028739,37.35,25
1719463029487,37.2,75
1719463030153,37.0,50
1719463030480,36.85,50
1719463031135,36.15,100
1719463031475,36.1,25
1719463032339,36.65,25
1719463032473,36.7,150
1719463032545,36.7,900
1719463033558,37.0,25
1719463033681,37.25,1300
1719463034470,37.6,25
1719463034558,37.8,25
1719463035478,38.55,25
1719463035740,38.8,25
1719463036476,38.85,125
1719463036773,39.05,50
1719463037482,38.8,25
1719463037940,38.8,25
1719463038680,39.15,25
1719463038928,39.0,75
1719463039485,38.9,175
1719463039961,38.9,25
1719463040485,39.0,50
1719463041370,38.95,25
1719463041490,38.9,100
1719463041571,39.1,25
1719463042549,39.05,25
1719463043761,39.15,200
1719463044482,38.7,475
1719463044933,38.6,75
1719463045439,38.85,25
1719463045967,38.9,25
1719463046488,38.9,25
1719463047187,38.9,450
1719463047487,38.85,150
1719463048168,38.9,50
1719463048490,38.95,75
1719463049151,39.0,25
1719463049501,39.0,50
1719463049783,39.0,75
1719463050053,38.95,650
1719463050490,39.0,25
1719463050953,39.15,25
1719463051488,39.25,25
1719463052162,39.5,950
1719463052500,39.9,50
1719463053193,39.65,25
1719463053483,39.75,50
1719463054179,39.8,225
1719463054486,39.8,125
1719463055198,39.75,200
1719463055499,39.85,75
1719463056177,39.7,125
1719463056482,39.65,550
1719463056580,39.8,50
1719463057493,39.85,75
1719463057798,40.0,25
1719463058589,40.15,50
1719463059601,40.05,25
1719463060679,40.05,175
1719463060805,40.05,100
1719463061481,39.75,25
1719463061994,39.65,125
1719463062496,39.45,75
1719463062989,39.9,25
1719463063484,40.0,25
1719463063960,40.1,25
1719463064483,40.25,275
1719463065200,40.3,25
1719463065507,40.3,225
1719463066193,40.25,25
1719463066514,40.25,25
1719463067189,40.4,1000
1719463067516,40.0,425
1719463068504,39.7,25
1719463068594,39.6,25
1719463069591,40.0,25
1719463070517,39.55,250
1719463070823,39.5,25
1719463071705,39.95,25
1719463071998,39.85,150
1719463072462,39.8,500
1719463073000,40.1,150
1719463073502,40.2,25
1719463074195,40.35,175
1719463074517,40.25,100
1719463075179,40.2,25
1719463075489,40.2,150
1719463075615,40.2,100
1719463076511,40.15,200
1719463076818,40.2,25
1719463077823,40.05,100
1719463078516,40.0,25
1719463079015,40.45,50
1719463079520,40.4,75
1719463080047,40.4,25
1719463080239,40.35,25
1719463080707,40.4,50
1719463081406,40.2,1550
1719463081467,40.1,25
1719463081615,40.15,50
1719463082641,40.1,25
1719463083508,40.1,25
1719463083809,40.15,25
1719463084519,39.6,25
1719463085023,39.45,25
1719463085513,39.2,150
1719463086035,39.75,100
1719463086516,40.0,225
1719463087236,39.7,50
1719463087719,39.6,25
1719463088222,39.65,25
1719463088521,39.8,50
1719463089499,40.0,25
1719463089576,39.95,325
1719463090518,40.05,25
1719463090627,40.0,25
1719463091498,39.85,25
1719463091837,39.75,125
1719463092516,39.85,50
1719463092797,40.0,100
1719463093508,40.2,200
1719463094035,39.85,25
1719463094525,39.85,50
1719463095250,39.7,25
1719463095529,39.85,150
1719463096451,39.0,150
1719463096712,39.2,25
1719463097431,39.5,25
1719463097530,39.35,25
1719463098250,39.55,25
1719463098525,39.6,75
1719463099433,40.05,25
1719463099532,40.05,25
1719463099629,39.75,50
1719463100533,39.6,25
1719463100657,39.55,25
1719463101511,39.4,25
1719463102052,39.5,50
1719463102509,39.4,50
1719463103045,39.5,50
1719463103512,39.45,250
1719463104235,39.45,25
1719463104520,39.5,50
1719463105064,39.35,25
1719463105508,39.35,25
1719463105648,39.4,25
1719463106660,39.2,25
1719463107533,39.3,75
1719463107849,39.55,125
1719463108509,39.45,25
1719463108854,39.5,250
1719463109535,39.55,25
1719463109863,39.75,50
1719463110066,39.75,575
1719463110505,39.5,25
1719463110862,39.55,25
1719463111521,39.55,25
1719463111842,39.7,25
1719463112508,39.85,50
1719463112877,39.7,125
1719463113511,39.5,25
1719463114054,39.7,1275
1719463114547,40.05,250
1719463115046,39.9,25
1719463115527,39.85,75
1719463116272,39.8,25
1719463116723,39.75,75
1719463117274,39.9,50
1719463117540,39.7,50
1719463118474,39.3,250
1719463118544,39.3,75
1719463118873,39.6,50
1719463119531,39.55,50
1719463119683,39.65,25
1719463120493,39.35,25
1719463120649,39.35,50
1719463121552,38.25,75
1719463121894,38.35,25
1719463122558,38.15,325
1719463122880,37.9,50
1719463123500,38.35,50
1719463123884,37.8,25
1719463124540,37.95,25
1719463124866,38.35,25
1719463125527,38.05,50
1719463126087,37.9,800
1719463126519,38.0,25
1719463126892,37.5,25
1719463127536,37.05,25
1719463127900,37.35,100
1719463128743,38.45,50
1719463129086,38.55,50
1719463129556,39.05,125
1719463129904,39.15,25
1719463130553,39.0,25
1719463131100,39.35,25
1719463131548,39.45,25
1719463132280,39.45,50
1719463132527,39.45,25
1719463133482,39.15,400
1719463133562,39.1,25
1719463133695,39.05,50
1719463134534,39.0,75
1719463134896,39.3,100
1719463135521,39.35,75
1719463136095,39.25,100
1719463136504,39.15,75
1719463137301,39.0,250
1719463137519,39.15,800
1719463138280,39.0,25
1719463138532,38.95,75
1719463139545,38.3,325
1719463140078,38.3,25
1719463140540,38.85,25
1719463141302,38.3,125
1719463141549,38.35,50
1719463142537,38.3,700
1719463142724,38.45,150
1719463143600,38.7,50
1719463143685,38.85,25
1719463144533,38.85,25
1719463144917,39.05,200
1719463145536,38.95,25
1719463145914,38.7,25
1719463146536,38.65,100
1719463147065,38.5,25
1719463147558,38.65,25
1719463148116,38.5,100
1719463148544,38.5,25
1719463149091,38.4,200
1719463150310,38.7,50
1719463150540,38.8,25
1719463151550,38.6,25
1719463151724,38.75,25
1719463152552,38.65,50
1719463152716,38.6,25
1719463153535,38.65,25
1719463153716,38.25,25
1719463154557,38.35,50
1719463154922,37.95,25
1719463155577,37.95,25
1719463155744,38.05,300
1719463156568,38.1,25
1719463156745,38.05,25
1719463157566,38.1,250
1719463157728,38.25,425
1719463158562,38.45,25
1719463158726,38.45,100
1719463159539,38.6,25
1719463159931,38.65,225
1719463160532,38.5,50
1719463160932,38.5,50
1719463161560,38.4,1250
1719463161939,38.3,25
1719463162565,38.4,25
1719463163093,38.4,300
1719463163562,38.35,75
1719463164110,38.3,25
1719463164567,38.15,50
1719463165139,38.15,25
1719463165517,38.0,450
1719463166132,38.25,50
1719463166540,38.35,50
1719463167160,38.3,25
1719463167551,38.45,50
1719463168331,38.35,275
1719463168575,38.35,325
1719463169305,38.55,25
1719463169563,38.7,75
1719463170084,38.8,50
1719463170357,38.5,25
1719463170535,38.7,75
1719463171350,38.8,25
1719463171551,38.55,50
1719463171750,38.6,50
1719463172564,38.7,250
1719463172932,38.45,25
1719463173513,38.45,25
1719463173920,38.6,25
1719463174561,38.55,50
1719463174970,38.65,425
1719463175565,38.85,25
1719463175971,39.05,50
1719463176566,38.7,25
1719463176957,38.7,25
1719463177627,38.7,100
1719463177976,38.75,50
1719463178527,38.9,25
1719463178947,38.55,25
1719463179555,38.9,25
1719463180192,39.05,25
1719463180576,38.85,25
1719463181120,38.4,25
1719463181745,37.95,25
1719463182371,37.9,75
1719463182546,37.65,50
1719463183162,37.6,25
1719463183534,37.65,525
1719463184372,37.95,25
1719463184569,37.75,25
1719463185369,38.0,50
1719463185556,38.1,50
1719463186577,38.6,25
1719463186775,38.5,25
1719463187575,38.5,50
1719463187943,38.5,75
1719463188587,38.5,25
1719463188997,38.7,50
1719463189540,38.7,25
1719463190166,38.8,50
1719463190557,38.8,100
1719463191369,39.0,50
1719463191587,38.75,50
1719463192583,38.3,325
1719463192783,38.35,25
1719463193574,38.5,25
1719463193694,38.5,25
1719463194627,38.65,475
1719463194739,38.65,50
1719463195573,38.55,25
1719463195990,38.8,200
1719463196610,38.55,25
1719463196796,38.45,175
1719463197588,38.5,400
1719463197795,38.6,25
1719463198578,38.4,25
1719463198932,38.45,25
1719463199600,38.2,350
1719463200054,38.45,25
1719463200173,38.3,50
1719463200786,38.2,125
1719463201401,38.15,25
1719463201573,37.95,25
1719463202583,38.05,200
1719463202793,38.15,25
1719463203590,38.55,25
1719463203793,38.8,175
1719463204594,38.25,25
1719463204799,38.1,1800
1719463205596,38.5,25
1719463205780,38.45,25
1719463206536,38.4,25
1719463206826,38.35,125
1719463207601,38.1,50
1719463207790,37.95,75
1719463208583,38.25,25
1719463208779,38.2,100
1719463209603,38.5,25
1719463209974,38.45,925
1719463210545,37.75,50
1719463211070,37.6,50
1719463211585,37.35,175
1719463212225,37.35,50
1719463212556,37.2,25
1719463213217,37.4,100
1719463213555,37.4,25
1719463214422,37.25,25
1719463214571,37.3,50
1719463215406,37.95,75
1719463215556,37.9,150
1719463216434,37.8,25
1719463216534,37.8,25
1719463217436,37.8,150
1719463217594,37.8,25
1719463217828,37.8,125
1719463218578,38.1,50
1719463218817,38.15,175
1719463219606,38.1,50
1719463219828,38.25,25
1719463220595,38.25,1525
1719463221227,38.15,25
1719463221593,38.2,125
1719463222227,37.8,100
1719463222605,37.95,100
1719463223622,37.8,150
1719463223827,38.0,300
1719463224589,37.5,25
1719463224812,37.4,25
1719463225830,37.75,25
1719463226610,37.4,25
1719463226854,37.35,175
1719463227576,36.75,250
1719463227843,36.8,50
1719463228601,36.5,25
1719463229226,37.0,25
1719463229601,37.2,625
1719463230082,37.5,25
1719463230609,37.3,25
1719463231049,37.7,50
1719463231592,37.6,350
1719463232014,37.1,175
1719463232604,36.8,50
1719463233223,37.2,350
1719463233600,37.45,25
1719463234208,37.4,775
1719463234605,37.25,25
1719463235234,37.45,100
1719463235600,37.8,25
1719463236211,38.0,200
1719463236599,37.9,25
1719463237261,37.65,50
1719463237615,37.75,175
1719463238238,37.65,25
1719463254611,37.9,50
1719463255289,37.9,575
1719463255623,37.6,275
1719463256476,37.9,75
1719463256619,37.95,25
1719463257490,38.25,25
1719463257546,38.1,225
1719463258682,38.2,25
1719463258846,38.3,525
1719463259628,38.1,25
1719463260080,38.2,25
1719463260281,38.4,25
1719463260569,38.3,200
1719463261096,38.4,50
1719463261611,37.85,25
1719463262110,37.25,25
1719463262629,37.2,25
1719463263271,37.55,25
1719463263623,37.7,25
1719463264483,37.8,50
1719463264639,37.8,475
1719463265619,37.9,25
1719463266439,37.6,25
1719463266626,37.5,25
1719463267513,37.45,100
1719463267636,37.55,25
1719463281130,35.15,50
1719463281624,35.45,25
1719463282332,35.15,25
1719463282631,35.2,800
1719463283636,35.7,150
1719463285546,36.2,25
1719463285619,36.15,25
1719463286645,36.15,50
1719463286727,36.05,25
1719463286915,36.05,100
1719463287832,36.55,275
1719463287945,36.6,100
1719463288650,36.8,50
1719463289126,36.65,175
1719463289644,36.65,1100
1719463290083,36.6,175
1719463290345,36.7,25
1719463290605,36.55,225
1719463291139,36.4,50
1719463291631,36.55,275
1719463292313,36.45,25
1719463292614,36.45,25
1719463293329,36.7,25
1719463293638,36.6,25
1719463294546,36.65,25
1719463294649,36.7,25
1719463295636,35.8,25
1719463295749,35.9,25
1719463295929,36.05,25
1719463296655,36.15,50
1719463296949,36.0,50
1719463297643,36.3,25
1719463298136,36.05,25
1719463298650,35.9,400
1719463299337,36.05,75
1719463299847,36.0,25
1719463300348,35.6,25
1719463300622,35.95,1150
1719463301156,35.95,375
1719463301650,35.85,100
1719463304547,36.2,50
1719463304639,36.25,100
1719463305664,36.6,750
1719463305758,36.65,25
1719463305954,36.55,25
1719463306649,36.25,75
1719463306944,36.45,150
1719463308656,36.45,125
1719463308958,36.45,25
1719463309638,36.65,25
1719463310175,36.7,600
1719463310867,36.75,675
1719463310934,36.55,25
1719463311660,36.65,25
1719463311962,36.5,325
1719463312659,36.1,100
1719463313180,36.15,25
1719463313662,36.15,350
1719463314364,36.35,25
1719463314657,36.2,125
1719463315366,36.25,50
1719463315665,36.2,50
1719463315968,36.3,1050
1719463316676,36.25,50
1719463317147,36.6,250
1719463317661,36.6,50
1719463318195,36.6,25
1719463318665,36.65,25
1719463319148,36.75,25
1719463319668,36.8,25
1719463320070,36.6,250
1719463320172,36.55,25
1719463329409,36.2,125
1719463329666,36.15,25
1719463330372,36.35,25
1719463330825,36.65,100
1719463331574,36.7,50
1719463331662,36.6,25
1719463358667,35.1,75
1719463358837,35.1,25
1719463359035,34.95,25
1719463359679,35.1,25
1719463360240,34.7,25
1719463360696,34.8,75
1719463361353,34.7,50
1719463361694,34.6,50
1719463362432,35.0,100
1719463362690,35.1,75
1719463363679,35.65,100
1719463363847,35.5,25
1719463364012,35.45,250
1719463364680,35.1,50
1719463365254,35.1,25
1719463365673,35.15,25
1719463366252,35.25,125
1719463366681,35.3,25
1719463367408,35.4,50
1719463367705,35.4,25
1719463368421,35.35,100
1719463368679,35.4,175
1719463369646,35.2,25
1719463369869,35.1,500
1719463370620,35.2,25
1719463370707,35.3,200
1719463371675,35.0,550
1719463372686,34.75,25
1719463372855,34.8,25
1719463373023,34.85,50
1719463373683,35.05,25
1719463374260,34.75,25
1719463374696,34.65,50
1719463376681,35.15,250
1719463376854,34.85,100
1719463377097,34.8,25
1719463377686,34.85,125
1719463378059,35.1,25
1719463378688,35.15,500
1719463379049,35.3,200
1719463379692,35.65,25
1719463380045,35.65,100
1719463380242,35.7,25
1719463380709,35.75,25
1719463381278,36.05,125
1719463381688,36.4,25
1719463382259,36.3,350
1719463382646,36.1,25
1719463383267,36.4,225
1719463383670,36.45,25
1719463384470,36.15,150
1719463384689,35.85,75
1719463385680,36.0,475
1719463386674,36.05,25
1719463386696,36.1,25
1719463387682,35.85,250
1719463387886,35.7,125
1719463388063,36.0,25
1719463388683,36.0,25
1719463389281,36.25,325
1719463389692,36.1,25
1719463390288,36.25,25
1719463390718,36.45,75
1719463391476,36.7,25
1719463391695,36.65,25
1719463392065,36.8,50
1719463392688,36.85,50
1719463393038,36.7,150
1719463393687,36.85,25
1719463394470,36.9,25
1719463394886,37.2,25
1719463395684,37.0,200
1719463395709,37.05,25
1719463396709,37.15,100
1719463397703,37.15,25
1719463398103,37.25,25
1719463398709,37.2,50
1719463399285,36.95,50
1719463399712,36.95,1800
1719463400080,36.85,25
1719463400718,36.9,75
1719463401495,37.35,50
1719463401720,37.35,50
1719463402461,37.35,25
1719463402680,37.35,75
1719463403494,37.15,50
1719463403709,37.2,50
1719463404486,37.5,75
1719463404702,37.5,25
1719463405508,37.35,50
1719463405690,37.4,25
1719463406710,37.95,525
1719463406880,38.05,25
1719463407075,38.0,50
1719463407710,38.7,1625
1719463408301,38.45,25
1719463408706,38.75,25
1719463409484,38.65,25
1719463409719,39.0,150
1719463410066,39.3,25
1719463410494,39.4,50
1719463410719,39.4,50
1719463411714,38.8,25
1719463412491,38.9,100
1719463412734,38.95,25
1719463413706,38.8,25
1719463414736,38.95,600
1719463415713,39.3,50
1719463415906,39.05,75
1719463416091,39.05,25
1719463416724,39.65,25
1719463417135,39.45,600
1719463417728,39.8,100
1719463418113,39.65,100
1719463418717,39.2,25
1719463419136,39.4,200
1719463419703,39.45,25
1719463420111,39.55,25
1719463420720,39.55,25
1719463421303,39.2,50
1719463421727,39.25,25
1719463422131,39.1,25
1719463422732,39.55,200
1719463423320,39.8,25
1719463423712,39.8,200
1719463424520,39.25,475
1719463424935,39.4,25
1719463425524,39.35,25
1719463425722,39.5,525
1719463426708,39.5,125
1719463427735,39.85,25
1719463428932,42.2,75
1719463429344,42.3,50
1719463429725,42.55,25
1719463430523,41.35,150
1719463430725,41.25,25
1719463431731,41.15,50
1719463432549,42.05,50
1719463432737,42.8,150
1719463433740,42.15,25
1719463433946,41.8,25
1719463434948,41.85,25
1719463435143,41.8,50
1719463435735,42.1,25
1719463436132,41.8,775
1719463436722,41.75,50
1719463437356,41.85,50
1719463437746,41.8,325
1719463438547,41.8,200
1719463438732,41.5,50
1719463439545,41.85,175
1719463439958,41.65,25
1719463440083,41.85,25
1719463440738,41.4,25
1719463440937,41.45,50
1719463441150,41.75,75
1719463441745,41.5,25
1719463442154,41.65,75
1719463442729,40.85,25
1719463443161,41.0,50
1719463443756,40.55,200
1719463444161,40.4,25
1719463444734,40.75,150
1719463445309,40.3,725
1719463457380,40.45,50
1719463457748,40.25,150
1719463458367,40.45,25
1719463458755,40.25,50
1719463459345,40.75,100
1719463459752,41.1,125
1719463460566,40.8,300
1719463460752,40.85,200
1719463461794,41.55,50
1719463462746,41.0,250
1719463462964,41.1,25
1719463463178,40.95,100
1719463463776,40.5,100
1719463466581,41.1,75
1719463466769,40.95,25
1719463467783,40.55,75
1719463468739,40.45,25
1719463468787,40.5,50
1719463469750,40.25,75
1719463470074,40.25,25
1719463470167,40.2,100
1719463470964,39.0,125
1719463471186,38.7,350
1719463471740,39.05,25
1719463472402,38.85,300
1719463472733,38.7,25
1719463473388,38.9,25
1719463473746,38.9,75
1719463474392,38.6,50
1719463474762,38.7,25
1719463475605,38.85,25
1719463475724,38.85,25
1719463476594,38.5,450
1719463476751,38.55,50
1719463477710,38.85,75
1719463477794,38.7,25
1719463478757,39.5,200
1719463478794,39.55,25
1719463479755,39.45,25
1719463479983,39.8,25
1719463480199,39.8,75
1719463480761,40.2,25
1719463481211,40.2,50
1719463481751,40.4,25
1719463482411,40.3,75
1719463482735,40.35,25
1719463483605,40.7,450
1719463483965,40.35,50
1719463484763,40.3,25
1719463484800,40.3,200
1719463485755,40.45,25
1719463486017,40.25,25
1719463486773,40.25,100
1719463486989,40.35,75
1719463487222,40.55,275
1719463487721,40.45,25
1719463488417,40.4,50
1719463488771,40.45,375
1719463489406,40.35,25
1719463489747,40.35,75
1719463490557,40.35,225
1719463490762,40.45,25
1719463491818,40.6,50
1719463491946,40.65,50
1719463492819,40.8,475
1719463493778,40.8,75
1719463495421,41.1,150
1719463495775,40.7,50
1719463496641,40.95,200
1719463496776,40.95,25
1719463497639,40.65,50
1719463497763,40.55,100
1719463498625,40.65,100
1719463498778,40.85,275
1719463499765,40.8,75
1719463500077,40.65,25
1719463500235,40.5,350
1719463500751,40.25,25
1719463501434,39.95,50
1719463501765,40.1,50
1719463502439,40.1,100
1719463502764,40.0,100
1719463503643,40.05,25
1719463503776,40.0,25
1719463504651,40.0,50
1719463504936,39.85,50
1719463505772,40.5,150
1719463506840,40.65,125
1719463507814,40.15,300
1719463508767,40.0,250
1719463508839,40.1,175
1719463509638,39.9,25
1719463509772,39.75,50
1719463510390,40.1,25
1719463510779,40.1,25
1719463511650,40.75,25
1719463511775,41.0,75
1719463512770,40.7,25
1719463512866,40.6,50
1719463513845,40.65,25
1719463514863,40.75,25
1719463514966,40.7,100
1719463515787,40.85,100
1719463516069,41.15,25
1719463516258,40.9,50
1719463516769,41.3,25
1719463517456,40.8,25
1719463517763,40.95,150
1719463518460,41.05,25
1719463518781,41.1,50
1719463519448,40.85,150
1719463519783,40.65,100
1719463520455,40.6,75
1719463520788,40.45,25
1719463521465,40.5,100
1719463521796,40.1,100
1719463522670,40.15,25
1719463522795,40.1,75
1719463523787,39.7,225
1719463524671,39.45,25
1719463524784,39.35,225
1719463525879,39.45,25
1719463526796,39.55,75
1719463526874,39.65,75
1719463527777,39.7,150
1719463527864,39.65,25
1719463528786,39.45,25
1719463529082,39.4,25
1719463529275,39.5,75
1719463529782,39.55,50
1719463530067,39.6,25
1719463530268,39.4,25
1719463530801,38.8,25
1719463531475,38.95,25
1719463531790,38.8,25
1719463532476,38.3,800
1719463532792,38.65,75
1719463533691,39.05,25
1719463533783,39.05,200
1719463534692,38.95,25
1719463534788,39.0,75
1719463535792,38.8,100
1719463535896,38.75,175
1719463536786,38.75,25
1719463536878,38.65,50
1719463537758,38.3,50
1719463537904,38.3,50
1719463538789,38.35,100
1719463538917,38.35,600
1719463539280,38.35,25
1719463539795,38.5,25
1719463540485,38.35,25
1719463540794,38.3,100
1719463541701,38.4,25
1719463541804,38.5,50
1719463542775,38.3,25
1719463543784,38.4,100
1719463544779,38.5,75
1719463544898,38.55,100
1719463545301,38.55,25
1719463545788,38.3,125
1719463546497,38.0,25
1719463546800,38.2,75
1719463547792,38.05,575
1719463548797,37.5,50
1719463549719,37.1,200
1719463549949,37.1,50
1719463550804,36.9,75
1719463551802,37.35,50
1719463551938,37.5,25
1719463552793,37.7,125
1719463553101,37.8,25
1719463553331,37.9,50
1719463553784,38.1,50
1719463554325,38.45,25
1719463554771,38.7,25
1719463555333,38.65,25
1719463555800,38.75,25
1719463556318,38.55,50
1719463556813,38.95,25
1719463557508,39.0,25
1719463557803,38.95,25
1719463558725,39.05,825
1719463558796,39.1,50
1719463559723,38.7,1075
1719463559821,38.8,250
1719463560073,38.9,25
1719463560814,39.05,25
1719463560935,39.0,75
1719463561801,39.4,75
1719463561918,39.35,50
1719463562306,38.8,25
1719463562808,38.9,50
1719463563344,38.75,325
1719463563814,39.1,75
1719463564550,39.55,25
1719463564811,39.6,125
1719463565537,39.15,200
1719463565803,39.1,25
1719463566805,39.6,100
1719463567507,39.65,100
1719463567774,39.65,25
1719463568697,39.45,500
1719463568813,39.4,125
1719463569520,39.7,25
1719463569817,39.75,50
1719463570327,39.85,25
1719463570809,39.9,25
1719463571807,39.9,25
1719463572527,39.75,25
1719463572814,40.0,25
1719463573794,40.5,25
1719463573960,40.45,25
1719463574785,40.35,25
1719463574964,40.3,25
1719463575810,40.4,175
1719463576150,40.4,100
1719463576807,40.3,25
1719463577088,40.2,50
1719463577351,40.2,200
1719463577803,40.2,25
1719463578362,40.55,25
1719463578814,40.7,25
1719463579353,40.75,25
1719463579816,40.95,75
1719463580564,40.8,125
1719463580826,40.6,25
1719463581563,40.85,50
1719463581818,40.8,50
1719463582812,41.0,25
1719463583359,41.0,25
1719463583815,41.2,25
1719463584558,41.6,25
1719463584800,41.65,25
1719463585567,41.7,425
1719463585821,41.75,50
1719463586566,41.55,25
1719463586831,41.15,25
1719463587567,41.1,200
1719463587828,41.05,25
1719463588566,41.1,250
1719463588819,41.2,25
1719463589560,41.2,50
1719463589819,41.1,50
1719463590071,40.95,25
1719463590552,41.0,25
1719463590825,41.1,150
1719463591809,41.0,25
1719463592771,41.35,125
1719463592819,41.25,25
1719463593826,41.0,200
1719463593981,41.0,100
1719463594830,41.35,25
1719463594983,41.3,175
1719463595846,41.1,25
1719463596163,41.45,25
1719463596374,41.5,25
1719463596821,41.55,50
1719463597578,41.35,25
1719463597843,41.75,150
1719463598767,41.75,25
1719463598848,41.65,350
1719463599811,41.45,50
1719463600174,41.4,75
1719463600360,41.3,150
1719463600823,41.5,50
1719463601384,41.65,25
1719463601825,41.65,50
1719463609835,40.05,700
1719463609997,40.1,25
1719463611832,40.2,75
1719463611990,40.4,25
1719463612817,40.4,475
1719463613219,40.55,100
1719463613375,40.5,50
1719463613841,40.7,25
1719463614415,40.75,25
1719463614835,40.65,50
1719463615569,40.55,50
1719463615843,40.7,25
1719463616609,40.45,50
1719463616818,40.35,25
1719463617596,40.15,25
1719463617847,40.3,75
1719463618617,40.4,50
1719463618837,40.7,50
1719463619596,40.65,25
1719463619796,40.6,25
1719463620070,40.75,25
1719463620586,40.55,25
1719463620836,41.0,300
1719463621603,41.1,50
1719463621836,41.3,25
1719463622575,41.2,25
1719463622847,41.2,125
1719463623811,41.4,175
1719463623850,41.3,100
1719463624804,41.3,475
1719463625846,41.6,25
1719463626856,41.55,325
1719463627008,41.5,100
1719463627836,41.35,25
1719463628423,41.15,125
1719463628840,41.15,25
1719463629428,41.3,25
1719463629825,41.05,25
1719463630434,40.9,150
1719463630850,40.95,250
1719463631615,40.8,175
1719463631851,40.55,25
1719463632618,40.85,100
1719463632832,40.95,25
1719463633615,40.35,250
1719463633851,40.55,25
1719463634448,40.4,350
1719463634848,40.35,400
1719463635833,40.6,25
1719463635838,40.55,25
1719463636753,40.5,100
1719463638058,40.1,25
1719463638843,40.2,25
1719463638851,40.3,125
1719463639822,40.0,25
1719463640042,39.8,100
1719463640414,39.8,150
1719463640867,39.55,125
1719463641628,39.4,25
1719463641864,39.45,25
1719463642638,39.35,475
1719463642858,39.4,100
1719463643863,39.25,25
1719463644865,39.1,150
1719463645855,39.4,1375
1719463646847,39.75,25
1719463647044,39.65,25
1719463647856,39.9,100
1719463648232,40.15,25
1719463648460,40.1,25
1719463648853,40.15,75
1719463649443,40.5,125
1719463649861,40.6,400
1719463650061,40.4,325
1719463650462,40.45,75
1719463650851,40.65,25
1719463651670,39.9,25
1719463651813,40.05,300
1719463652655,40.2,200
1719463652860,40.4,50
1719463653802,40.5,150
1719463654870,40.7,25
1719463654988,40.8,125
1719463655862,40.95,225
1719463656249,41.0,100
1719463656462,41.15,25
1719463656868,41.1,25
1719463657666,41.0,50
1719463657868,41.0,100
1719463658878,41.1,175
1719463659856,40.8,25
1719463660873,41.0,25
1719463661867,40.85,50
1719463662059,40.9,25
1719463662477,41.1,25
1719463662855,41.15,25
1719463663456,41.0,50
1719463663863,40.95,300
1719463668875,41.75,50
1719463669062,41.55,25
1719463669473,41.55,125
1719463669879,41.55,25
1719463670489,41.55,25
1719463670885,41.4,500
1719463671493,41.45,25
1719463671886,41.0,150
1719463672678,40.95,25
1719463672858,40.85,175
1719463673872,40.0,50
1719463674895,40.3,1450
1719463675871,40.95,75
1719463676669,41.0,75
1719463676878,40.95,25
1719463688690,40.6,200
1719463688897,40.6,275
1719463748562,39.0,25
1719463748905,38.6,50
1719463749774,39.0,200
1719463749916,39.0,100
1719463750965,38.8,400
1719463751913,38.1,50
1719463752003,38.1,25
1719463752914,37.9,25
1719463753007,38.2,75
1719463754005,38.1,75
1719463754946,38.35,150
1719463755209,38.35,50
1719463755613,38.35,125
1719463755927,38.1,200
1719463760930,36.2,150
1719463761418,36.4,100
1719463761621,36.3,100
1719463761941,36.5,25
1719463762834,36.25,25
1719463762921,36.4,25
1719463765144,36.8,25
1719463765938,36.75,125
1719463766215,36.85,50
1719463766936,37.45,400
1719463767245,37.5,25
1719463767919,37.5,500
1719463768402,37.95,25
1719463768622,37.7,25
1719463768894,37.7,50
1719463769632,37.65,50
1719463769924,37.6,25
1719463770092,37.65,100
1719463770643,37.85,25
1719463770947,37.7,75
1719463776936,36.55,25
1719463777062,36.2,75
1719463778142,37.0,25
1719463778235,37.0,1000
1719463778947,37.1,50
1719463779256,36.95,100
1719463779952,37.1,50
1719463780237,37.4,25
1719463780912,37.6,50
1719463781439,37.45,150
1719463781640,37.6,25
1719463781939,37.5,25
1719463782957,37.75,50
1719463783864,37.3,200
1719463783933,37.25,725
1719463784923,37.35,100
1719463785042,37.45,25
1719463785927,37.45,25
1719463786462,37.55,300
1719463786659,37.4,25
1719463786933,37.5,25
1719463787938,37.55,200
1719463788942,37.45,50
1719463789864,37.5,100
1719463789947,37.65,100
1719463790945,37.1,250
1719463791943,37.0,25
1719463792241,37.0,525
1719463792938,37.3,25
1719463793243,37.2,25
1719463793930,36.75,50
1719463794276,36.45,25
1719463794923,36.75,50
1719463795243,36.6,75
1719463795655,36.4,25
1719463795926,36.8,25
1719463796663,36.55,100
1719463796945,36.75,25
1719463797952,37.25,450
1719463798970,37.1,25
1719463799061,37.15,25
1719463800089,37.15,25
1719463800944,37.0,25
1719463801275,37.0,25
1719463801975,36.95,25
1719463802272,36.75,50
1719463802954,37.0,50
1719463803286,37.2,25
1719463803681,37.05,100
1719463803958,37.05,25
1719463804879,36.85,25
1719463804973,36.9,25
1719463805893,37.2,25
1719463805893,37.2,25
1719463806944,37.35,25
1719463807935,37.15,50
1719463808075,37.1,125
1719463808975,36.95,25
1719463809259,37.0,75
1719463809914,36.75,25
1719463810274,36.8,50
1719463810950,36.25,75
1719463811290,36.65,75
1719463811952,36.55,100
1719463812267,36.7,25
1719463812642,36.5,775
1719463815966,35.2,75
1719463816970,35.35,50
1719463817111,35.45,25
1719463818102,35.75,100
1719463818953,36.3,25
1719463819308,36.3,200
1719463819981,35.9,50
1719463820284,36.25,25
1719463820719,36.15,25
1719463820979,36.1,50
1719463821711,35.9,25
1719463821964,36.1,50
1719463822901,35.95,625
1719463822967,35.95,100
1719463823913,35.75,25
1719463823963,35.75,25
1719463824965,35.85,25
1719463825117,35.9,25
1719463825899,35.9,25
1719463825935,35.9,75
1719463826909,36.35,25
1719463826960,36.2,50
1719463827973,36.75,425
1719463828108,36.65,375
1719463828949,36.9,25
1719463829111,36.8,25
1719463830060,37.45,300
1719463830116,37.8,75
1719463830978,37.35,25
1719463831304,37.0,25
1719463831977,36.85,25
1719463832323,36.9,50
1719463832970,36.95,25
1719463833107,36.85,50
1719463833978,37.05,75
1719463834286,37.15,75
1719463834986,37.0,25
1719463835111,37.1,25
1719463835702,37.1,350
1719463835961,37.0,50
1719463836705,37.15,125
1719463836993,37.05,25
1719463837960,37.55,50
1719463838064,37.55,200
1719463838976,37.25,50
1719463839326,37.25,300
1719463839977,37.4,25
1719463840141,37.3,25
1719463840973,37.6,75
1719463841118,37.6,300
1719463841986,37.8,75
1719463842526,37.8,25
1719463842719,37.9,50
1719463842979,37.85,50
1719463843969,38.4,75
1719463844738,38.05,25
1719463844966,38.15,25
1719463845921,38.0,25
1719463846999,38.0,425
1719463847915,38.15,50
1719463847995,38.1,150
1719463848737,38.0,100
1719463848995,38.0,25
1719463849998,38.15,25
1719463850133,38.3,25
1719463850987,38.5,75
1719463851142,38.5,175
1719463851970,38.45,25
1719463852966,38.5,100
1719463853939,38.45,150
1719463854125,38.45,50
1719463854999,38.45,100
1719463855345,38.7,25
1719463855986,38.65,25
1719463856370,38.65,25
1719463856977,38.55,150
1719463857530,38.55,50
1719463857752,38.3,25
1719463857987,38.0,75
1719463858750,38.15,75
1719463859195,37.0,300
1719463860060,36.95,175
1719463860139,37.0,175
1719463860993,36.8,100
1719463861977,36.4,25
1719463862145,36.3,125
1719463862977,36.15,25
1719463863161,36.25,225
1719463863990,36.45,275
1719463864163,36.5,25
1719463864968,36.55,25
1719463866005,37.0,50
1719463866999,37.1,75
1719463868003,37.35,125
1719463868154,37.35,25
1719463868993,37.3,25
1719463869970,37.0,25
1719463870991,36.85,500
1719463871162,36.95,25
1719463872010,36.75,250
1719463873013,36.95,25
1719463873150,37.0,25
1719463874007,36.85,25
1719463874182,36.95,100
1719463874989,37.15,25
1719463875192,37.2,50
1719463876015,37.5,25
1719463876575,37.6,25
1719463876775,37.45,25
1719463877009,37.4,25
1719463877793,36.95,25
1719463878009,36.85,25
1719463878800,36.65,25
1719463879018,36.6,25
1719463880017,36.65,25
1719463881000,36.5,50
1719463881093,36.45,25
1719463882006,36.3,75
1719463882371,36.35,25
1719463925253,36.5,200
1719463926025,36.7,100
1719463926248,36.35,25
1719463927001,36.65,25
1719463927255,36.75,25
1719463928032,36.7,25
1719463928446,36.75,25
1719463928857,36.6,400
1719463929038,36.6,25
1719463930045,36.6,50
1719463931030,36.5,25
1719463932059,36.55,25
1719463932977,36.4,50
1719463934052,36.1,75
1719463934231,35.95,25
1719463935031,35.65,25
1719463935275,35.75,25
1719463935871,34.7,125
1719463936031,34.75,100
1719463937016,35.75,25
1719463937042,35.75,25
1719463937770,36.35,25
1719463938056,36.3,25
1719463939060,36.1,25
1719463944998,36.65,25
1719463945131,36.65,25
1719463946036,36.45,50
1719463946251,36.35,25
1719463947007,36.7,75
1719463947255,36.65,50
1719463948001,36.9,150
1719463948476,36.85,50
1719463949062,36.8,75
1719463949464,36.85,25
1719463950061,36.9,50
1719463953077,37.05,75
1719463954077,37.05,25
1719463954880,37.05,150
1719463955038,37.3,25
1719463956089,37.45,250
1719463957058,37.7,25
1719463957252,37.4,50
1719463957977,37.3,200
1719463958286,37.45,25
1719463958975,37.6,325
1719463959480,37.4,25
1719463960052,37.4,100
1719463960443,37.6,25
1719463961017,37.9,875
1719463961068,37.9,100
1719463961888,37.9,625
1719463962053,37.85,25
1719463963023,37.7,25
1719463964105,37.75,75
1719463965065,37.75,25
1719463965296,37.6,100
1719463966051,37.45,125
1719463966490,37.45,50
1719463967052,37.15,575
1719463967528,37.0,25
1719463968070,37.05,25
1719463968467,37.25,25
1719463968854,37.4,150
1719463969007,37.5,50
1719463970055,37.55,25
1719463970068,37.55,25
1719463970998,37.75,50
1719463971102,37.85,25
1719463972114,37.75,500
1719463972233,37.65,25
1719463973052,37.8,150
1719463973302,37.8,250
1719463973914,37.7,375
1719463974004,37.6,25
1719463975105,37.45,50
1719463976042,37.5,25
1719463976296,37.2,25
1719463977017,37.45,25
1719463977095,37.35,25
1719463978055,37.4,25
1719463978328,37.15,200
1719463979065,37.15,25
1719463979330,36.85,100
1719463980088,36.55,25
1719463980323,36.75,25
1719463981044,36.65,325
1719463981519,36.9,200
1719463981927,36.85,25
1719463982057,36.8,250
1719463982893,36.85,325
1719463983053,36.65,25
1719463983934,37.0,25
1719463984079,37.0,25
1719463985123,37.25,50
1719463986046,37.2,25
1719463986083,37.1,25
1719463986905,37.4,150
1719463987024,37.35,25
1719463988070,37.45,25
1719463988302,37.5,25
1719463989044,37.55,25
1719463989529,37.65,50
1719463990045,37.55,25
1719463990673,37.4,350
1719463990919,37.5,25
1719463991089,37.4,25
1719463991915,37.5,100
1719463992037,37.45,100
1719463992938,37.4,175
1719463993050,37.5,75
1719463994058,37.8,25
1719463994349,37.95,75
1719463995084,37.8,200
1719463995138,37.8,25
1719463996051,37.55,525
1719463996270,37.65,325
1719463997026,37.9,50
1719463997259,37.9,100
1719463997965,37.65,25
1719463998328,37.8,25
1719463999080,38.0,250
1719463999535,38.1,200
1719464000033,38.1,550
1719464000529,38.05,75
1719464001247,38.3,75
1719464001560,38.5,25
1719464002100,38.3,50
1719464002743,37.8,100
1719464002961,37.75,25
1719464003093,37.7,75
1719464004070,38.0,250
1719464005062,38.25,25
1719464005128,38.15,25
1719464006154,38.4,50
1719464007083,38.25,25
1719464007909,38.25,75
1719464008084,38.3,50
1719464009128,38.45,25
1719464010044,38.35,25
1719464010158,38.4,100
1719464011063,38.25,75
1719464011156,38.2,50
1719464012041,38.5,25
1719464012378,38.55,50
1719464013068,38.45,25
1719464013551,38.5,250
1719464014131,38.7,25
1719464016070,38.4,50
1719464016980,38.55,1375
1719464017105,38.75,75
1719464017991,38.15,25
1719464018105,38.1,25
1719464019081,38.05,25
1719464019170,38.25,25
1719464020085,38.1,50
1719464020391,38.05,25
1719464021079,38.0,100
1719464021606,37.65,25
1719464022069,37.5,500
1719464022612,37.2,75
1719464023093,37.25,50
1719464023506,37.5,25
1719464024097,37.6,100
1719464025053,37.9,25
1719464026106,38.0,125
1719464027210,38.25,75
1719464028009,38.3,25
1719464028047,38.15,75
1719464029081,38.3,50
1719464030095,38.2,100
1719464030203,38.2,25
1719464031126,38.15,150
1719464031399,38.3,50
1719464032091,38.35,25
1719464032578,38.3,25
1719464033060,38.35,25
1719464033605,38.4,25
1719464034091,38.45,50
1719464034410,38.5,100
1719464035069,38.6,75
1719464035591,38.6,250
1719464036013,38.8,25
1719464036104,38.75,225
1719464037215,38.8,375
1719464038099,38.75,100
1719464039092,39.1,200
1719464039216,39.3,25
1719464040086,39.15,50
1719464040104,39.05,25
1719464040315,39.1,175
1719464041118,39.15,175
1719464041397,38.95,350
1719464042302,39.25,25
1719464042596,39.05,250
1719464043098,39.15,200
1719464043619,39.05,150
1719464044108,39.0,25
1719464044818,39.75,50
1719464045037,39.5,50
1719464045104,39.5,25
1719464046025,39.15,25
1719464046096,39.2,75
1719464047108,39.6,50
1719464047444,39.35,25
1719464048103,39.35,50
1719464048420,39.5,50
1719464049111,39.5,50
1719464049441,39.4,25
1719464050077,39.6,25
1719464050612,39.8,75
1719464051117,39.95,25
1719464051627,39.7,100
1719464052100,39.8,25
1719464052636,39.5,275
1719464053113,39.7,75
1719464054034,39.75,25
1719464054106,39.6,25
1719464055053,39.5,100
1719464055105,39.5,50
1719464056113,38.95,175
1719464057101,38.55,25
1719464057207,38.2,75
1719464058051,38.7,50
1719464058128,38.75,75
1719464059135,39.0,25
1719464060109,39.05,50
1719464060261,39.3,75
1719464061119,39.45,50
1719464061466,39.55,150
1719464062113,39.75,150
1719464062450,39.7,25
1719464063106,39.75,25
1719464063260,40.0,25
1719464064124,40.15,50
1719464064449,40.45,25
1719464074676,40.55,25
1719464075124,40.6,50
1719464075675,40.45,50
1719464076081,40.5,100
1719464076110,40.55,250
1719464077103,40.25,25
1719464077279,40.35,50
1719464078119,40.3,25
1719464078472,40.3,25
1719464079069,40.35,25
1719464079485,40.2,25
1719464080130,40.55,400
1719464080677,40.4,25
1719464081131,40.0,25
1719464081688,40.2,25
1719464082126,40.45,50
1719464082666,40.35,125
1719464083131,40.4,425
1719464083498,40.4,25
1719464084093,40.8,125
1719464084706,40.55,25
1719464088499,41.0,25
1719464089157,40.85,25
1719464089483,40.6,25
1719464090127,40.9,200
1719464090688,40.6,50
1719464091105,40.65,250
1719464091886,40.55,25
1719464092103,40.6,75
1719464093123,39.55,25
1719464094144,39.3,25
1719464094304,38.65,650
1719464095125,38.9,50
1719464095515,39.15,25
1719464096128,39.0,75
1719464096492,39.05,500
1719464097331,38.9,25
1719464097912,39.25,25
1719464098093,39.15,25
1719464098704,39.3,175
1719464099141,39.5,25
1719464099918,39.75,25
1719464100083,39.65,75
1719464100141,39.6,75
1719464101134,39.6,25
1719464101475,39.65,50
1719464102145,39.2,100
1719464102697,39.25,150
1719464103124,39.1,25
1719464121146,38.5,100
1719464121532,38.75,100
1719464122140,38.9,25
1719464122520,38.85,25
1719464123133,38.7,25
1719464123546,39.1,125
1719464124155,39.55,75
1719464124737,39.35,100
1719464125140,39.3,25
1719464125763,39.05,25
1719464126124,39.1,100
1719464126715,39.1,25
1719464127152,39.4,25
1719464127342,39.25,25
1719464128153,39.2,25
1719464128306,39.25,75
1719464129109,39.4,100
1719464129339,39.35,75
1719464130072,39.3,25
1719464130151,39.1,25
1719464130336,39.15,75
1719464131153,39.05,50
1719464159181,40.1,25
1719464159760,40.15,25
1719464160080,40.2,25
1719464160178,40.0,25
1719464160974,40.05,100
1719464161248,40.0,350
1719464162177,39.95,125
1719464162201,39.95,25
1719464163213,39.7,25
1719464164135,39.7,25
1719464164592,39.45,25
1719464165366,39.3,25
1719464165755,39.45,200
1719464166154,39.5,50
1719464166797,39.65,25
1719464167203,39.55,25
1719464168161,39.55,100
1719464169145,39.35,25
1719464169574,39.35,25
1719464170164,39.2,100
1719464170599,39.15,75
1719464171175,39.1,25
1719464171743,39.05,250
1719464172125,39.05,100
1719464172791,39.15,75
1719464173153,39.2,25
1719464173781,39.05,25
1719464174196,39.15,200
1719464174979,39.05,250
1719464175194,39.2,50
1719464176181,39.3,50
1719464177141,39.6,100
1719464177594,39.3,25
1719464178376,39.25,25
1719464178602,39.2,25
1719464179157,39.4,25
1719464179558,39.45,25
1719464180160,39.25,50
1719464180615,38.9,25
1719464181186,38.8,25
1719464181610,38.6,150
1719464182170,38.6,25
1719464182801,38.6,50
1719464183189,38.45,25
1719464183788,38.4,25
1719464184192,37.85,50
1719464184819,38.8,175
1719464185230,38.7,25
1719464186195,38.35,25
1719464186412,38.3,125
1719464187178,38.45,25
1719464187400,38.4,200
1719464188176,38.8,50
1719464188579,39.05,75
1719464189194,39.0,25
1719464189825,39.0,25
1719464190043,38.85,25
1719464190205,38.95,25
1719464190634,39.2,25
1719464191195,39.25,50
1719464191821,39.65,175
1719464192234,39.45,25
1719464193242,39.6,25
1719464194233,38.95,275
1719464195174,38.9,125
1719464195431,38.9,25
1719464196239,38.55,200
1719464197258,38.8,100
1719464198241,38.5,25
1719464199240,38.6,125
1719464200192,38.8,75
1719464201213,39.35,325
1719464201447,39.55,25
1719464206056,38.75,25
1719464206193,39.0,50
1719464206461,39.1,125
1719464207168,39.05,25
1719464207638,38.8,25
1719464208129,38.7,25
1719464208613,38.75,25
1719464209222,38.75,25
1719464209668,38.7,50
1719464210422,38.3,25
1719464210843,38.25,175
1719464211197,38.3,25
1719464211876,38.6,50
1719464212236,38.35,175
1719464213054,38.65,250
1719464213287,38.45,50
1719464214214,38.85,75
1719464214446,38.65,25
1719464215190,38.35,750
1719464215468,38.5,125
1719464216200,38.5,25
1719464216667,38.15,25
1719464217221,38.0,200
1719464217871,38.05,200
1719464218208,37.75,50
1719464219065,36.9,25
1719464219270,36.75,25
1719464220087,36.65,225
1719464220215,36.75,25
1719464220498,36.45,50
1719464221198,36.8,25
1719464221459,36.7,250
1719464222162,36.65,25
1719464222677,36.65,25
1719464223450,36.4,75
1719464223700,36.45,125
1719464224230,36.15,25
1719464224840,36.5,25
1719464225199,36.55,25
1719464225740,36.25,100
1719464226228,35.9,25
1719464226682,35.65,175
1719464227200,35.55,100
1719464228228,35.2,25
1719464228907,35.25,25
1719464229412,35.15,650
1719464229908,35.1,25
1719464230215,34.8,25
1719464231092,34.6,100
1719464231213,34.55,25
1719464233296,35.15,25
1719464234303,34.75,25
1719464235224,34.95,25
1719464235696,35.15,25
1719464236220,35.05,50
1719464236703,34.65,25
1719464237207,34.9,25
1719464237467,35.0,25
1719464238223,34.7,75
1719464238481,34.5,50
1719464239218,34.95,50
1719464239701,34.95,125
1719464240237,34.6,50
1719464240721,34.85,225
1719464241236,34.75,50
1719464241919,34.75,25
1719464242242,34.9,900
1719464243114,34.75,25
1719464243303,34.75,100
1719464244232,34.45,50
1719464244518,34.35,75
1719464245205,34.35,75
1719464245722,34.6,875
1719464246236,34.6,25
1719464246722,34.0,975
1719464247242,33.05,25
1719464247933,33.45,25
1719464248229,32.7,25
1719464249327,31.6,25
1719464250082,32.05,50
1719464250329,32.25,25
1719464250434,32.25,25
1719464251235,31.5,25
1719464251544,31.75,75
1719464252231,32.2,25
1719464252551,31.95,50
1719464253242,31.8,525
1719464253730,31.65,25
1719464254246,31.15,25
1719464254931,31.5,100
1719464255241,31.85,50
1719464256235,31.85,25
1719464256346,31.85,50
1719464257230,31.8,25
1719464257536,31.5,175
1719464258246,31.25,25
1719464258525,31.25,500
1719464260231,31.45,25
1719464260535,31.45,25
1719464261443,31.55,150
1719464261534,31.7,25
1719464262255,31.35,25
1719464262560,31.5,25
1719464263252,31.4,350
1719464263531,31.15,25
1719464264251,31.3,50
1719464264739,31.25,25
1719464265245,31.25,50
1719464265745,31.1,75
1719464266249,30.9,25
1719464266945,31.45,50
1719464267229,31.3,350
1719464267966,30.95,50
1719464268242,31.1,100
1719464268938,31.1,200
1719464269247,31.05,25
1719464269343,31.05,125
1719464270257,30.8,25
1719464270353,30.85,25
1719464271359,30.9,25
1719464272248,31.5,125
1719464272343,31.6,25
1719464273237,31.2,600
1719464273578,31.1,50
1719464274245,31.5,25
1719464274794,31.5,25
1719464275246,31.55,25
1719464275564,31.5,50
1719464284273,31.2,175
1719464284964,31.05,25
1719464285245,31.0,25
1719464285985,31.15,125
1719464286253,31.25,50
1719464286994,31.5,25
1719464287251,31.4,50
1719464287589,31.15,200
1719464288259,31.3,100
1719464288589,31.3,50
1719464289256,31.25,25
1719464289972,31.25,25
1719464290263,31.35,50
1719464290766,31.2,25
1719464291259,31.2,25
1719464291998,30.55,25
1719464292262,30.0,750
1719464293272,29.7,50
1719464293396,29.95,25
1719464294265,30.0,75
1719464294595,29.7,25
1719464295266,29.85,25
1719464295802,30.15,25
1719464296246,30.1,25
1719464296798,30.1,25
1719464297232,30.15,100
1719464297809,29.95,25
1719464298239,29.8,25
1719464298779,29.9,50
1719464299272,29.55,75
1719464299982,29.7,50
1719464300268,29.85,25
1719464300397,29.8,50
1719464301269,30.0,100
1719464301809,30.0,25
1719464302269,29.9,25
1719464302804,30.1,75
1719464303277,29.95,300
1719464303807,29.9,600
1719464304274,29.9,200
1719464304809,30.0,25
1719464305258,29.6,25
1719464306009,30.0,25
1719464306278,30.15,300
1719464307012,30.2,100
1719464307268,29.95,450
1719464308265,29.5,25
1719464308392,29.75,25
1719464309270,29.65,100
1719464309419,29.55,25
1719464310085,29.15,25
1719464310276,28.9,1675
1719464310814,28.85,75
1719464311276,28.75,25
1719464311819,29.0,25
1719464312279,28.7,25
1719464313017,28.75,25
1719464313491,29.0,25
1719464313812,28.8,425
1719464314272,28.25,25
1719464315013,28.5,50
1719464315274,28.55,75
1719464316029,28.4,750
1719464316279,28.35,75
1719464317032,28.25,75
1719464317280,28.1,450
1719464318015,28.25,100
1719464318265,28.35,300
1719464318438,28.35,25
1719464319274,28.45,100
1719464319816,28.4,25
1719464320273,28.25,75
1719464320815,28.35,25
1719464321261,28.4,25
1719464321831,28.25,25
1719464322279,28.25,25
1719464322826,28.2,125
1719464323276,28.2,250
1719464324030,27.9,25
1719464324289,28.15,50
1719464325025,28.15,25
1719464325276,28.2,25
1719464325437,28.4,50
1719464326283,28.4,200
1719464326443,28.4,150
1719464327283,28.65,150
1719464327813,28.95,25
1719464328283,28.95,25
1719464328434,29.15,500
1719464329285,29.45,25
1719464329647,29.6,575
1719464330482,29.35,50
1719464330846,29.1,125
1719464367284,29.1,25
1719464367900,29.25,75
1719464368306,29.1,25
1719464369063,29.1,25
1719464369281,29.3,75
1719464370103,29.25,50
1719464370332,29.45,25
1719464371065,29.05,75
1719464371307,29.0,200
1719464371520,29.05,650
1719464372499,29.3,50
1719464372696,29.15,375
1719464373312,29.1,25
1719464373848,29.05,100
1719464376090,29.1,50
1719464376292,29.2,25
1719464376504,29.1,300
1719464377322,29.1,25
1719464377485,29.15,100
1719464378299,29.0,125
1719464378483,29.1,125
1719464379318,29.25,25
1719464379697,29.15,25
1719464380304,29.45,50
1719464380464,29.15,75
1719464381319,29.05,50
1719464381659,29.0,50
1719464382304,29.05,50
1719464382912,28.9,100
1719464383318,29.1,100
1719464384115,29.45,75
1719464384322,29.15,25
1719464384912,29.4,25
1719464385333,29.2,300
1719464386105,29.6,100
1719464386298,29.55,50
1719464387301,29.35,525
1719464387524,29.35,25
1719464388317,29.2,25
1719464388724,29.1,25
1719464389280,29.0,50
1719464389529,29.2,75
1719464390281,29.2,250
1719464390727,29.15,25
1719464391333,28.85,50
1719464391581,28.8,50
1719464392310,29.0,750
1719464392535,28.95,50
1719464393309,29.05,25
1719464396557,28.9,350
1719464398278,28.45,75
1719464398532,28.6,25
1719464399326,28.35,375
1719464399525,28.55,25
1719464400092,28.3,50
1719464400543,28.25,75
1719464400748,28.4,100
1719464401345,28.5,25
1719464401753,28.55,25
1719464402330,28.75,100
1719464402757,28.7,75
1719464403326,28.7,50
1719464403756,28.45,25
1719464404330,28.5,25
1719464404762,28.35,75
1719464405328,28.3,25
1719464405944,28.05,75
1719464406313,28.1,300
1719464407151,28.1,125
1719464407337,28.05,50
