time,price,volume
1719461501862,331.8,50
1719461504025,331.55,25
1719461504025,331.55,25
1719461506148,330.7,25
1719461506148,330.7,25
1719461506148,330.7,25
1719461506148,330.7,25
1719461506148,330.7,25
1719461506148,330.7,25
1719461506148,330.7,25
1719461506148,330.7,25
1719461506148,330.7,25
1719461518898,331.9,50
1719461518898,331.9,50
1719461518898,331.9,50
1719461518898,331.9,50
1719461518898,331.9,50
1719461522973,331.0,25
1719461523381,330.55,125
1719461524158,332.5,50
1719461524935,331.3,25
1719461524935,331.3,25
1719461527065,333.7,25
1719461527065,333.7,25
1719461527065,333.7,25
1719461527065,333.7,25
1719461527065,333.7,25
1719461527065,333.7,25
1719461527065,333.7,25
1719461527065,333.7,25
1719461527065,333.7,25
1719461527065,333.7,25
1719461527065,333.7,25
1719461527065,333.7,25
1719461527065,333.7,25
1719461527065,333.7,25
1719461527065,333.7,25
1719461527065,333.7,25
1719461527065,333.7,25
1719461527065,333.7,25
1719461527065,333.7,25
1719461527065,333.7,25
1719461527065,333.7,25
1719461527065,333.7,25
1719461527065,333.7,25
1719461527065,333.7,25
1719461527065,333.7,25
1719461527065,333.7,25
1719461527065,333.7,25
1719461527065,333.7,25
1719461527065,333.7,25
1719461527065,333.7,25
1719461527065,333.7,25
1719461527065,333.7,25
1719461527065,333.7,25
1719461527065,333.7,25
1719461527065,333.7,25
1719461527065,333.7,25
1719461583248,334.95,25
1719461583248,334.95,25
1719461583248,334.95,25
1719461583248,334.95,25
1719461583248,334.95,25
1719461590972,338.6,50
1719461590972,338.6,50
1719461592384,339.1,50
1719461592384,339.1,50
1719461592384,339.1,50
1719461592384,339.1,50
1719461592384,339.1,50
1719461592384,339.1,50
1719461592384,339.1,50
1719461601521,336.1,50
1719461601906,336.65,25
1719461601906,336.65,25
1719461601906,336.65,25
1719461601906,336.65,25
1719461601906,336.65,25
1719461601906,336.65,25
1719461601906,336.65,25
1719461601906,336.65,25
1719461601906,336.65,25
1719461601906,336.65,25
1719461601906,336.65,25
1719461601906,336.65,25
1719461601906,336.65,25
1719461601906,336.65,25
1719461601906,336.65,25
1719461624502,332.8,25
1719461625252,333.95,25
1719461625252,333.95,25
1719461625252,333.95,25
1719461625252,333.95,25
1719461625252,333.95,25
1719461625252,333.95,25
1719461625252,333.95,25
1719461625252,333.95,25
1719461625252,333.95,25
1719461625252,333.95,25
1719461625252,333.95,25
1719461625252,333.95,25
1719461625252,333.95,25
1719461625252,333.95,25
1719461625252,333.95,25
1719461625252,333.95,25
1719461650199,334.25,25
1719461650199,334.25,25
1719461650199,334.25,25
1719461650199,334.25,25
1719461650199,334.25,25
1719461650199,334.25,25
1719461650199,334.25,25
1719461650199,334.25,25
1719461650199,334.25,25
1719461663772,337.05,50
1719461663772,337.05,50
1719461663772,337.05,50
1719461663772,337.05,50
1719461663772,337.05,50
1719461663772,337.05,50
1719461663772,337.05,50
1719461663772,337.05,50
1719461663772,337.05,50
1719461663772,337.05,50
1719461663772,337.05,50
1719461663772,337.05,50
1719461663772,337.05,50
1719461681828,334.55,50
1719461681828,334.55,50
1719461681828,334.55,50
1719461685365,333.7,50
1719461685365,333.7,50
1719461685365,333.7,50
1719461688296,333.9,25
1719461688296,333.9,25
1719461688296,333.9,25
1719461688296,333.9,25
1719461688296,333.9,25
1719461688296,333.9,25
1719461688296,333.9,25
1719461699029,335.0,100
1719461699029,335.0,100
1719461699029,335.0,100
1719461699029,335.0,100
1719461702394,330.8,25
1719461702673,330.85,50
1719461702673,330.85,50
1719461702673,330.85,50
1719461705602,333.7,25
1719461705602,333.7,25
1719461705602,333.7,25
1719461705602,333.7,25
1719461705602,333.7,25
1719461705602,333.7,25
1719461705602,333.7,25
1719461705602,333.7,25
1719461705602,333.7,25
1719461705602,333.7,25
1719461719948,331.0,25
1719461720352,330.9,50
1719461720352,330.9,50
1719461747710,325.5,25
1719461747710,325.5,25
1719461747710,325.5,25
1719461753117,323.55,50
1719461753117,323.55,50
1719461753117,323.55,50
1719461753117,323.55,50
1719461753117,323.55,50
1719461753117,323.55,50
1719461753117,323.55,50
1719461753117,323.55,50
1719461753117,323.55,50
1719461765160,323.6,25
1719461765160,323.6,25
1719461765160,323.6,25
1719461765160,323.6,25
1719461771510,324.8,25
1719461771510,324.8,25
1719461771510,324.8,25
1719461771510,324.8,25
1719461771510,324.8,25
1719461771510,324.8,25
1719461781386,326.2,75
1719461781386,326.2,75
1719461781386,326.2,75
1719461781386,326.2,75
1719461781386,326.2,75
1719461787211,322.4,25
1719461787211,322.4,25
1719461787211,322.4,25
1719461787211,322.4,25
1719461787211,322.4,25
1719461787211,322.4,25
1719461787211,322.4,25
1719461787211,322.4,25
1719461787211,322.4,25
1719461787211,322.4,25
1719461787211,322.4,25
1719461787211,322.4,25
1719461787211,322.4,25
1719461787211,322.4,25
1719461787211,322.4,25
1719461787211,322.4,25
1719461810926,322.2,25
1719461810926,322.2,25
1719461810926,322.2,25
1719461810926,322.2,25
1719461810926,322.2,25
1719461816997,324.6,50
1719461816997,324.6,50
1719461816997,324.6,50
1719461816997,324.6,50
1719461816997,324.6,50
1719461816997,324.6,50
1719461823462,325.75,50
1719461823462,325.75,50
1719461823462,325.75,50
1719461826733,326.5,50
1719461826733,326.5,50
1719461826733,326.5,50
1719461826733,326.5,50
1719461826733,326.5,50
1719461826733,326.5,50
1719461826733,326.5,50
1719461826733,326.5,50
1719461826733,326.5,50
1719461826733,326.5,50
1719461826733,326.5,50
1719461826733,326.5,50
1719461826733,326.5,50
1719461826733,326.5,50
1719461826733,326.5,50
1719461826733,326.5,50
1719461826733,326.5,50
1719461826733,326.5,50
1719461826733,326.5,50
1719461855793,327.75,50
1719461855793,327.75,50
1719461855793,327.75,50
1719461855793,327.75,50
1719461860411,328.95,25
1719461860411,328.95,25
1719461860411,328.95,25
1719461860411,328.95,25
1719461860411,328.95,25
1719461860411,328.95,25
1719461869285,327.8,50
1719461869285,327.8,50
1719461870755,328.5,25
1719461870755,328.5,25
1719461870755,328.5,25
1719461870755,328.5,25
1719461876654,330.25,25
1719461876654,330.25,25
1719461876654,330.25,25
1719461876654,330.25,25
1719461876654,330.25,25
1719461876654,330.25,25
1719461876654,330.25,25
1719461876654,330.25,25
1719461876654,330.25,25
1719461876654,330.25,25
1719461876654,330.25,25
1719461876654,330.25,25
1719461876654,330.25,25
1719461876654,330.25,25
1719461876654,330.25,25
1719461876654,330.25,25
1719461876654,330.25,25
1719461876654,330.25,25
1719461876654,330.25,25
1719461876654,330.25,25
1719461876654,330.25,25
1719461876654,330.25,25
1719461876654,330.25,25
1719461876654,330.25,25
1719461876654,330.25,25
1719461876654,330.25,25
1719461876654,330.25,25
1719461917036,333.4,25
1719461917036,333.4,25
1719461917036,333.4,25
1719461917036,333.4,25
1719461917036,333.4,25
1719461917036,333.4,25
1719461917036,333.4,25
1719461917036,333.4,25
1719461917036,333.4,25
1719461917036,333.4,25
1719461917036,333.4,25
1719461917036,333.4,25
1719461917036,333.4,25
1719461917036,333.4,25
1719461917036,333.4,25
1719461917036,333.4,25
1719461917036,333.4,25
1719461917036,333.4,25
1719461917036,333.4,25
1719461917036,333.4,25
1719461917036,333.4,25
1719461917036,333.4,25
1719461917036,333.4,25
1719461917036,333.4,25
1719461917036,333.4,25
1719461917036,333.4,25
1719461917036,333.4,25
1719461917036,333.4,25
1719461917036,333.4,25
1719461917036,333.4,25
1719461917036,333.4,25
1719461966805,324.5,25
1719461966805,324.5,25
1719461966805,324.5,25
1719461966805,324.5,25
1719461966805,324.5,25
1719461966805,324.5,25
1719461966805,324.5,25
1719461966805,324.5,25
1719461966805,324.5,25
1719461966805,324.5,25
1719461966805,324.5,25
1719461966805,324.5,25
1719461966805,324.5,25
1719461984775,322.0,25
1719461984775,322.0,25
1719461984775,322.0,25
1719461984775,322.0,25
1719461984775,322.0,25
1719461984775,322.0,25
1719461984775,322.0,25
1719461984775,322.0,25
1719461984775,322.0,25
1719461984775,322.0,25
1719461984775,322.0,25
1719461984775,322.0,25
1719461984775,322.0,25
1719461984775,322.0,25
1719461984775,322.0,25
1719461984775,322.0,25
1719461984775,322.0,25
1719461984775,322.0,25
1719461984775,322.0,25
1719461984775,322.0,25
1719461984775,322.0,25
1719461984775,322.0,25
1719461984775,322.0,25
1719461984775,322.0,25
1719461984775,322.0,25
1719462022196,321.95,25
1719462022196,321.95,25
1719462022196,321.95,25
1719462022196,321.95,25
1719462022196,321.95,25
1719462022196,321.95,25
1719462022196,321.95,25
1719462022196,321.95,25
1719462022196,321.95,25
1719462022196,321.95,25
1719462022196,321.95,25
1719462022196,321.95,25
1719462022196,321.95,25
1719462022196,321.95,25
1719462022196,321.95,25
1719462022196,321.95,25
1719462022196,321.95,25
1719462022196,321.95,25
1719462022196,321.95,25
1719462022196,321.95,25
1719462022196,321.95,25
1719462022196,321.95,25
1719462022196,321.95,25
1719462022196,321.95,25
1719462022196,321.95,25
1719462022196,321.95,25
1719462022196,321.95,25
1719462022196,321.95,25
1719462022196,321.95,25
1719462022196,321.95,25
1719462022196,321.95,25
1719462022196,321.95,25
1719462022196,321.95,25
1719462022196,321.95,25
1719462022196,321.95,25
1719462022196,321.95,25
1719462022196,321.95,25
1719462080537,324.35,25
1719462080537,324.35,25
1719462080537,324.35,25
1719462080537,324.35,25
1719462080537,324.35,25
1719462080537,324.35,25
1719462080537,324.35,25
1719462080537,324.35,25
1719462080537,324.35,25
1719462093581,326.5,25
1719462093581,326.5,25
1719462093581,326.5,25
1719462093581,326.5,25
1719462093581,326.5,25
1719462093581,326.5,25
1719462093581,326.5,25
1719462093581,326.5,25
1719462093581,326.5,25
1719462093581,326.5,25
1719462093581,326.5,25
1719462093581,326.5,25
1719462093581,326.5,25
1719462112427,324.85,25
1719462113225,322.2,25
1719462113225,322.2,25
1719462113225,322.2,25
1719462113225,322.2,25
1719462113225,322.2,25
1719462119331,326.5,75
1719462119331,326.5,75
1719462119331,326.5,75
1719462119331,326.5,75
1719462119331,326.5,75
1719462119331,326.5,75
1719462119331,326.5,75
1719462119331,326.5,75
1719462119331,326.5,75
1719462119331,326.5,75
1719462119331,326.5,75
1719462119331,326.5,75
1719462119331,326.5,75
1719462119331,326.5,75
1719462119331,326.5,75
1719462119331,326.5,75
1719462119331,326.5,75
1719462119331,326.5,75
1719462119331,326.5,75
1719462119331,326.5,75
1719462119331,326.5,75
1719462119331,326.5,75
1719462119331,326.5,75
1719462119331,326.5,75
1719462119331,326.5,75
1719462119331,326.5,75
1719462119331,326.5,75
1719462119331,326.5,75
1719462119331,326.5,75
1719462119331,326.5,75
1719462166282,329.55,25
1719462166282,329.55,25
1719462166282,329.55,25
1719462166282,329.55,25
1719462166282,329.55,25
1719462166282,329.55,25
1719462166282,329.55,25
1719462166282,329.55,25
1719462166282,329.55,25
1719462166282,329.55,25
1719462166282,329.55,25
1719462166282,329.55,25
1719462166282,329.55,25
1719462166282,329.55,25
1719462166282,329.55,25
1719462166282,329.55,25
1719462166282,329.55,25
1719462166282,329.55,25
1719462166282,329.55,25
1719462166282,329.55,25
1719462166282,329.55,25
1719462166282,329.55,25
1719462166282,329.55,25
1719462166282,329.55,25
1719462166282,329.55,25
1719462166282,329.55,25
1719462166282,329.55,25
1719462207060,328.7,25
1719462207060,328.7,25
1719462207060,328.7,25
1719462207060,328.7,25
1719462207060,328.7,25
1719462207060,328.7,25
1719462214684,330.45,25
1719462214684,330.45,25
1719462214684,330.45,25
1719462214684,330.45,25
1719462214684,330.45,25
1719462214684,330.45,25
1719462214684,330.45,25
1719462214684,330.45,25
1719462214684,330.45,25
1719462214684,330.45,25
1719462214684,330.45,25
1719462214684,330.45,25
1719462214684,330.45,25
1719462214684,330.45,25
1719462214684,330.45,25
1719462214684,330.45,25
1719462214684,330.45,25
1719462214684,330.45,25
1719462214684,330.45,25
1719462214684,330.45,25
1719462214684,330.45,25
1719462214684,330.45,25
1719462214684,330.45,25
1719462214684,330.45,25
1719462251625,329.3,25
1719462251625,329.3,25
1719462251625,329.3,25
1719462251625,329.3,25
1719462251625,329.3,25
1719462251625,329.3,25
1719462251625,329.3,25
1719462251625,329.3,25
1719462251625,329.3,25
1719462251625,329.3,25
1719462251625,329.3,25
1719462251625,329.3,25
1719462251625,329.3,25
1719462251625,329.3,25
1719462251625,329.3,25
1719462251625,329.3,25
1719462251625,329.3,25
1719462276137,329.45,75
1719462276137,329.45,75
1719462276137,329.45,75
1719462276137,329.45,75
1719462276137,329.45,75
1719462276137,329.45,75
1719462276137,329.45,75
1719462276137,329.45,75
1719462276137,329.45,75
1719462289791,325.35,25
1719462289993,324.9,25
1719462289993,324.9,25
1719462289993,324.9,25
1719462289993,324.9,25
1719462289993,324.9,25
1719462289993,324.9,25
1719462289993,324.9,25
1719462289993,324.9,25
1719462289993,324.9,25
1719462289993,324.9,25
1719462289993,324.9,25
1719462289993,324.9,25
1719462289993,324.9,25
1719462289993,324.9,25
1719462289993,324.9,25
1719462289993,324.9,25
1719462289993,324.9,25
1719462314118,322.7,50
1719462314118,322.7,50
1719462315989,322.85,25
1719462315989,322.85,25
1719462315989,322.85,25
1719462315989,322.85,25
1719462315989,322.85,25
1719462315989,322.85,25
1719462324319,322.3,25
1719462324319,322.3,25
1719462324319,322.3,25
1719462324319,322.3,25
1719462324319,322.3,25
1719462324319,322.3,25
1719462324319,322.3,25
1719462324319,322.3,25
1719462324319,322.3,25
1719462324319,322.3,25
1719462324319,322.3,25
1719462324319,322.3,25
1719462324319,322.3,25
1719462324319,322.3,25
1719462324319,322.3,25
1719462324319,322.3,25
1719462324319,322.3,25
1719462324319,322.3,25
1719462324319,322.3,25
1719462324319,322.3,25
1719462324319,322.3,25
1719462324319,322.3,25
1719462324319,322.3,25
1719462324319,322.3,25
1719462324319,322.3,25
1719462324319,322.3,25
1719462324319,322.3,25
1719462366361,325.25,25
1719462366361,325.25,25
1719462366361,325.25,25
1719462366361,325.25,25
1719462366361,325.25,25
1719462366361,325.25,25
1719462366361,325.25,25
1719462366361,325.25,25
1719462366361,325.25,25
1719462366361,325.25,25
1719462366361,325.25,25
1719462366361,325.25,25
1719462366361,325.25,25
1719462366361,325.25,25
1719462366361,325.25,25
1719462366361,325.25,25
1719462390761,324.9,25
1719462390761,324.9,25
1719462390761,324.9,25
1719462390761,324.9,25
1719462390761,324.9,25
1719462390761,324.9,25
1719462400099,319.5,25
1719462400099,319.5,25
1719462400099,319.5,25
1719462400099,319.5,25
1719462405311,316.65,25
1719462405311,316.65,25
1719462405311,316.65,25
1719462405311,316.65,25
1719462405311,316.65,25
1719462405311,316.65,25
1719462405311,316.65,25
1719462405311,316.65,25
1719462417190,310.1,50
1719462417190,310.1,50
1719462417190,310.1,50
1719462417190,310.1,50
1719462417190,310.1,50
1719462422920,304.25,25
1719462422920,304.25,25
1719462422920,304.25,25
1719462425796,306.15,25
1719462425796,306.15,25
1719462425796,306.15,25
1719462425796,306.15,25
1719462425796,306.15,25
1719462425796,306.15,25
1719462425796,306.15,25
1719462425796,306.15,25
1719462425796,306.15,25
1719462425796,306.15,25
1719462425796,306.15,25
1719462443729,303.8,25
1719462443729,303.8,25
1719462443729,303.8,25
1719462443729,303.8,25
1719462443729,303.8,25
1719462443729,303.8,25
1719462443729,303.8,25
1719462443729,303.8,25
1719462443729,303.8,25
1719462443729,303.8,25
1719462443729,303.8,25
1719462443729,303.8,25
1719462443729,303.8,25
1719462462813,303.6,50
1719462462813,303.6,50
1719462465128,303.7,75
1719462465128,303.7,75
1719462467558,300.75,25
1719462467558,300.75,25
1719462467558,300.75,25
1719462471332,299.0,100
1719462472151,297.25,25
1719462472151,297.25,25
1719462472151,297.25,25
1719462477341,294.55,100
1719462477341,294.55,100
1719462479306,296.65,50
1719462479306,296.65,50
1719462482501,292.2,50
1719462482501,292.2,50
1719462484526,294.4,25
1719462484526,294.4,25
1719462484526,294.4,25
1719462484526,294.4,25
1719462484526,294.4,25
1719462484526,294.4,25
1719462484526,294.4,25
1719462494821,292.65,25
1719462494821,292.65,25
1719462496997,293.0,25
1719462496997,293.0,25
1719462497863,294.25,25
1719462499320,294.95,50
1719462500215,295.95,25
1719462500215,295.95,25
1719462500215,295.95,25
1719462500215,295.95,25
1719462500215,295.95,25
1719462500215,295.95,25
1719462500215,295.95,25
1719462510723,292.95,25
1719462510723,292.95,25
1719462510723,292.95,25
1719462510723,292.95,25
1719462510723,292.95,25
1719462510723,292.95,25
1719462516774,291.4,25
1719462516774,291.4,25
1719462516774,291.4,25
1719462516774,291.4,25
1719462516774,291.4,25
1719462516774,291.4,25
1719462516774,291.4,25
1719462516774,291.4,25
1719462529190,293.9,25
1719462529190,293.9,25
1719462529190,293.9,25
1719462529190,293.9,25
1719462529190,293.9,25
1719462529190,293.9,25
1719462536965,293.5,25
1719462536965,293.5,25
1719462536965,293.5,25
1719462536965,293.5,25
1719462536965,293.5,25
1719462536965,293.5,25
1719462536965,293.5,25
1719462536965,293.5,25
1719462536965,293.5,25
1719462536965,293.5,25
1719462536965,293.5,25
1719462536965,293.5,25
1719462536965,293.5,25
1719462536965,293.5,25
1719462536965,293.5,25
1719462536965,293.5,25
1719462561920,290.05,50
1719462561920,290.05,50
1719462563112,291.3,25
1719462563112,291.3,25
1719462563112,291.3,25
1719462563112,291.3,25
1719462563112,291.3,25
1719462570184,290.0,75
1719462570184,290.0,75
1719462570184,290.0,75
1719462570184,290.0,75
1719462570184,290.0,75
1719462570184,290.0,75
1719462570184,290.0,75
1719462570184,290.0,75
1719462579784,293.7,50
1719462580425,293.1,25
1719462580425,293.1,25
1719462580425,293.1,25
1719462580425,293.1,25
1719462580425,293.1,25
1719462580425,293.1,25
1719462580425,293.1,25
1719462580425,293.1,25
1719462580425,293.1,25
1719462580425,293.1,25
1719462580425,293.1,25
1719462597163,291.55,25
1719462597163,291.55,25
1719462597163,291.55,25
1719462597163,291.55,25
1719462597163,291.55,25
1719462597163,291.55,25
1719462604964,290.0,100
1719462604964,290.0,100
1719462604964,290.0,100
1719462604964,290.0,100
1719462604964,290.0,100
1719462611022,290.0,50
1719462611022,290.0,50
1719462611022,290.0,50
1719462611022,290.0,50
1719462611022,290.0,50
1719462611022,290.0,50
1719462620302,292.05,50
1719462620302,292.05,50
1719462620302,292.05,50
1719462620302,292.05,50
1719462620302,292.05,50
1719462620302,292.05,50
1719462620302,292.05,50
1719462620302,292.05,50
1719462632137,290.15,25
1719462632137,290.15,25
1719462632137,290.15,25
1719462632137,290.15,25
1719462636725,288.9,25
1719462636725,288.9,25
1719462636725,288.9,25
1719462639437,290.0,25
1719462639437,290.0,25
1719462639437,290.0,25
1719462639437,290.0,25
1719462644321,291.2,50
1719462644321,291.2,50
1719462644321,291.2,50
1719462644321,291.2,50
1719462644321,291.2,50
1719462644321,291.2,50
1719462644321,291.2,50
1719462644321,291.2,50
1719462644321,291.2,50
1719462657933,288.05,25
1719462657933,288.05,25
1719462657933,288.05,25
1719462657933,288.05,25
1719462661785,285.0,100
1719462661785,285.0,100
1719462691838,282.7,50
1719462707205,281.45,50
1719462707205,281.45,50
1719462707205,281.45,50
1719462707205,281.45,50
1719462707205,281.45,50
1719462707205,281.45,50
1719462707205,281.45,50
1719462717574,278.4,25
1719462717796,278.55,125
1719462717796,278.55,125
1719462717796,278.55,125
1719462721008,277.55,25
1719462721008,277.55,25
1719462721008,277.55,25
1719462721008,277.55,25
1719462721008,277.55,25
1719462721008,277.55,25
1719462729450,275.45,100
1719462729450,275.45,100
1719462731542,276.25,25
1719462731542,276.25,25
1719462731542,276.25,25
1719462731542,276.25,25
1719462731542,276.25,25
1719462738130,276.9,25
1719462738130,276.9,25
1719462738130,276.9,25
1719462738130,276.9,25
1719462738130,276.9,25
1719462744727,277.5,25
1719462744727,277.5,25
1719462744727,277.5,25
1719462744727,277.5,25
1719462750343,278.0,25
1719462750343,278.0,25
1719462750343,278.0,25
1719462750343,278.0,25
1719462750343,278.0,25
1719462754457,277.1,50
1719462754457,277.1,50
1719462756739,276.85,50
1719462756997,275.8,50
1719462756997,275.8,50
1719462756997,275.8,50
1719462756997,275.8,50
1719462756997,275.8,50
1719462756997,275.8,50
1719462756997,275.8,50
1719462756997,275.8,50
1719462756997,275.8,50
1719462756997,275.8,50
1719462771900,273.25,50
1719462772412,272.1,50
1719462772412,272.1,50
1719462772412,272.1,50
1719462775926,271.3,50
1719462776060,270.15,50
1719462776060,270.15,50
1719462776060,270.15,50
1719462776060,270.15,50
1719462776060,270.15,50
1719462776060,270.15,50
1719462776060,270.15,50
1719462783304,270.0,25
1719462783438,270.0,50
1719462785941,270.3,100
1719462786221,270.0,50
1719462786221,270.0,50
1719462786221,270.0,50
1719462789925,268.5,50
1719462789925,268.5,50
1719462792672,268.1,25
1719462792672,268.1,25
1719462792672,268.1,25
1719462792672,268.1,25
1719462796896,269.3,50
1719462797089,269.45,50
1719462797089,269.45,50
1719462797089,269.45,50
1719462800600,268.2,50
1719462800600,268.2,50
1719462800600,268.2,50
1719462800600,268.2,50
1719462800600,268.2,50
1719462807601,271.3,25
1719462807601,271.3,25
1719462807601,271.3,25
1719462807601,271.3,25
1719462807601,271.3,25
1719462814334,271.9,300
1719462814334,271.9,300
1719462814334,271.9,300
1719462814334,271.9,300
1719462814334,271.9,300
1719462822204,274.75,25
1719462822204,274.75,25
1719462823595,274.0,25
1719462823922,273.9,50
1719462823922,273.9,50
1719462823922,273.9,50
1719462823922,273.9,50
1719462823922,273.9,50
1719462823922,273.9,50
1719462823922,273.9,50
1719462823922,273.9,50
1719462823922,273.9,50
1719462823922,273.9,50
1719462823922,273.9,50
1719462823922,273.9,50
1719462823922,273.9,50
1719462823922,273.9,50
1719462823922,273.9,50
1719462823922,273.9,50
1719462823922,273.9,50
1719462823922,273.9,50
1719462823922,273.9,50
1719462823922,273.9,50
1719462823922,273.9,50
1719462823922,273.9,50
1719462823922,273.9,50
1719462823922,273.9,50
1719462823922,273.9,50
1719462862646,273.35,50
1719462862646,273.35,50
1719462862646,273.35,50
1719462865445,273.35,50
1719462865445,273.35,50
1719462865445,273.35,50
1719462865445,273.35,50
1719463128734,271.2,50
1719463128734,271.2,50
1719463128734,271.2,50
1719463298955,266.95,50
1719463298955,266.95,50
1719463298955,266.95,50
1719463298955,266.95,50
1719463298955,266.95,50
1719463298955,266.95,50
1719463298955,266.95,50
1719463298955,266.95,50
1719463298955,266.95,50
1719463298955,266.95,50
1719463334996,267.5,50
1719463336056,268.1,100
1719463336243,267.75,25
1719463337670,267.75,200
1719463337670,267.75,200
1719463339862,268.5,100
1719463339862,268.5,100
1719463342464,268.45,75
1719463342464,268.45,75
1719463342464,268.45,75
1719463342464,268.45,75
1719463346767,269.05,75
1719463346767,269.05,75
1719463346767,269.05,75
1719463346767,269.05,75
1719463346767,269.05,75
1719463346767,269.05,75
1719463346767,269.05,75
1719463355200,267.2,25
1719463355200,267.2,25
1719463355200,267.2,25
1719463355200,267.2,25
1719463360207,264.75,25
1719463360207,264.75,25
1719463360207,264.75,25
1719463360207,264.75,25
1719463360207,264.75,25
1719463360207,264.75,25
1719463360207,264.75,25
1719463360207,264.75,25
1719463360207,264.75,25
1719463360207,264.75,25
1719463360207,264.75,25
1719463360207,264.75,25
1719463360207,264.75,25
1719463360207,264.75,25
1719463360207,264.75,25
1719463360207,264.75,25
1719463360207,264.75,25
1719463385492,268.1,25
1719463385837,268.4,25
1719463386310,267.9,25
1719463386876,267.2,50
1719463388179,268.05,50
1719463388179,268.05,50
1719463388179,268.05,50
1719463388179,268.05,50
1719463388179,268.05,50
1719463388179,268.05,50
1719463388179,268.05,50
1719463388179,268.05,50
1719463388179,268.05,50
1719463388179,268.05,50
1719463388179,268.05,50
1719463388179,268.05,50
1719463388179,268.05,50
1719463388179,268.05,50
1719463388179,268.05,50
1719463388179,268.05,50
1719463388179,268.05,50
1719463388179,268.05,50
1719463388179,268.05,50
1719463388179,268.05,50
1719463388179,268.05,50
1719463388179,268.05,50
1719463388179,268.05,50
1719463388179,268.05,50
1719463425798,274.05,75
1719463425798,274.05,75
1719463425798,274.05,75
1719463428757,277.9,25
1719463428757,277.9,25
1719463428757,277.9,25
1719463428757,277.9,25
1719463428757,277.9,25
1719463428757,277.9,25
1719463428757,277.9,25
1719463428757,277.9,25
1719463440797,276.8,25
1719463440797,276.8,25
1719463440797,276.8,25
1719463440797,276.8,25
1719463445007,276.3,25
1719463445007,276.3,25
1719463445007,276.3,25
1719463449468,275.7,50
1719463449468,275.7,50
1719463449468,275.7,50
1719463449468,275.7,50
1719463449468,275.7,50
1719463449468,275.7,50
1719463449468,275.7,50
1719463459225,275.25,75
1719463459225,275.25,75
1719463460836,276.1,75
1719463460836,276.1,75
1719463460836,276.1,75
1719463460836,276.1,75
1719463460836,276.1,75
1719463460836,276.1,75
1719463460836,276.1,75
1719463470248,273.5,25
1719463470248,273.5,25
1719463470248,273.5,25
1719463470248,273.5,25
1719463470248,273.5,25
1719463470248,273.5,25
1719463470248,273.5,25
1719463470248,273.5,25
1719463470248,273.5,25
1719463483268,276.0,75
1719463483268,276.0,75
1719463483268,276.0,75
1719463483268,276.0,75
1719463483268,276.0,75
1719463490904,276.3,75
1719463490904,276.3,75
1719463493380,276.15,75
1719463493380,276.15,75
1719463495339,276.9,75
1719463495443,276.8,25
1719463496612,276.65,75
1719463496612,276.65,75
1719463498293,275.8,25
1719463498293,275.8,25
1719463498293,275.8,25
1719463498293,275.8,25
1719463498293,275.8,25
1719463498293,275.8,25
1719463503667,276.0,25
1719463503667,276.0,25
1719463505554,275.95,25
1719463505707,276.8,25
1719463506138,277.65,25
1719463506138,277.65,25
1719463509621,275.95,25
1719463509621,275.95,25
1719463509621,275.95,25
1719463509621,275.95,25
1719463509621,275.95,25
1719463515954,277.7,75
1719463516080,278.05,75
1719463516080,278.05,75
1719463516080,278.05,75
1719463516080,278.05,75
1719463516080,278.05,75
1719463516080,278.05,75
1719463523743,275.0,25
1719463523743,275.0,25
1719463525976,274.05,25
1719463525976,274.05,25
1719463525976,274.05,25
1719463528510,274.4,25
1719463528510,274.4,25
1719463528510,274.4,25
1719463528510,274.4,25
1719463528510,274.4,25
1719463528510,274.4,25
1719463536672,272.2,25
1719463537009,271.6,100
1719463537009,271.6,100
1719463537009,271.6,100
1719463537009,271.6,100
1719463541727,272.15,50
1719463541727,272.15,50
1719463542207,272.6,25
1719463542207,272.6,25
1719463542207,272.6,25
1719463542207,272.6,25
1719463542207,272.6,25
1719463542207,272.6,25
1719463542207,272.6,25
1719463552948,270.8,25
1719463552948,270.8,25
1719463553702,271.05,100
1719463553959,271.4,25
1719463553959,271.4,25
1719463553959,271.4,25
1719463553959,271.4,25
1719463560067,271.75,100
1719463560348,272.1,100
1719463561396,272.4,75
1719463561396,272.4,75
1719463561396,272.4,75
1719463561396,272.4,75
1719463561396,272.4,75
1719463561396,272.4,75
1719463570831,274.25,75
1719463570831,274.25,75
1719463573079,274.3,75
1719463573079,274.3,75
1719463573079,274.3,75
1719463573079,274.3,75
1719463573079,274.3,75
1719463578753,275.0,25
1719463578853,275.0,25
1719463578853,275.0,25
1719463578853,275.0,25
1719463578853,275.0,25
1719463578853,275.0,25
1719463578853,275.0,25
1719463578853,275.0,25
1719463578853,275.0,25
1719463578853,275.0,25
1719463578853,275.0,25
1719463578853,275.0,25
1719463578853,275.0,25
1719463578853,275.0,25
1719463578853,275.0,25
1719463578853,275.0,25
1719463578853,275.0,25
1719463603689,274.05,75
1719463603689,274.05,75
1719463603689,274.05,75
1719463603689,274.05,75
1719463603689,274.05,75
1719463603689,274.05,75
1719463603689,274.05,75
1719463603689,274.05,75
1719463603689,274.05,75
1719463603689,274.05,75
1719463603689,274.05,75
1719463603689,274.05,75
1719463603689,274.05,75
1719463603689,274.05,75
1719463624926,276.25,25
1719463624926,276.25,25
1719463624926,276.25,25
1719463624926,276.25,25
1719463624926,276.25,25
1719463624926,276.25,25
1719463624926,276.25,25
1719463624926,276.25,25
1719463624926,276.25,25
1719463624926,276.25,25
1719463624926,276.25,25
1719463624926,276.25,25
1719463624926,276.25,25
1719463624926,276.25,25
1719463624926,276.25,25
1719463624926,276.25,25
1719463624926,276.25,25
1719463624926,276.25,25
1719463624926,276.25,25
1719463624926,276.25,25
1719463624926,276.25,25
1719463624926,276.25,25
1719463624926,276.25,25
1719463624926,276.25,25
1719463663060,277.15,75
1719463663060,277.15,75
1719463663060,277.15,75
1719463663060,277.15,75
1719463663060,277.15,75
1719463663060,277.15,75
1719463663060,277.15,75
1719463663060,277.15,75
1719463663060,277.15,75
1719463663060,277.15,75
1719463663060,277.15,75
1719463663060,277.15,75
1719463663060,277.15,75
1719463663060,277.15,75
1719463663060,277.15,75
1719463663060,277.15,75
1719463663060,277.15,75
1719463663060,277.15,75
1719463663060,277.15,75
1719463691176,277.1,50
1719463691176,277.1,50
1719463691176,277.1,50
1719463693854,276.8,25
1719463693854,276.8,25
1719463693854,276.8,25
1719463693854,276.8,25
1719463693854,276.8,25
1719463693854,276.8,25
1719463693854,276.8,25
1719463693854,276.8,25
1719463693854,276.8,25
1719463708336,274.8,25
1719463708336,274.8,25
1719463708336,274.8,25
1719463708336,274.8,25
1719463708336,274.8,25
1719463708336,274.8,25
1719463708336,274.8,25
1719463708336,274.8,25
1719463708336,274.8,25
1719463719552,272.9,50
1719463719552,272.9,50
1719463719552,272.9,50
1719463719552,272.9,50
1719463719552,272.9,50
1719463719552,272.9,50
1719463727883,273.6,50
1719463727883,273.6,50
1719463728755,274.4,50
1719463728755,274.4,50
1719463728755,274.4,50
1719463728755,274.4,50
1719463728755,274.4,50
1719463728755,274.4,50
1719463728755,274.4,50
1719463728755,274.4,50
1719463728755,274.4,50
1719463728755,274.4,50
1719463728755,274.4,50
1719463728755,274.4,50
1719463746627,273.7,25
1719463746627,273.7,25
1719463746627,273.7,25
1719463746627,273.7,25
1719463746627,273.7,25
1719463746627,273.7,25
1719463754447,272.95,25
1719463754447,272.95,25
1719463754447,272.95,25
1719463754447,272.95,25
1719463754447,272.95,25
1719463754447,272.95,25
1719463754447,272.95,25
1719463754447,272.95,25
1719463766311,271.2,25
1719463766311,271.2,25
1719463766311,271.2,25
1719463766311,271.2,25
1719463766311,271.2,25
1719463766311,271.2,25
1719463766311,271.2,25
1719463766311,271.2,25
1719463766311,271.2,25
1719463766311,271.2,25
1719463766311,271.2,25
1719463766311,271.2,25
1719463766311,271.2,25
1719463766311,271.2,25
1719463766311,271.2,25
1719463766311,271.2,25
1719463766311,271.2,25
1719463793615,269.3,50
1719463794651,269.0,25
1719463794651,269.0,25
1719463794651,269.0,25
1719463794651,269.0,25
1719463794651,269.0,25
1719463794651,269.0,25
1719463794651,269.0,25
1719463794651,269.0,25
1719463794651,269.0,25
1719463794651,269.0,25
1719463794651,269.0,25
1719463794651,269.0,25
1719463794651,269.0,25
1719463813144,268.65,25
1719463813144,268.65,25
1719463813144,268.65,25
1719463813144,268.65,25
1719463813144,268.65,25
1719463813144,268.65,25
1719463813144,268.65,25
1719463813144,268.65,25
1719463813144,268.65,25
1719463813144,268.65,25
1719463813144,268.65,25
1719463828885,269.9,50
1719463828885,269.9,50
1719463828885,269.9,50
1719463828885,269.9,50
1719463828885,269.9,50
1719463828885,269.9,50
1719463837317,270.85,25
1719463838694,271.3,50
1719463838694,271.3,50
1719463838694,271.3,50
1719463838694,271.3,50
1719463843064,273.0,25
1719463843064,273.0,25
1719463843064,273.0,25
1719463843064,273.0,25
1719463843064,273.0,25
1719463843064,273.0,25
1719463843064,273.0,25
1719463843064,273.0,25
1719463843064,273.0,25
1719463843064,273.0,25
1719463843064,273.0,25
1719463843064,273.0,25
1719463843064,273.0,25
1719463843064,273.0,25
1719463843064,273.0,25
1719463843064,273.0,25
1719463843064,273.0,25
1719463843064,273.0,25
1719463843064,273.0,25
1719463843064,273.0,25
1719463843064,273.0,25
1719463843064,273.0,25
1719463877087,272.35,25
1719463877087,272.35,25
1719463877087,272.35,25
1719463877087,272.35,25
1719463877087,272.35,25
1719463877087,272.35,25
1719463877087,272.35,25
1719463877087,272.35,25
1719463877087,272.35,25
1719463877087,272.35,25
1719463877087,272.35,25
1719463877087,272.35,25
1719463877087,272.35,25
1719463877087,272.35,25
1719463877087,272.35,25
1719463877087,272.35,25
1719463877087,272.35,25
1719463877087,272.35,25
1719463877087,272.35,25
1719463877087,272.35,25
1719463877087,272.35,25
1719463877087,272.35,25
1719463877087,272.35,25
1719463877087,272.35,25
1719463877087,272.35,25
1719463877087,272.35,25
1719463916513,268.15,25
1719463916513,268.15,25
1719463916513,268.15,25
1719463920387,269.2,25
1719463920387,269.2,25
1719463920387,269.2,25
1719463920387,269.2,25
1719463920387,269.2,25
1719463920387,269.2,25
1719463920387,269.2,25
1719463920387,269.2,25
1719463920387,269.2,25
1719463920387,269.2,25
1719463920387,269.2,25
1719463935479,266.2,25
1719463935479,266.2,25
1719463935916,266.5,25
1719463936297,266.6,25
1719463936297,266.6,25
1719463938219,269.0,50
1719463938219,269.0,50
1719463938219,269.0,50
1719463940897,269.2,50
1719463942071,269.5,25
1719463942476,269.4,50
1719463943941,268.9,50
1719463944483,269.2,50
1719463944483,269.2,50
1719463946038,269.05,25
1719463946038,269.05,25
1719463947877,269.35,50
1719463947877,269.35,50
1719463947877,269.35,50
1719463947877,269.35,50
1719463947877,269.35,50
1719463947877,269.35,50
1719463947877,269.35,50
1719463947877,269.35,50
1719463947877,269.35,50
1719463959911,271.5,25
1719463959911,271.5,25
1719463959911,271.5,25
1719463959911,271.5,25
1719463959911,271.5,25
1719463959911,271.5,25
1719463959911,271.5,25
1719463959911,271.5,25
1719463959911,271.5,25
1719463959911,271.5,25
1719463959911,271.5,25
1719463959911,271.5,25
1719463978332,271.2,50
1719463978332,271.2,50
1719463978332,271.2,50
1719463978332,271.2,50
1719463978332,271.2,50
1719463978332,271.2,50
1719463978332,271.2,50
1719463978332,271.2,50
1719463978332,271.2,50
1719463978332,271.2,50
1719463978332,271.2,50
1719463978332,271.2,50
1719463978332,271.2,50
1719463978332,271.2,50
1719463978332,271.2,50
1719463978332,271.2,50
1719463978332,271.2,50
1719464003586,271.8,25
1719464003586,271.8,25
1719464003586,271.8,25
1719464003586,271.8,25
1719464003586,271.8,25
1719464010239,273.0,25
1719464010239,273.0,25
1719464010239,273.0,25
1719464010239,273.0,25
1719464010239,273.0,25
1719464010239,273.0,25
1719464016984,273.25,50
1719464016984,273.25,50
1719464018531,272.45,25
1719464018531,272.45,25
1719464018531,272.45,25
1719464018531,272.45,25
1719464018531,272.45,25
1719464018531,272.45,25
1719464018531,272.45,25
1719464028130,273.35,50
1719464028130,273.35,50
1719464029777,272.5,25
1719464030319,272.4,50
1719464030319,272.4,50
1719464031411,272.6,25
1719464031411,272.6,25
1719464031411,272.6,25
1719464031411,272.6,25
1719464031411,272.6,25
1719464031411,272.6,25
1719464039082,274.5,25
1719464039450,274.45,50
1719464039450,274.45,50
1719464039450,274.45,50
1719464039450,274.45,50
1719464043055,274.85,50
1719464043055,274.85,50
1719464043055,274.85,50
1719464046851,275.15,25
1719464046851,275.15,25
1719464046851,275.15,25
1719464046851,275.15,25
1719464046851,275.15,25
1719464053691,275.8,50
1719464053691,275.8,50
1719464055368,273.9,25
1719464055368,273.9,25
1719464055368,273.9,25
1719464055368,273.9,25
1719464055368,273.9,25
1719464055368,273.9,25
1719464055368,273.9,25
1719464066275,276.75,175
1719464067217,275.85,25
1719464067217,275.85,25
1719464067217,275.85,25
1719464067217,275.85,25
1719464067217,275.85,25
1719464067217,275.85,25
1719464075522,275.65,25
1719464075522,275.65,25
1719464075522,275.65,25
1719464078654,276.45,50
1719464078654,276.45,50
1719464078654,276.45,50
1719464078654,276.45,50
1719464078654,276.45,50
1719464084453,276.9,25
1719464084453,276.9,25
1719464084453,276.9,25
1719464087942,277.4,25
1719464087942,277.4,25
1719464089546,277.3,25
1719464089546,277.3,25
1719464089546,277.3,25
1719464089546,277.3,25
1719464095461,273.75,175
1719464095461,273.75,175
1719464095461,273.75,175
1719464095461,273.75,175
1719464095461,273.75,175
1719464095461,273.75,175
1719464095461,273.75,175
1719464095461,273.75,175
1719464095461,273.75,175
1719464095461,273.75,175
1719464095461,273.75,175
1719464095461,273.75,175
1719464095461,273.75,175
1719464095461,273.75,175
1719464114077,275.7,25
1719464114077,275.7,25
1719464114077,275.7,25
1719464114077,275.7,25
1719464114077,275.7,25
1719464114077,275.7,25
1719464114077,275.7,25
1719464114077,275.7,25
1719464127151,275.0,50
1719464127151,275.0,50
1719464128147,274.5,50
1719464128147,274.5,50
1719464129805,274.4,25
1719464129805,274.4,25
1719464129805,274.4,25
1719464129805,274.4,25
1719464129805,274.4,25
1719464129805,274.4,25
1719464136159,275.9,25
1719464136159,275.9,25
1719464136159,275.9,25
1719464136159,275.9,25
1719464136159,275.9,25
1719464136159,275.9,25
1719464136159,275.9,25
1719464136159,275.9,25
1719464136159,275.9,25
1719464136159,275.9,25
1719464136159,275.9,25
1719464153511,274.4,50
1719464153511,274.4,50
1719464154542,273.9,50
1719464154542,273.9,50
1719464154542,273.9,50
1719464158122,276.1,50
1719464158122,276.1,50
1719464158122,276.1,50
1719464158122,276.1,50
1719464158122,276.1,50
1719464158122,276.1,50
1719464158122,276.1,50
1719464158122,276.1,50
1719464158122,276.1,50
1719464170151,274.95,25
1719464170151,274.95,25
1719464170151,274.95,25
1719464173427,273.9,25
1719464173427,273.9,25
1719464173427,273.9,25
1719464173427,273.9,25
1719464173427,273.9,25
1719464173427,273.9,25
1719464173427,273.9,25
1719464173427,273.9,25
1719464173427,273.9,25
1719464173427,273.9,25
1719464188357,275.2,25
1719464188357,275.2,25
1719464190292,274.6,50
1719464190292,274.6,50
1719464190292,274.6,50
1719464190292,274.6,50
1719464190292,274.6,50
1719464194978,274.65,25
1719464194978,274.65,25
1719464194978,274.65,25
1719464194978,274.65,25
1719464194978,274.65,25
1719464194978,274.65,25
1719464194978,274.65,25
1719464205383,275.25,25
1719464205673,275.65,50
1719464205838,275.05,25
1719464207383,274.9,50
1719464207383,274.9,50
1719464210199,274.1,50
1719464210199,274.1,50
1719464210199,274.1,50
1719464210199,274.1,50
1719464214261,275.2,50
1719464215199,274.65,50
1719464215199,274.65,50
1719464216186,274.9,50
1719464216610,274.55,50
1719464216610,274.55,50
1719464218964,272.8,50
1719464219079,272.15,25
1719464219079,272.15,25
1719464219079,272.15,25
1719464219079,272.15,25
1719464219079,272.15,25
1719464226075,270.5,25
1719464226075,270.5,25
1719464226075,270.5,25
1719464226075,270.5,25
1719464226075,270.5,25
1719464226075,270.5,25
1719464226075,270.5,25
1719464226075,270.5,25
1719464226075,270.5,25
1719464226075,270.5,25
1719464226075,270.5,25
1719464226075,270.5,25
1719464244513,268.35,50
1719464244513,268.35,50
1719464246758,267.35,50
1719464246758,267.35,50
1719464248271,265.0,25
1719464248271,265.0,25
1719464249702,264.3,50
1719464250262,265.55,25
1719464250262,265.55,25
1719464250262,265.55,25
1719464251727,264.05,75
1719464252183,263.55,100
1719464252183,263.55,100
1719464253168,263.2,25
1719464254052,262.65,75
1719464254052,262.65,75
1719464254052,262.65,75
1719464254052,262.65,75
1719464254052,262.65,75
1719464254052,262.65,75
1719464254052,262.65,75
1719464254052,262.65,75
1719464254052,262.65,75
1719464254052,262.65,75
1719464254052,262.65,75
1719464254052,262.65,75
1719464254052,262.65,75
1719464254052,262.65,75
1719464254052,262.65,75
1719464254052,262.65,75
1719464254052,262.65,75
1719464254052,262.65,75
1719464254052,262.65,75
1719464254052,262.65,75
1719464254052,262.65,75
1719464254052,262.65,75
1719464254052,262.65,75
1719464254052,262.65,75
1719464254052,262.65,75
1719464292136,261.2,25
1719464292136,261.2,25
1719464292136,261.2,25
1719464292136,261.2,25
1719464292136,261.2,25
1719464292136,261.2,25
1719464299557,259.95,50
1719464299557,259.95,50
1719464299557,259.95,50
1719464299557,259.95,50
1719464299557,259.95,50
1719464307641,261.65,25
1719464307641,261.65,25
1719464307641,261.65,25
1719464307641,261.65,25
1719464307641,261.65,25
1719464307641,261.65,25
1719464307641,261.65,25
1719464307641,261.65,25
1719464307641,261.65,25
1719464307641,261.65,25
1719464307641,261.65,25
1719464307641,261.65,25
1719464327577,260.7,50
1719464327577,260.7,50
1719464327577,260.7,50
1719464327577,260.7,50
1719464327577,260.7,50
1719464327577,260.7,50
1719464327577,260.7,50
1719464327577,260.7,50
1719464327577,260.7,50
1719464327577,260.7,50
1719464327577,260.7,50
1719464327577,260.7,50
1719464327577,260.7,50
1719464327577,260.7,50
1719464327577,260.7,50
1719464327577,260.7,50
1719464327577,260.7,50
1719464353585,260.65,225
1719464353585,260.65,225
1719464353585,260.65,225
1719464353585,260.65,225
1719464353585,260.65,225
1719464360351,260.15,50
1719464360351,260.15,50
1719464360351,260.15,50
1719464360351,260.15,50
1719464360351,260.15,50
1719464366344,260.7,75
1719464366344,260.7,75
1719464366344,260.7,75
1719464366344,260.7,75
1719464366344,260.7,75
1719464366344,260.7,75
1719464366344,260.7,75
1719464366344,260.7,75
1719464366344,260.7,75
1719464378432,260.7,25
1719464378432,260.7,25
1719464378432,260.7,25
1719464378432,260.7,25
1719464378432,260.7,25
1719464378432,260.7,25
1719464378432,260.7,25
1719464378432,260.7,25
1719464378432,260.7,25
1719464391963,261.35,25
1719464392739,261.4,25
1719464392739,261.4,25
1719464392739,261.4,25
1719464392739,261.4,25
1719464396888,260.8,100
1719464396888,260.8,100
1719464396888,260.8,100
1719464396888,260.8,100
1719464396888,260.8,100
1719464396888,260.8,100
1719464396888,260.8,100
1719464405377,260.9,25
1719464405779,260.7,25
1719464405779,260.7,25
1719464405779,260.7,25
1719464405779,260.7,25
1719464405779,260.7,25
1719464405779,260.7,25
1719464405779,260.7,25
1719464405779,260.7,25
1719464418048,261.15,25
1719464418048,261.15,25
1719464418048,261.15,25
1719464418048,261.15,25
1719464418048,261.15,25
1719464418048,261.15,25
1719464418048,261.15,25
1719464418048,261.15,25
1719464418048,261.15,25
1719464418048,261.15,25
1719464418048,261.15,25
1719464418048,261.15,25
1719464418048,261.15,25
1719464438046,259.6,75
1719464438046,259.6,75
1719464438046,259.6,75
1719464438046,259.6,75
1719464438046,259.6,75
1719464438046,259.6,75
1719464438046,259.6,75
1719464438046,259.6,75
1719464438046,259.6,75
1719464438046,259.6,75
1719464453577,261.15,75
1719464453577,261.15,75
1719464455587,261.25,25
1719464455587,261.25,25
1719464455587,261.25,25
1719464455587,261.25,25
1719464460871,262.1,75
1719464460871,262.1,75
1719464460871,262.1,75
1719464460871,262.1,75
1719464460871,262.1,75
1719464460871,262.1,75
1719464460871,262.1,75
1719464460871,262.1,75
1719464460871,262.1,75
1719464460871,262.1,75
1719464460871,262.1,75
1719464460871,262.1,75
1719464460871,262.1,75
1719464460871,262.1,75
1719464460871,262.1,75
1719464482199,262.95,50
1719464482199,262.95,50
1719464482199,262.95,50
1719464482199,262.95,50
1719464482199,262.95,50
1719464482199,262.95,50
1719464482199,262.95,50
1719464482199,262.95,50
1719464491641,263.1,25
1719464491641,263.1,25
1719464491641,263.1,25
1719464491641,263.1,25
1719464491641,263.1,25
1719464491641,263.1,25
1719464499803,261.4,300
1719464499803,261.4,300
1719464499803,261.4,300
1719464499803,261.4,300
1719464499803,261.4,300
1719464499803,261.4,300
1719464499803,261.4,300
1719464499803,261.4,300
1719464499803,261.4,300
1719464499803,261.4,300
1719464499803,261.4,300
1719464499803,261.4,300
1719464499803,261.4,300
1719464499803,261.4,300
1719464499803,261.4,300
1719464522786,264.85,75
1719464522786,264.85,75
1719464522786,264.85,75
1719464524339,265.9,25
1719464524610,265.35,25
1719464524610,265.35,25
1719464524610,265.35,25
1719464527387,264.4,25
1719464527387,264.4,25
1719464527387,264.4,25
1719464527387,264.4,25
1719464527387,264.4,25
1719464527387,264.4,25
1719464527387,264.4,25
1719464527387,264.4,25
1719464527387,264.4,25
1719464527387,264.4,25
1719464527387,264.4,25
1719464527387,264.4,25
1719464527387,264.4,25
1719464527387,264.4,25
1719464527387,264.4,25
1719464527387,264.4,25
1719464527387,264.4,25
1719464527387,264.4,25
1719464527387,264.4,25
1719464527387,264.4,25
1719464527387,264.4,25
1719464558512,266.3,25
1719464558512,266.3,25
1719464558512,266.3,25
1719464558512,266.3,25
1719464558512,266.3,25
1719464558512,266.3,25
1719464558512,266.3,25
1719464558512,266.3,25
1719464558512,266.3,25
1719464558512,266.3,25
1719464558512,266.3,25
1719464558512,266.3,25
1719464558512,266.3,25
1719464558512,266.3,25
1719464558512,266.3,25
1719464558512,266.3,25
1719464558512,266.3,25
1719464558512,266.3,25
1719464558512,266.3,25
1719464558512,266.3,25
1719464558512,266.3,25
1719464590827,270.65,50
1719464590827,270.65,50
1719464592560,272.3,75
1719464592972,272.05,50
1719464593737,273.0,25
1719464593862,272.9,75
1719464593862,272.9,75
1719464593862,272.9,75
1719464593862,272.9,75
1719464593862,272.9,75
1719464593862,272.9,75
1719464601800,278.25,75
1719464602649,278.65,25
1719464602649,278.65,25
1719464602649,278.65,25
1719464602649,278.65,25
1719464602649,278.65,25
1719464609164,283.25,50
1719464609164,283.25,50
1719464609980,286.15,75
1719464609980,286.15,75
1719464611348,287.85,50
1719464611348,287.85,50
1719464611348,287.85,50
1719464611348,287.85,50
1719464612376,295.0,50
1719464612376,295.0,50
1719464613340,310.2,25
1719464613340,310.2,25
1719464613695,314.2,50
1719464614524,307.55,50
1719464614524,307.55,50
1719464614524,307.55,50
1719464614524,307.55,50
1719464615603,306.15,300
1719464617038,301.05,50
1719464620272,295.35,50
1719464620658,297.15,125
1719464622827,293.8,50
1719464622827,293.8,50
1719464623458,293.4,50
1719464624613,292.35,50
1719464624613,292.35,50
1719464624613,292.35,50
1719464627306,292.95,50
1719464627672,293.35,25
1719464627672,293.35,25
1719464629530,290.25,25
1719464629530,290.25,25
1719464629530,290.25,25
1719464632556,290.85,25
1719464632728,290.2,100
1719464633447,291.7,75
1719464633447,291.7,75
1719464634884,295.75,75
1719464635329,295.05,100
1719464635329,295.05,100
1719464636659,299.95,75
1719464637570,299.55,25
1719464637835,299.7,25
1719464638320,298.05,75
1719464639219,298.1,75
1719464639219,298.1,75
1719464639219,298.1,75
1719464639219,298.1,75
1719464639219,298.1,75
1719464639219,298.1,75
1719464639219,298.1,75
1719464639219,298.1,75
1719464639219,298.1,75
1719464639219,298.1,75
1719464639219,298.1,75
1719464639219,298.1,75
1719464654941,294.5,75
1719464655215,294.4,25
1719464655549,295.45,25
1719464655549,295.45,25
1719464655549,295.45,25
1719464655549,295.45,25
1719464655549,295.45,25
1719464655549,295.45,25
1719464655549,295.45,25
1719464667195,295.9,25
1719464667195,295.9,25
1719464667195,295.9,25
1719464667195,295.9,25
1719464667195,295.9,25
1719464667195,295.9,25
1719464667195,295.9,25
1719464676475,293.6,25
1719464676475,293.6,25
1719464676475,293.6,25
1719464676475,293.6,25
1719464679808,293.55,50
1719464679808,293.55,50
1719464679808,293.55,50
1719464684253,293.0,25
1719464684253,293.0,25
1719464684253,293.0,25
1719464684253,293.0,25
1719464687777,295.6,25
1719464687777,295.6,25
1719464687777,295.6,25
1719464687777,295.6,25
1719464687777,295.6,25
1719464687777,295.6,25
1719464687777,295.6,25
1719464687777,295.6,25
1719464687777,295.6,25
1719464687777,295.6,25
1719464687777,295.6,25
1719464687777,295.6,25
1719464687777,295.6,25
1719464687777,295.6,25
1719464687777,295.6,25
1719464708609,303.65,25
1719464708609,303.65,25
1719464708609,303.65,25
1719464712851,301.7,75
1719464712851,301.7,75
1719464713401,301.3,25
1719464713401,301.3,25
1719464715756,296.65,25
1719464715756,296.65,25
1719464715756,296.65,25
1719464715756,296.65,25
1719464721437,300.25,25
1719464721437,300.25,25
1719464721437,300.25,25
1719464724044,303.05,50
1719464724044,303.05,50
1719464724044,303.05,50
1719464724044,303.05,50
1719464724044,303.05,50
1719464724044,303.05,50
1719464731166,302.2,25
1719464731166,302.2,25
1719464733099,301.55,25
1719464733099,301.55,25
1719464733099,301.55,25
1719464733099,301.55,25
1719464733099,301.55,25
1719464738393,299.6,50
1719464738393,299.6,50
1719464738393,299.6,50
1719464738393,299.6,50
1719464738393,299.6,50
1719464738393,299.6,50
1719464738393,299.6,50
1719464738393,299.6,50
1719464751031,297.2,50
1719464751031,297.2,50
1719464751031,297.2,50
1719464751031,297.2,50
1719464755878,294.65,25
1719464755878,294.65,25
1719464755878,294.65,25
1719464755878,294.65,25
1719464755878,294.65,25
1719464755878,294.65,25
1719464762806,296.9,75
1719464763138,295.9,25
1719464763537,296.95,25
1719464763537,296.95,25
1719464763537,296.95,25
1719464763537,296.95,25
1719464763537,296.95,25
1719464770920,293.65,25
1719464770920,293.65,25
1719464770920,293.65,25
1719464770920,293.65,25
1719464770920,293.65,25
1719464777223,297.1,100
1719464777949,295.95,25
1719464777949,295.95,25
1719464777949,295.95,25
1719464780493,296.45,75
1719464780493,296.45,75
1719464780493,296.45,75
1719464780493,296.45,75
1719464780493,296.45,75
1719464787119,292.5,25
1719464787119,292.5,25
1719464787119,292.5,25
1719464787119,292.5,25
1719464787119,292.5,25
1719464787119,292.5,25
1719464787119,292.5,25
1719464796135,297.5,100
1719464796135,297.5,100
1719464796811,296.1,50
1719464796811,296.1,50
1719464796811,296.1,50
1719464796811,296.1,50
1719464796811,296.1,50
1719464796811,296.1,50
1719464796811,296.1,50
1719464796811,296.1,50
1719464796811,296.1,50
1719464796811,296.1,50
1719464796811,296.1,50
1719464813810,295.65,25
1719464813810,295.65,25
1719464813810,295.65,25
1719464813810,295.65,25
1719464813810,295.65,25
1719464813810,295.65,25
1719464813810,295.65,25
1719464822289,293.65,75
1719464822482,293.6,50
1719464822482,293.6,50
1719464823396,294.25,25
1719464823396,294.25,25
1719464823396,294.25,25
1719464828166,296.85,25
1719464828166,296.85,25
1719464828166,296.85,25
1719464828166,296.85,25
1719464828166,296.85,25
1719464828166,296.85,25
1719464828166,296.85,25
1719464828166,296.85,25
1719464828166,296.85,25
1719464828166,296.85,25
1719464828166,296.85,25
1719464828166,296.85,25
1719464847692,289.7,50
1719464847692,289.7,50
1719464847692,289.7,50
1719464847692,289.7,50
1719464847692,289.7,50
1719464847692,289.7,50
1719464854122,287.95,25
1719464854122,287.95,25
1719464854122,287.95,25
1719464854122,287.95,25
1719464854122,287.95,25
1719464854122,287.95,25
1719464854122,287.95,25
1719464854122,287.95,25
1719464854122,287.95,25
1719464854122,287.95,25
1719464869850,286.95,25
1719464869850,286.95,25
1719464869850,286.95,25
1719464869850,286.95,25
1719464875027,287.85,25
1719464876468,286.55,75
1719464876468,286.55,75
1719464876468,286.55,75
1719464876468,286.55,75
1719464876468,286.55,75
1719464882176,289.7,25
1719464882176,289.7,25
1719464884557,290.05,50
1719464884557,290.05,50
1719464884557,290.05,50
1719464884557,290.05,50
1719464884557,290.05,50
1719464884557,290.05,50
1719464884557,290.05,50
1719464884557,290.05,50
1719464884557,290.05,50
1719464884557,290.05,50
1719464899301,292.9,25
1719464899301,292.9,25
1719464899301,292.9,25
1719464899301,292.9,25
1719464904288,291.45,50
1719464905016,289.2,25
1719464905016,289.2,25
1719464905016,289.2,25
1719464905016,289.2,25
1719464905016,289.2,25
1719464910936,284.0,25
1719464910936,284.0,25
1719464910936,284.0,25
1719464910936,284.0,25
1719464913527,285.5,25
1719464913527,285.5,25
1719464915527,286.3,25
1719464915527,286.3,25
1719464918154,288.65,25
1719464918154,288.65,25
1719464918154,288.65,25
1719464918154,288.65,25
1719464918154,288.65,25
1719464918154,288.65,25
1719464918154,288.65,25
1719464929780,288.0,25
1719464929780,288.0,25
1719464929780,288.0,25
1719464929780,288.0,25
1719464929780,288.0,25
1719464929780,288.0,25
1719464938045,291.1,25
1719464938045,291.1,25
1719464938560,290.95,50
1719464938560,290.95,50
1719464938560,290.95,50
1719464938560,290.95,50
1719464942763,288.0,150
1719464942763,288.0,150
1719464942763,288.0,150
1719464942763,288.0,150
1719464942763,288.0,150
1719464947921,290.1,25
1719464947921,290.1,25
1719464947921,290.1,25
1719464947921,290.1,25
1719464947921,290.1,25
1719464947921,290.1,25
1719464947921,290.1,25
1719464947921,290.1,25
1719464947921,290.1,25
1719464947921,290.1,25
1719464947921,290.1,25
1719464964894,291.75,25
1719464964894,291.75,25
1719464964894,291.75,25
1719464964894,291.75,25
1719464964894,291.75,25
1719464964894,291.75,25
1719464964894,291.75,25
1719464964894,291.75,25
1719464974775,290.8,25
1719464974775,290.8,25
1719464974775,290.8,25
1719464977755,293.0,25
1719464977755,293.0,25
1719464977755,293.0,25
1719464977755,293.0,25
1719464977755,293.0,25
1719464977755,293.0,25
1719464977755,293.0,25
1719464977755,293.0,25
1719464989658,294.55,50
1719464989658,294.55,50
1719464989658,294.55,50
1719464989658,294.55,50
1719464994932,293.65,75
1719464995162,293.4,50
1719464995162,293.4,50
1719464995162,293.4,50
1719464995162,293.4,50
1719464995162,293.4,50
1719464995162,293.4,50
1719464995162,293.4,50
1719464995162,293.4,50
1719464995162,293.4,50
1719464995162,293.4,50
1719464995162,293.4,50
1719465009816,293.95,50
1719465009816,293.95,50
1719465009816,293.95,50
1719465009816,293.95,50
1719465009816,293.95,50
1719465009816,293.95,50
1719465020189,292.65,50
1719465023019,294.85,25
1719465023019,294.85,25
1719465023019,294.85,25
1719465023019,294.85,25
1719465027287,297.65,25
1719465027287,297.65,25
1719465027287,297.65,25
1719465027287,297.65,25
1719465027287,297.65,25
1719465027287,297.65,25
1719465027287,297.65,25
1719465027287,297.65,25
1719465027287,297.65,25
1719465038971,292.8,75
1719465039382,291.85,25
1719465039382,291.85,25
1719465039382,291.85,25
1719465039382,291.85,25
1719465039382,291.85,25
1719465046651,292.85,50
1719465046651,292.85,50
1719465049127,293.1,25
1719465049865,291.6,25
1719465049865,291.6,25
1719465049865,291.6,25
1719465049865,291.6,25
1719465049865,291.6,25
1719465049865,291.6,25
1719465057899,296.55,25
1719465058589,296.15,25
1719465059276,298.0,50
1719465059276,298.0,50
1719465059276,298.0,50
1719465059276,298.0,50
1719465062093,297.5,25
1719465063346,297.05,25
1719465063346,297.05,25
1719465063346,297.05,25
1719465063346,297.05,25
1719465063346,297.05,25
1719465063346,297.05,25
1719465063346,297.05,25
1719465063346,297.05,25
1719465063346,297.05,25
1719465063346,297.05,25
1719465063346,297.05,25
1719465063346,297.05,25
1719465063346,297.05,25
1719465063346,297.05,25
1719465086609,297.35,25
1719465086609,297.35,25
1719465086609,297.35,25
1719465086609,297.35,25
1719465090715,298.0,25
1719465090715,298.0,25
1719465090715,298.0,25
1719465090715,298.0,25
1719465090715,298.0,25
1719465090715,298.0,25
1719465090715,298.0,25
1719465090715,298.0,25
1719465090715,298.0,25
1719465090715,298.0,25
1719465090715,298.0,25
1719465090715,298.0,25
1719465090715,298.0,25
1719465108660,300.1,25
1719465108660,300.1,25
1719465110883,300.6,25
1719465111461,299.85,50
1719465111461,299.85,50
1719465113012,302.4,50
1719465113012,302.4,50
1719465113012,302.4,50
1719465113012,302.4,50
1719465113012,302.4,50
1719465119743,302.25,50
1719465119743,302.25,50
1719465119743,302.25,50
1719465119743,302.25,50
1719465119743,302.25,50
1719465119743,302.25,50
1719465119743,302.25,50
1719465119743,302.25,50
1719465119743,302.25,50
1719465131104,301.65,50
1719465131657,301.05,50
1719465131967,301.7,25
1719465131967,301.7,25
1719465131967,301.7,25
1719465134103,301.05,50
1719465134103,301.05,50
1719465134103,301.05,50
1719465134103,301.05,50
1719465134103,301.05,50
1719465134103,301.05,50
1719465134103,301.05,50
1719465134103,301.05,50
1719465134103,301.05,50
1719465134103,301.05,50
1719465134103,301.05,50
1719465134103,301.05,50
1719465134103,301.05,50
1719465134103,301.05,50
1719465134103,301.05,50
1719465134103,301.05,50
1719465158966,298.75,25
1719465158966,298.75,25
1719465158966,298.75,25
1719465158966,298.75,25
1719465158966,298.75,25
1719465158966,298.75,25
1719465158966,298.75,25
1719465158966,298.75,25
1719465158966,298.75,25
1719465158966,298.75,25
1719465158966,298.75,25
1719465158966,298.75,25
1719465158966,298.75,25
1719465158966,298.75,25
1719465158966,298.75,25
1719465158966,298.75,25
1719465158966,298.75,25
1719465158966,298.75,25
1719465186531,299.0,25
1719465186531,299.0,25
1719465186531,299.0,25
1719465186531,299.0,25
1719465186531,299.0,25
1719465192319,298.1,50
1719465192319,298.1,50
1719465192319,298.1,50
1719465192319,298.1,50
1719465192319,298.1,50
1719465198883,299.85,300
1719465198883,299.85,300
1719465198883,299.85,300
1719465202507,302.85,25
1719465203296,305.95,150
1719465203296,305.95,150
1719465203296,305.95,150
1719465203296,305.95,150
1719465203296,305.95,150
1719465210242,306.0,25
1719465210242,306.0,25
1719465210242,306.0,25
1719465213193,311.0,25
1719465213701,309.35,25
1719465213701,309.35,25
1719465213701,309.35,25
1719465216214,319.2,25
1719465216214,319.2,25
1719465216214,319.2,25
1719465216214,319.2,25
1719465218060,318.6,50
1719465218060,318.6,50
1719465219639,319.45,25
1719465219639,319.45,25
1719465220403,321.8,50
1719465222002,322.0,50
1719465222629,321.1,25
1719465223883,318.9,50
1719465225008,322.0,25
1719465225258,322.9,50
1719465225762,321.05,50
1719465226778,323.05,50
1719465226778,323.05,50
1719465227539,325.65,25
1719465227539,325.65,25
1719465228854,332.45,25
1719465228854,332.45,25
1719465229104,336.55,100
1719465230158,327.8,50
1719465230158,327.8,50
1719465232434,325.55,50
1719465232434,325.55,50
1719465234261,326.95,25
1719465234625,325.5,25
1719465234625,325.5,25
1719465236216,330.0,25
1719465236407,332.0,50
1719465236407,332.0,50
1719465239079,332.85,50
1719465239079,332.85,50
1719465240541,335.1,50
1719465241505,338.1,50
1719465241505,338.1,50
1719465241505,338.1,50
1719465245396,332.65,50
1719465246031,333.05,25
1719465246031,333.05,25
1719465247192,333.9,100
1719465248103,331.1,25
1719465248562,331.6,25
1719465248562,331.6,25
1719465251974,334.9,50
1719465251974,334.9,50
1719465253119,341.7,50
1719465253119,341.7,50
1719465254990,337.75,25
1719465254990,337.75,25
1719465255565,336.0,50
1719465255924,334.25,50
1719465255924,334.25,50
1719465257879,334.85,50
1719465257879,334.85,50
1719465260193,336.0,25
1719465260193,336.0,25
1719465261838,335.4,25
1719465262161,335.7,25
1719465262161,335.7,25
1719465263871,337.45,50
1719465264152,337.15,50
1719465265211,334.9,25
1719465265481,335.85,50
1719465266527,334.0,50
1719465266527,334.0,50
1719465266527,334.0,50
1719465269957,337.6,50
1719465269957,337.6,50
1719465270553,338.3,100
1719465270553,338.3,100
1719465271996,340.3,50
1719465271996,340.3,50
1719465271996,340.3,50
1719465276957,339.35,50
1719465276957,339.35,50
1719465276957,339.35,50
1719465276957,339.35,50
1719465276957,339.35,50
1719465282671,334.95,25
1719465282671,334.95,25
1719465282671,334.95,25
1719465282671,334.95,25
1719465282671,334.95,25
1719465282671,334.95,25
1719465282671,334.95,25
1719465292879,334.9,25
1719465293022,333.9,25
1719465293022,333.9,25
1719465294591,333.55,50
1719465294591,333.55,50
1719465294591,333.55,50
1719465294591,333.55,50
1719465294591,333.55,50
1719465300537,338.25,25
1719465300537,338.25,25
1719465302218,339.3,50
1719465303476,339.6,25
1719465303476,339.6,25
1719465304225,339.2,25
1719465304225,339.2,25
1719465305695,345.3,25
1719465306718,345.75,25
1719465307154,345.0,50
1719465308089,344.15,50
1719465308089,344.15,50
1719465308089,344.15,50
1719465311601,345.0,25
1719465312209,344.7,25
1719465312209,344.7,25
1719465313458,345.3,25
1719465313458,345.3,25
1719465314295,344.1,50
1719465314295,344.1,50
1719465315768,343.0,25
1719465316385,343.05,75
1719465317154,342.75,25
1719465317734,342.0,25
1719465318812,344.0,25
1719465319849,342.5,25
1719465320467,342.3,50
1719465320530,341.95,50
1719465320530,341.95,50
1719465322497,341.1,50
1719465322944,341.4,50
1719465323763,342.95,50
1719465324060,342.9,25
1719465324290,342.4,50
1719465324750,341.85,25
1719465325873,342.7,50
1719465326960,343.0,25
1719465326960,343.0,25
1719465327466,342.3,25
1719465328702,345.0,25
1719465328892,343.4,25
1719465328892,343.4,25
1719465330398,341.05,50
1719465330398,341.05,50
1719465330398,341.05,50
1719465331738,338.55,50
1719465332243,340.55,25
1719465332868,340.15,25
1719465333403,338.65,50
1719465333403,338.65,50
1719465334740,339.1,25
1719465334740,339.1,25
1719465335816,338.65,25
1719465335816,338.65,25
1719465337624,342.15,50
1719465337624,342.15,50
1719465337624,342.15,50
1719465337624,342.15,50
1719465337624,342.15,50
1719465337624,342.15,50
1719465337624,342.15,50
1719465337624,342.15,50
1719465337624,342.15,50
1719465337624,342.15,50
1719465352558,336.5,50
1719465353144,337.4,50
1719465353144,337.4,50
1719465354886,337.35,25
1719465354886,337.35,25
1719465354886,337.35,25
1719465354886,337.35,25
1719465359792,339.8,25
1719465359792,339.8,25
1719465359792,339.8,25
1719465359792,339.8,25
1719465363934,339.8,50
1719465363987,339.15,25
1719465365029,338.45,25
1719465365029,338.45,25
1719465365029,338.45,25
1719465365029,338.45,25
1719465365029,338.45,25
1719465365029,338.45,25
1719465365029,338.45,25
1719465365029,338.45,25
1719465365029,338.45,25
1719465365029,338.45,25
1719465379678,334.85,50
1719465379678,334.85,50
1719465379678,334.85,50
1719465382911,333.45,50
1719465383068,332.95,25
1719465383068,332.95,25
1719465384230,332.75,25
1719465384230,332.75,25
1719465385809,332.9,50
1719465386942,333.35,25
1719465387180,332.4,25
1719465387506,333.55,25
1719465387506,333.55,25
1719465387506,333.55,25
1719465387506,333.55,25
1719465387506,333.55,25
1719465392445,338.45,25
1719465392445,338.45,25
1719465392445,338.45,25
1719465392445,338.45,25
1719465392445,338.45,25
1719465392445,338.45,25
1719465392445,338.45,25
1719465392445,338.45,25
1719465392445,338.45,25
1719465392445,338.45,25
1719465392445,338.45,25
1719465392445,338.45,25
1719465392445,338.45,25
1719465413564,334.85,50
1719465413564,334.85,50
1719465413564,334.85,50
1719465413564,334.85,50
1719465413564,334.85,50
1719465413564,334.85,50
1719465413564,334.85,50
1719465422159,338.85,25
1719465422159,338.85,25
1719465422159,338.85,25
1719465425014,340.25,25
1719465425014,340.25,25
1719465425014,340.25,25
1719465425014,340.25,25
1719465425014,340.25,25
1719465430627,338.55,25
1719465430627,338.55,25
1719465430627,338.55,25
1719465434329,335.3,25
1719465434329,335.3,25
1719465434329,335.3,25
1719465434329,335.3,25
1719465434329,335.3,25
1719465434329,335.3,25
1719465434329,335.3,25
1719465434329,335.3,25
1719465434329,335.3,25
1719465434329,335.3,25
1719465434329,335.3,25
1719465434329,335.3,25
1719465434329,335.3,25
1719465434329,335.3,25
1719465434329,335.3,25
1719465456942,337.55,25
1719465457277,338.8,100
1719465457277,338.8,100
1719465457277,338.8,100
1719465460013,342.15,25
1719465460013,342.15,25
1719465461016,343.2,25
1719465461016,343.2,25
1719465461016,343.2,25
1719465464096,342.15,50
1719465464096,342.15,50
1719465464096,342.15,50
1719465464096,342.15,50
1719465464096,342.15,50
1719465464096,342.15,50
1719465464096,342.15,50
1719465475491,343.0,25
1719465475491,343.0,25
1719465478352,342.15,25
1719465478352,342.15,25
1719465478352,342.15,25
1719465478352,342.15,25
1719465481445,338.95,25
1719465481754,337.95,50
1719465481754,337.95,50
1719465483406,339.3,50
1719465483657,339.1,50
1719465483657,339.1,50
1719465483657,339.1,50
1719465483657,339.1,50
1719465483657,339.1,50
1719465492336,340.65,25
1719465492336,340.65,25
1719465492336,340.65,25
1719465492336,340.65,25
1719465492336,340.65,25
1719465499312,340.5,25
1719465499312,340.5,25
1719465499312,340.5,25
1719465502592,341.5,25
1719465502592,341.5,25
1719465502592,341.5,25
1719465502592,341.5,25
1719465502592,341.5,25
1719465502592,341.5,25
1719465502592,341.5,25
1719465502592,341.5,25
1719465502592,341.5,25
1719465502592,341.5,25
1719465517005,341.5,25
1719465517005,341.5,25
1719465517005,341.5,25
1719465517005,341.5,25
1719465517005,341.5,25
1719465517005,341.5,25
1719465517005,341.5,25
1719465517005,341.5,25
1719465517005,341.5,25
1719465517005,341.5,25
1719465530644,338.25,50
1719465530869,339.2,25
1719465530869,339.2,25
1719465530869,339.2,25
1719465534510,340.75,25
1719465534510,340.75,25
1719465535629,342.8,25
1719465535629,342.8,25
1719465535629,342.8,25
1719465535629,342.8,25
1719465535629,342.8,25
1719465535629,342.8,25
1719465535629,342.8,25
1719465535629,342.8,25
1719465547311,339.95,50
1719465547311,339.95,50
1719465547311,339.95,50
1719465550738,339.8,25
1719465550738,339.8,25
1719465550738,339.8,25
1719465554135,342.3,25
1719465554135,342.3,25
1719465554135,342.3,25
1719465554135,342.3,25
1719465554135,342.3,25
1719465561756,339.45,50
1719465561756,339.45,50
1719465563312,339.7,25
1719465563589,339.2,25
1719465563589,339.2,25
1719465565571,339.4,25
1719465565571,339.4,25
1719465565571,339.4,25
1719465570372,339.3,25
1719465570372,339.3,25
1719465570372,339.3,25
1719465570372,339.3,25
1719465570372,339.3,25
1719465570372,339.3,25
1719465570372,339.3,25
1719465570372,339.3,25
1719465579286,339.7,50
1719465579286,339.7,50
1719465579286,339.7,50
1719465579286,339.7,50
1719465579286,339.7,50
1719465579286,339.7,50
1719465579286,339.7,50
1719465579286,339.7,50
1719465579286,339.7,50
1719465579286,339.7,50
1719465579286,339.7,50
1719465579286,339.7,50
1719465598606,326.0,75
1719465598606,326.0,75
1719465599849,325.3,50
1719465599849,325.3,50
1719465599849,325.3,50
1719465601177,326.55,25
1719465601177,326.55,25
1719465602485,328.0,50
1719465602485,328.0,50
1719465605420,328.55,50
1719465605420,328.55,50
1719465606368,327.8,25
1719465606368,327.8,25
1719465606368,327.8,25
1719465606368,327.8,25
1719465612020,326.9,50
1719465612020,326.9,50
1719465612020,326.9,50
1719465614291,326.85,25
1719465614291,326.85,25
1719465614291,326.85,25
1719465614291,326.85,25
1719465614291,326.85,25
1719465614291,326.85,25
1719465622760,327.95,25
1719465622760,327.95,25
1719465622760,327.95,25
1719465626246,322.05,50
1719465626416,321.45,25
1719465626416,321.45,25
1719465627796,316.95,25
1719465627906,318.0,25
1719465627906,318.0,25
1719465630471,319.7,50
1719465630471,319.7,50
1719465630471,319.7,50
1719465630471,319.7,50
1719465630471,319.7,50
1719465630471,319.7,50
1719465630471,319.7,50
1719465637818,319.15,25
1719465637818,319.15,25
1719465640787,316.25,25
1719465640787,316.25,25
1719465643879,318.45,25
1719465643879,318.45,25
1719465643879,318.45,25
1719465643879,318.45,25
1719465643879,318.45,25
1719465643879,318.45,25
1719465643879,318.45,25
1719465643879,318.45,25
1719465643879,318.45,25
1719465655921,319.75,50
1719465657141,317.85,50
1719465657141,317.85,50
1719465657141,317.85,50
1719465657141,317.85,50
1719465657141,317.85,50
1719465661185,316.05,50
1719465661185,316.05,50
1719465661185,316.05,50
1719465661185,316.05,50
1719465661185,316.05,50
1719465667634,319.95,25
1719465667634,319.95,25
1719465667634,319.95,25
1719465667634,319.95,25
1719465667634,319.95,25
1719465667634,319.95,25
1719465676821,319.1,25
1719465676821,319.1,25
1719465676821,319.1,25
1719465680877,317.25,100
1719465680877,317.25,100
1719465680877,317.25,100
1719465680877,317.25,100
1719465680877,317.25,100
1719465686632,312.3,100
1719465687177,310.4,100
1719465687177,310.4,100
1719465687177,310.4,100
1719465691010,315.45,50
1719465691709,314.4,50
1719465691709,314.4,50
1719465691709,314.4,50
1719465691709,314.4,50
1719465696579,314.75,50
1719465696914,315.3,50
1719465696914,315.3,50
1719465698651,316.3,100
1719465698781,316.6,50
1719465698781,316.6,50
1719465698781,316.6,50
1719465701164,314.55,50
1719465702061,315.0,50
1719465702061,315.0,50
1719465702061,315.0,50
1719465704526,314.6,25
1719465705299,313.6,25
1719465705299,313.6,25
1719465705299,313.6,25
1719465705299,313.6,25
1719465709854,314.95,50
1719465709854,314.95,50
1719465712312,315.2,25
1719465712312,315.2,25
1719465712901,317.15,50
1719465713122,317.4,50
1719465713122,317.4,50
1719465715822,315.15,25
1719465715822,315.15,25
1719465715822,315.15,25
1719465715822,315.15,25
1719465715822,315.15,25
1719465715822,315.15,25
1719465715822,315.15,25
1719465715822,315.15,25
1719465715822,315.15,25
1719465715822,315.15,25
1719465715822,315.15,25
1719465733033,318.05,25
1719465733033,318.05,25
1719465733033,318.05,25
1719465733033,318.05,25
1719465733033,318.05,25
1719465740773,318.5,25
1719465740773,318.5,25
1719465740773,318.5,25
1719465740773,318.5,25
1719465740773,318.5,25
1719465740773,318.5,25
1719465740773,318.5,25
1719465740773,318.5,25
1719465740773,318.5,25
1719465754230,320.95,25
1719465754230,320.95,25
1719465754230,320.95,25
1719465754230,320.95,25
1719465754230,320.95,25
1719465754230,320.95,25
1719465754230,320.95,25
1719465754230,320.95,25
1719465754230,320.95,25
1719465754230,320.95,25
1719465754230,320.95,25
1719465754230,320.95,25
1719465754230,320.95,25
1719465754230,320.95,25
1719465754230,320.95,25
1719465777408,321.75,50
1719465777408,321.75,50
1719465777408,321.75,50
1719465777408,321.75,50
1719465777408,321.75,50
1719465782321,323.3,25
1719465782321,323.3,25
1719465782321,323.3,25
1719465782321,323.3,25
1719465782321,323.3,25
1719465782321,323.3,25
1719465782321,323.3,25
1719465782321,323.3,25
1719465782321,323.3,25
1719465795749,320.5,25
1719465796557,322.05,25
1719465797089,323.1,50
1719465797941,322.4,25
1719465797941,322.4,25
1719465797941,322.4,25
1719465801443,325.3,50
1719465801443,325.3,50
1719465804185,325.2,25
1719465804185,325.2,25
1719465804185,325.2,25
1719465804185,325.2,25
1719465804185,325.2,25
1719465804185,325.2,25
1719465804185,325.2,25
1719465804185,325.2,25
1719465804185,325.2,25
1719465804185,325.2,25
1719465804185,325.2,25
1719465818742,324.8,25
1719465818742,324.8,25
1719465820172,324.6,25
1719465820172,324.6,25
1719465820172,324.6,25
1719465823801,323.9,50
1719465823801,323.9,50
1719465825183,324.65,50
1719465825183,324.65,50
1719465825183,324.65,50
1719465825183,324.65,50
1719465825183,324.65,50
1719465825183,324.65,50
1719465825183,324.65,50
1719465825183,324.65,50
1719465836985,325.35,50
1719465836985,325.35,50
1719465836985,325.35,50
1719465836985,325.35,50
1719465836985,325.35,50
1719465836985,325.35,50
1719465836985,325.35,50
1719465836985,325.35,50
1719465836985,325.35,50
1719465850872,325.3,25
1719465850872,325.3,25
1719465854264,325.85,50
1719465854264,325.85,50
1719465855043,325.15,50
1719465855043,325.15,50
1719465857640,330.8,50
1719465859062,334.95,50
1719465859062,334.95,50
1719465859062,334.95,50
1719465859062,334.95,50
1719465859062,334.95,50
1719465859062,334.95,50
1719465859062,334.95,50
1719465859062,334.95,50
1719465859062,334.95,50
1719465859062,334.95,50
1719465859062,334.95,50
1719465859062,334.95,50
1719465859062,334.95,50
1719465878334,336.05,25
1719465878334,336.05,25
1719465878334,336.05,25
1719465878334,336.05,25
1719465878334,336.05,25
1719465878334,336.05,25
1719465878334,336.05,25
1719465878334,336.05,25
1719465878334,336.05,25
1719465892169,337.35,25
1719465892169,337.35,25
1719465893788,337.15,25
1719465893788,337.15,25
1719465893788,337.15,25
1719465893788,337.15,25
1719465893788,337.15,25
1719465893788,337.15,25
1719465893788,337.15,25
1719465893788,337.15,25
1719465893788,337.15,25
1719465893788,337.15,25
1719465893788,337.15,25
1719465893788,337.15,25
1719465893788,337.15,25
1719465913114,332.95,25
1719465913513,333.35,50
1719465913513,333.35,50
1719465913513,333.35,50
1719465913513,333.35,50
1719465913513,333.35,50
1719465913513,333.35,50
1719465913513,333.35,50
1719465913513,333.35,50
1719465913513,333.35,50
1719465913513,333.35,50
1719465913513,333.35,50
1719465913513,333.35,50
1719465913513,333.35,50
1719465931915,334.35,25
1719465931915,334.35,25
1719465931915,334.35,25
1719465931915,334.35,25
1719465931915,334.35,25
1719465931915,334.35,25
1719465931915,334.35,25
1719465931915,334.35,25
1719465931915,334.35,25
1719465931915,334.35,25
1719465931915,334.35,25
1719465931915,334.35,25
1719465950603,331.05,25
1719465950603,331.05,25
1719465950603,331.05,25
1719465950603,331.05,25
1719465950603,331.05,25
1719465956921,332.3,25
1719465957446,331.0,25
1719465957446,331.0,25
1719465957446,331.0,25
1719465960992,327.95,50
1719465960992,327.95,50
1719465960992,327.95,50
1719465962806,326.95,25
1719465962834,328.15,25
1719465962834,328.15,25
1719465962834,328.15,25
1719465967331,324.9,50
1719465967331,324.9,50
1719465967331,324.9,50
1719465967331,324.9,50
1719465967331,324.9,50
1719465973274,323.45,25
1719465973274,323.45,25
1719465973274,323.45,25
1719465973274,323.45,25
1719465973274,323.45,25
1719465979677,320.45,25
1719465979935,321.15,25
1719465979935,321.15,25
1719465979935,321.15,25
1719465979935,321.15,25
1719465979935,321.15,25
1719465979935,321.15,25
1719465979935,321.15,25
1719465979935,321.15,25
1719465979935,321.15,25
1719465979935,321.15,25
1719465979935,321.15,25
1719465979935,321.15,25
1719465979935,321.15,25
1719465979935,321.15,25
1719466002485,323.5,50
1719466002485,323.5,50
1719466002485,323.5,50
1719466002485,323.5,50
1719466002485,323.5,50
1719466009109,320.75,25
1719466009109,320.75,25
1719466009109,320.75,25
1719466009109,320.75,25
1719466009109,320.75,25
1719466009109,320.75,25
1719466009109,320.75,25
1719466009109,320.75,25
1719466009109,320.75,25
1719466009109,320.75,25
1719466009109,320.75,25
1719466009109,320.75,25
1719466027319,318.0,200
1719466027319,318.0,200
1719466027319,318.0,200
1719466027319,318.0,200
1719466027319,318.0,200
1719466027319,318.0,200
1719466035769,319.35,50
1719466035769,319.35,50
1719466035769,319.35,50
1719466035769,319.35,50
1719466035769,319.35,50
1719466035769,319.35,50
1719466035769,319.35,50
1719466035769,319.35,50
1719466035769,319.35,50
1719466035769,319.35,50
1719466049966,319.8,25
1719466049966,319.8,25
1719466049966,319.8,25
1719466052346,320.15,25
1719466052346,320.15,25
1719466052346,320.15,25
1719466052346,320.15,25
1719466052346,320.15,25
1719466052346,320.15,25
1719466224398,308.4,25
1719466224398,308.4,25
1719466224398,308.4,25
1719466224398,308.4,25
1719466224398,308.4,25
1719466224398,308.4,25
1719466224398,308.4,25
1719466224398,308.4,25
1719466240075,308.35,25
1719466240199,308.1,50
1719466240199,308.1,50
1719466240199,308.1,50
1719466240199,308.1,50
1719466240199,308.1,50
1719466240199,308.1,50
1719466240199,308.1,50
1719466240199,308.1,50
1719466240199,308.1,50
1719466240199,308.1,50
1719466240199,308.1,50
1719466240199,308.1,50
1719466240199,308.1,50
1719466240199,308.1,50
1719466240199,308.1,50
1719466240199,308.1,50
1719466240199,308.1,50
1719466240199,308.1,50
1719466240199,308.1,50
1719466240199,308.1,50
1719466271418,306.85,25
1719466271418,306.85,25
1719466271418,306.85,25
1719466271418,306.85,25
1719466271418,306.85,25
1719466271418,306.85,25
1719466280278,303.1,75
1719466280278,303.1,75
1719466280278,303.1,75
1719466280278,303.1,75
1719466280278,303.1,75
1719466280278,303.1,75
1719466280278,303.1,75
1719466280278,303.1,75
1719466280278,303.1,75
1719466292292,304.8,25
1719466293111,305.0,100
1719466294780,304.4,25
1719466294780,304.4,25
1719466296330,305.55,50
1719466296330,305.55,50
1719466296330,305.55,50
1719466296330,305.55,50
1719466296330,305.55,50
1719466296330,305.55,50
1719466296330,305.55,50
1719466296330,305.55,50
1719466296330,305.55,50
1719466296330,305.55,50
1719466296330,305.55,50
1719466312850,306.05,25
1719466312850,306.05,25
1719466312850,306.05,25
1719466312850,306.05,25
1719466312850,306.05,25
1719466312850,306.05,25
1719466312850,306.05,25
1719466312850,306.05,25
1719466312850,306.05,25
1719466312850,306.05,25
1719466325213,310.75,25
1719466325213,310.75,25
1719466325213,310.75,25
1719466325213,310.75,25
1719466325213,310.75,25
1719466325213,310.75,25
1719466325213,310.75,25
1719466325213,310.75,25
1719466337433,310.2,25
1719466337433,310.2,25
1719466337433,310.2,25
1719466337433,310.2,25
1719466337433,310.2,25
1719466337433,310.2,25
1719466337433,310.2,25
1719466337433,310.2,25
1719466337433,310.2,25
1719466337433,310.2,25
1719466337433,310.2,25
1719466337433,310.2,25
1719466337433,310.2,25
1719466337433,310.2,25
1719466337433,310.2,25
1719466337433,310.2,25
1719466337433,310.2,25
1719466337433,310.2,25
1719466337433,310.2,25
1719466337433,310.2,25
1719466337433,310.2,25
1719466337433,310.2,25
1719466337433,310.2,25
1719466337433,310.2,25
1719466337433,310.2,25
1719466337433,310.2,25
1719466337433,310.2,25
1719466337433,310.2,25
1719466337433,310.2,25
1719466383259,314.55,50
1719466383259,314.55,50
1719466383627,315.05,50
1719466383627,315.05,50
1719466383627,315.05,50
1719466383627,315.05,50
1719466383627,315.05,50
1719466383627,315.05,50
1719466383627,315.05,50
1719466383627,315.05,50
1719466396544,312.1,50
1719466396544,312.1,50
1719466396544,312.1,50
1719466396544,312.1,50
1719466396544,312.1,50
1719466396544,312.1,50
1719466396544,312.1,50
1719466396544,312.1,50
1719466396544,312.1,50
1719466396544,312.1,50
1719466396544,312.1,50
1719466396544,312.1,50
1719466396544,312.1,50
1719466396544,312.1,50
1719466396544,312.1,50
1719466396544,312.1,50
1719466396544,312.1,50
1719466396544,312.1,50
1719466396544,312.1,50
1719466396544,312.1,50
1719466396544,312.1,50
1719466396544,312.1,50
1719466429911,314.1,25
1719466429911,314.1,25
1719466429911,314.1,25
1719466429911,314.1,25
1719466429911,314.1,25
1719466429911,314.1,25
1719466429911,314.1,25
1719466429911,314.1,25
1719466440539,316.7,50
1719466440677,317.45,25
1719466440677,317.45,25
1719466440677,317.45,25
1719466440677,317.45,25
1719466440677,317.45,25
1719466440677,317.45,25
1719466440677,317.45,25
1719466440677,317.45,25
1719466451614,315.65,25
1719466451614,315.65,25
1719466451614,315.65,25
1719466451614,315.65,25
1719466451614,315.65,25
1719466451614,315.65,25
1719466451614,315.65,25
1719466451614,315.65,25
1719466451614,315.65,25
1719466451614,315.65,25
1719466451614,315.65,25
1719466451614,315.65,25
1719466451614,315.65,25
1719466451614,315.65,25
1719466451614,315.65,25
1719466451614,315.65,25
1719466451614,315.65,25
1719466451614,315.65,25
1719466451614,315.65,25
1719466451614,315.65,25
1719466451614,315.65,25
1719466451614,315.65,25
1719466451614,315.65,25
1719466451614,315.65,25
1719466451614,315.65,25
1719466451614,315.65,25
1719466451614,315.65,25
1719466451614,315.65,25
1719466451614,315.65,25
1719466451614,315.65,25
1719466451614,315.65,25
1719466451614,315.65,25
1719466451614,315.65,25
1719466451614,315.65,25
1719466451614,315.65,25
1719466451614,315.65,25
1719466509162,312.05,25
1719466509162,312.05,25
1719466509162,312.05,25
1719466512839,312.55,25
1719466512839,312.55,25
1719466512839,312.55,25
1719466515950,313.1,25
1719466515950,313.1,25
1719466515950,313.1,25
1719466515950,313.1,25
1719466520293,311.85,25
1719466520293,311.85,25
1719466522600,312.5,25
1719466522600,312.5,25
1719466522600,312.5,25
1719466522600,312.5,25
1719466522600,312.5,25
1719466522600,312.5,25
1719466522600,312.5,25
1719466522600,312.5,25
1719466522600,312.5,25
1719466522600,312.5,25
1719466522600,312.5,25
1719466522600,312.5,25
1719466522600,312.5,25
1719466522600,312.5,25
1719466522600,312.5,25
1719466522600,312.5,25
1719466522600,312.5,25
1719466522600,312.5,25
1719466522600,312.5,25
1719466522600,312.5,25
1719466522600,312.5,25
1719466522600,312.5,25
1719466522600,312.5,25
1719466522600,312.5,25
1719466522600,312.5,25
1719466522600,312.5,25
1719466522600,312.5,25
1719466522600,312.5,25
1719466522600,312.5,25
1719466522600,312.5,25
1719466522600,312.5,25
1719466522600,312.5,25
1719466522600,312.5,25
1719466573017,310.0,25
1719466573017,310.0,25
1719466573017,310.0,25
1719466573017,310.0,25
1719466573017,310.0,25
1719466573017,310.0,25
1719466573017,310.0,25
1719466573017,310.0,25
1719466573017,310.0,25
1719466573017,310.0,25
1719466573017,310.0,25
1719466573017,310.0,25
1719466573017,310.0,25
1719466573017,310.0,25
1719466573017,310.0,25
1719466573017,310.0,25
1719466573017,310.0,25
1719466573017,310.0,25
1719466600537,309.35,25
1719466600537,309.35,25
1719466600537,309.35,25
1719466600537,309.35,25
1719466600537,309.35,25
1719466600537,309.35,25
1719466600537,309.35,25
1719466600537,309.35,25
1719466600537,309.35,25
1719466600537,309.35,25
1719466616204,310.35,25
1719466616214,310.5,50
1719466616214,310.5,50
1719466616214,310.5,50
1719466620819,310.1,50
1719466620819,310.1,50
1719466620819,310.1,50
1719466620819,310.1,50
1719466620819,310.1,50
1719466620819,310.1,50
1719466620819,310.1,50
1719466620819,310.1,50
1719466630566,307.4,50
1719466630566,307.4,50
1719466630566,307.4,50
1719466630566,307.4,50
1719466630566,307.4,50
1719466630566,307.4,50
1719466630566,307.4,50
1719466630566,307.4,50
1719466630566,307.4,50
1719466630566,307.4,50
1719466630566,307.4,50
1719466630566,307.4,50
1719466630566,307.4,50
1719466630566,307.4,50
1719466630566,307.4,50
1719466630566,307.4,50
1719466630566,307.4,50
1719466655706,310.2,50
1719466655706,310.2,50
1719466655706,310.2,50
1719466655706,310.2,50
1719466655706,310.2,50
1719466655706,310.2,50
1719466655706,310.2,50
1719466655706,310.2,50
1719466655706,310.2,50
1719466655706,310.2,50
1719466655706,310.2,50
1719466655706,310.2,50
1719466655706,310.2,50
1719466655706,310.2,50
1719466655706,310.2,50
1719466679351,308.15,50
1719466679351,308.15,50
1719466679351,308.15,50
1719466679351,308.15,50
1719466679351,308.15,50
1719466679351,308.15,50
1719466679351,308.15,50
1719466679351,308.15,50
1719466679351,308.15,50
1719466679351,308.15,50
1719466679351,308.15,50
1719466679351,308.15,50
1719466679351,308.15,50
1719466679351,308.15,50
1719466679351,308.15,50
1719466679351,308.15,50
1719466704168,309.75,25
1719466704168,309.75,25
1719466704168,309.75,25
1719466704168,309.75,25
1719466704168,309.75,25
1719466704168,309.75,25
1719466704168,309.75,25
1719466711725,308.3,25
1719466711725,308.3,25
1719466711725,308.3,25
1719466711725,308.3,25
1719466717028,307.5,25
1719466717028,307.5,25
1719466717028,307.5,25
1719466717028,307.5,25
1719466717028,307.5,25
1719466717028,307.5,25
1719466717028,307.5,25
1719466717028,307.5,25
1719466717028,307.5,25
1719466717028,307.5,25
1719466717028,307.5,25
1719466717028,307.5,25
1719466735186,310.85,25
1719466735186,310.85,25
1719466735186,310.85,25
1719466739463,308.0,25
1719466739463,308.0,25
1719466739463,308.0,25
1719466739463,308.0,25
1719466739463,308.0,25
1719466739463,308.0,25
1719466739463,308.0,25
1719466739463,308.0,25
1719466739463,308.0,25
1719466739463,308.0,25
1719466739463,308.0,25
1719466739463,308.0,25
1719466739463,308.0,25
1719466739463,308.0,25
1719466739463,308.0,25
1719466739463,308.0,25
1719466739463,308.0,25
1719466739463,308.0,25
1719466739463,308.0,25
1719466739463,308.0,25
1719466739463,308.0,25
1719466739463,308.0,25
1719466739463,308.0,25
1719466773307,309.05,25
1719466773307,309.05,25
1719466773307,309.05,25
1719466773307,309.05,25
1719466773307,309.05,25
1719466773307,309.05,25
1719466773307,309.05,25
1719466773307,309.05,25
1719466773307,309.05,25
1719466773307,309.05,25
1719466773307,309.05,25
1719466773307,309.05,25
1719466773307,309.05,25
1719466773307,309.05,25
1719466773307,309.05,25
1719466773307,309.05,25
1719466773307,309.05,25
1719466773307,309.05,25
1719466773307,309.05,25
1719466773307,309.05,25
1719466773307,309.05,25
1719466805062,306.3,50
1719466805062,306.3,50
1719466805062,306.3,50
1719466805062,306.3,50
1719466810546,305.6,25
1719466810546,305.6,25
1719466810546,305.6,25
1719466810546,305.6,25
1719466810546,305.6,25
1719466810546,305.6,25
1719466810546,305.6,25
1719466810546,305.6,25
1719466810546,305.6,25
1719466810546,305.6,25
1719466810546,305.6,25
1719466810546,305.6,25
1719466810546,305.6,25
1719466810546,305.6,25
1719466810546,305.6,25
1719466810546,305.6,25
1719466810546,305.6,25
1719466835996,304.95,50
1719466836870,304.1,25
1719466836870,304.1,25
1719466836870,304.1,25
1719466836870,304.1,25
1719466836870,304.1,25
1719466836870,304.1,25
1719466836870,304.1,25
1719466836870,304.1,25
1719466836870,304.1,25
1719466836870,304.1,25
1719466836870,304.1,25
1719466854753,302.0,25
1719466854753,302.0,25
1719466854753,302.0,25
1719466858081,298.75,25
1719466858081,298.75,25
1719466858427,299.45,50
1719466858427,299.45,50
1719466858427,299.45,50
1719466858427,299.45,50
1719466861958,299.45,25
1719466861958,299.45,25
1719466863730,299.45,175
1719466863730,299.45,175
1719466863730,299.45,175
1719466868128,299.25,25
1719466868128,299.25,25
1719466868128,299.25,25
1719466871635,296.8,25
1719466872224,296.95,50
1719466872224,296.95,50
1719466872224,296.95,50
1719466872224,296.95,50
1719466872224,296.95,50
1719466872224,296.95,50
1719466872224,296.95,50
1719466872224,296.95,50
1719466872224,296.95,50
1719466872224,296.95,50
1719466872224,296.95,50
1719466872224,296.95,50
1719466872224,296.95,50
1719466872224,296.95,50
1719466872224,296.95,50
1719466894379,300.75,25
1719466894379,300.75,25
1719466894379,300.75,25
1719466894379,300.75,25
1719466898710,298.3,25
1719466899363,298.95,25
1719466899363,298.95,25
1719466899363,298.95,25
1719466899363,298.95,25
1719466899363,298.95,25
1719466906643,298.85,50
1719466906687,298.05,25
1719466907060,298.25,25
1719466907060,298.25,25
1719466907060,298.25,25
1719466907060,298.25,25
1719466907060,298.25,25
1719466907060,298.25,25
1719466907060,298.25,25
1719466907060,298.25,25
1719466918527,297.15,50
1719466918527,297.15,50
1719466918527,297.15,50
1719466918527,297.15,50
1719466918527,297.15,50
1719466918527,297.15,50
1719466918527,297.15,50
1719466918527,297.15,50
1719466918527,297.15,50
1719466918527,297.15,50
1719466918527,297.15,50
1719466934517,295.35,25
1719466934517,295.35,25
1719466934517,295.35,25
1719466934517,295.35,25
1719466934517,295.35,25
1719466934517,295.35,25
1719466934517,295.35,25
1719466934517,295.35,25
1719466934517,295.35,25
1719466934517,295.35,25
1719466934517,295.35,25
1719466934517,295.35,25
1719466934517,295.35,25
1719466953470,297.1,25
1719466953470,297.1,25
1719466953470,297.1,25
1719466953470,297.1,25
1719466953470,297.1,25
1719466953470,297.1,25
1719466953470,297.1,25
1719466953470,297.1,25
1719466953470,297.1,25
1719466953470,297.1,25
1719466968637,296.35,25
1719466968637,296.35,25
1719466970235,293.3,25
1719466971168,290.6,25
1719466971168,290.6,25
1719466972742,292.3,25
1719466972742,292.3,25
1719466972742,292.3,25
1719466972742,292.3,25
1719466977324,291.05,50
1719466977324,291.05,50
1719466977324,291.05,50
1719466977324,291.05,50
1719466981112,287.5,25
1719466981275,286.6,50
1719466982955,286.95,25
1719466982955,286.95,25
1719466982955,286.95,25
1719466982955,286.95,25
1719466982955,286.95,25
1719466982955,286.95,25
1719466982955,286.95,25
1719466982955,286.95,25
1719466982955,286.95,25
1719466996619,284.4,25
1719466996906,284.85,25
1719466996906,284.85,25
1719466996906,284.85,25
1719466996906,284.85,25
1719466996906,284.85,25
1719466996906,284.85,25
1719466996906,284.85,25
1719466996906,284.85,25
1719466996906,284.85,25
1719466996906,284.85,25
1719466996906,284.85,25
1719466996906,284.85,25
1719467014873,288.2,75
1719467015988,286.9,25
1719467015988,286.9,25
1719467015988,286.9,25
1719467015988,286.9,25
1719467015988,286.9,25
1719467015988,286.9,25
1719467024548,284.6,50
1719467024548,284.6,50
1719467024548,284.6,50
1719467024548,284.6,50
1719467024548,284.6,50
1719467024548,284.6,50
1719467024548,284.6,50
1719467034119,283.2,25
1719467034119,283.2,25
1719467036317,283.1,100
1719467036317,283.1,100
1719467036317,283.1,100
1719467039759,283.2,100
1719467039759,283.2,100
1719467039759,283.2,100
1719467041167,283.55,25
1719467041702,282.85,25
1719467041702,282.85,25
1719467041702,282.85,25
1719467041702,282.85,25
1719467041702,282.85,25
1719467041702,282.85,25
1719467041702,282.85,25
1719467052409,287.85,25
1719467052409,287.85,25
1719467052409,287.85,25
1719467052409,287.85,25
1719467052409,287.85,25
1719467052409,287.85,25
1719467052409,287.85,25
1719467063519,286.7,25
1719467063519,286.7,25
1719467063519,286.7,25
1719467063519,286.7,25
1719467063519,286.7,25
1719467063519,286.7,25
1719467072582,284.65,25
1719467072582,284.65,25
1719467072582,284.65,25
1719467072582,284.65,25
1719467072582,284.65,25
1719467072582,284.65,25
1719467072582,284.65,25
1719467082087,287.7,100
1719467082087,287.7,100
1719467085115,286.45,100
1719467085115,286.45,100
1719467085115,286.45,100
1719467089883,286.3,25
1719467089883,286.3,25
1719467089883,286.3,25
1719467089883,286.3,25
1719467089883,286.3,25
1719467096174,286.9,75
1719467096174,286.9,75
1719467096174,286.9,75
1719467096174,286.9,75
1719467096174,286.9,75
1719467096174,286.9,75
1719467102514,287.05,125
1719467102514,287.05,125
1719467102514,287.05,125
1719467102514,287.05,125
1719467107194,286.4,25
1719467107194,286.4,25
1719467107194,286.4,25
1719467107194,286.4,25
1719467112474,286.65,75
1719467112474,286.65,75
1719467115226,286.5,25
1719467115226,286.5,25
1719467115226,286.5,25
1719467115226,286.5,25
1719467115226,286.5,25
1719467123288,287.45,50
1719467123585,287.45,25
1719467124651,286.2,25
1719467125246,286.65,25
1719467125246,286.65,25
1719467128075,287.0,50
1719467128075,287.0,50
1719467128075,287.0,50
1719467128075,287.0,50
1719467128075,287.0,50
1719467128075,287.0,50
1719467128075,287.0,50
1719467135200,289.25,50
1719467135200,289.25,50
1719467135200,289.25,50
1719467138770,288.5,25
1719467138770,288.5,25
1719467138770,288.5,25
1719467138770,288.5,25
1719467138770,288.5,25
1719467138770,288.5,25
1719467138770,288.5,25
1719467138770,288.5,25
1719467138770,288.5,25
1719467138770,288.5,25
1719467138770,288.5,25
1719467138770,288.5,25
1719467138770,288.5,25
1719467138770,288.5,25
1719467138770,288.5,25
1719467161143,287.1,100
1719467161143,287.1,100
1719467161143,287.1,100
1719467161143,287.1,100
1719467161143,287.1,100
1719467161143,287.1,100
1719467161143,287.1,100
1719467161143,287.1,100
1719467161143,287.1,100
1719467161143,287.1,100
1719467161143,287.1,100
1719467161143,287.1,100
1719467179250,286.9,25
1719467179250,286.9,25
1719467179250,286.9,25
1719467179250,286.9,25
1719467179250,286.9,25
1719467179250,286.9,25
1719467179250,286.9,25
1719467179250,286.9,25
1719467179250,286.9,25
1719467179250,286.9,25
1719467179250,286.9,25
1719467194610,286.7,50
1719467194610,286.7,50
1719467194610,286.7,50
1719467194610,286.7,50
1719467194610,286.7,50
1719467194610,286.7,50
1719467194610,286.7,50
1719467194610,286.7,50
1719467194610,286.7,50
1719467194610,286.7,50
1719467210080,288.0,25
1719467210080,288.0,25
1719467210080,288.0,25
1719467210080,288.0,25
1719467210080,288.0,25
1719467210080,288.0,25
1719467220004,285.8,25
1719467220004,285.8,25
1719467220983,282.15,50
1719467220983,282.15,50
1719467222269,282.1,25
1719467222269,282.1,25
1719467222269,282.1,25
1719467222269,282.1,25
1719467222269,282.1,25
1719467222269,282.1,25
1719467222269,282.1,25
1719467222269,282.1,25
1719467222269,282.1,25
1719467222269,282.1,25
1719467238649,283.85,50
1719467238649,283.85,50
1719467238649,283.85,50
1719467238649,283.85,50
1719467238649,283.85,50
1719467238649,283.85,50
1719467238649,283.85,50
1719467238649,283.85,50
1719467238649,283.85,50
1719467238649,283.85,50
1719467238649,283.85,50
1719467238649,283.85,50
1719467255738,286.35,50
1719467255738,286.35,50
1719467255738,286.35,50
1719467255738,286.35,50
1719467255738,286.35,50
1719467255738,286.35,50
1719467255738,286.35,50
1719467255738,286.35,50
1719467255738,286.35,50
1719467255738,286.35,50
1719467255738,286.35,50
1719467255738,286.35,50
1719467275204,287.5,25
1719467275204,287.5,25
1719467275204,287.5,25
1719467275204,287.5,25
1719467275204,287.5,25
1719467275204,287.5,25
1719467275204,287.5,25
1719467275204,287.5,25
1719467275204,287.5,25
1719467275204,287.5,25
1719467275204,287.5,25
1719467289280,287.1,75
1719467289280,287.1,75
1719467289280,287.1,75
1719467292178,289.55,25
1719467292178,289.55,25
1719467292178,289.55,25
1719467292178,289.55,25
1719467292178,289.55,25
1719467292178,289.55,25
1719467300942,289.05,25
1719467300942,289.05,25
1719467300942,289.05,25
1719467300942,289.05,25
1719467300942,289.05,25
1719467300942,289.05,25
1719467300942,289.05,25
1719467300942,289.05,25
1719467300942,289.05,25
1719467300942,289.05,25
1719467300942,289.05,25
1719467300942,289.05,25
1719467300942,289.05,25
1719467300942,289.05,25
1719467300942,289.05,25
1719467300942,289.05,25
1719467300942,289.05,25
1719467300942,289.05,25
1719467300942,289.05,25
1719467300942,289.05,25
1719467300942,289.05,25
1719467333235,292.2,25
1719467333235,292.2,25
1719467333716,293.55,50
1719467333716,293.55,50
1719467335748,294.45,150
1719467335748,294.45,150
1719467335748,294.45,150
1719467340100,295.15,100
1719467340100,295.15,100
1719467340100,295.15,100
1719467340100,295.15,100
1719467340100,295.15,100
1719467344176,294.9,75
1719467344176,294.9,75
1719467344176,294.9,75
1719467344176,294.9,75
1719467344176,294.9,75
1719467350687,295.6,50
1719467350687,295.6,50
1719467353068,301.7,75
1719467353068,301.7,75
1719467353068,301.7,75
1719467353068,301.7,75
1719467357224,300.0,25
1719467357224,300.0,25
1719467357224,300.0,25
1719467357224,300.0,25
1719467357224,300.0,25
1719467357224,300.0,25
1719467357224,300.0,25
1719467357224,300.0,25
1719467368879,299.95,25
1719467368879,299.95,25
1719467368879,299.95,25
1719467368879,299.95,25
1719467368879,299.95,25
1719467368879,299.95,25
1719467368879,299.95,25
1719467368879,299.95,25
1719467368879,299.95,25
1719467368879,299.95,25
1719467383753,299.3,75
1719467385328,299.55,100
1719467385328,299.55,100
1719467386815,299.35,50
1719467386815,299.35,50
1719467387249,300.9,50
1719467387803,300.0,25
1719467387803,300.0,25
1719467387803,300.0,25
1719467390658,304.75,125
1719467390658,304.75,125
1719467390658,304.75,125
1719467390658,304.75,125
1719467390658,304.75,125
1719467390658,304.75,125
1719467390658,304.75,125
1719467390658,304.75,125
1719467390658,304.75,125
1719467403154,299.35,75
1719467403154,299.35,75
1719467404560,299.3,25
1719467404560,299.3,25
1719467404560,299.3,25
1719467408291,300.25,50
1719467408291,300.25,50
1719467408291,300.25,50
1719467408291,300.25,50
1719467408291,300.25,50
1719467408291,300.25,50
1719467408291,300.25,50
1719467408291,300.25,50
1719467408291,300.25,50
1719467408291,300.25,50
1719467422857,297.95,25
1719467423227,298.2,25
1719467423227,298.2,25
1719467423227,298.2,25
1719467423227,298.2,25
1719467423227,298.2,25
1719467430452,298.45,25
1719467430452,298.45,25
1719467430452,298.45,25
1719467430452,298.45,25
1719467433035,297.75,25
1719467433035,297.75,25
1719467433035,297.75,25
1719467433035,297.75,25
1719467433035,297.75,25
1719467440013,297.5,25
1719467440013,297.5,25
1719467442073,296.45,25
1719467442073,296.45,25
1719467442073,296.45,25
1719467442073,296.45,25
1719467442073,296.45,25
1719467449455,298.2,25
1719467450475,297.05,25
1719467450475,297.05,25
1719467450475,297.05,25
1719467450475,297.05,25
1719467450475,297.05,25
1719467450475,297.05,25
1719467450475,297.05,25
1719467450475,297.05,25
1719467450475,297.05,25
1719467450475,297.05,25
1719467450475,297.05,25
1719467450475,297.05,25
1719467450475,297.05,25
1719467450475,297.05,25
1719467450475,297.05,25
1719467471962,297.0,50
1719467471962,297.0,50
1719467471962,297.0,50
1719467471962,297.0,50
1719467471962,297.0,50
1719467471962,297.0,50
1719467471962,297.0,50
1719467471962,297.0,50
1719467471962,297.0,50
1719467471962,297.0,50
1719467471962,297.0,50
1719467471962,297.0,50
1719467471962,297.0,50
1719467471962,297.0,50
1719467471962,297.0,50
1719467471962,297.0,50
1719467471962,297.0,50
1719467471962,297.0,50
1719467498198,301.25,25
1719467498198,301.25,25
1719467500087,299.35,25
1719467500087,299.35,25
1719467501026,298.85,25
1719467501026,298.85,25
1719467501026,298.85,25
1719467501026,298.85,25
1719467501026,298.85,25
1719467501026,298.85,25
1719467501026,298.85,25
1719467501026,298.85,25
1719467501026,298.85,25
1719467501026,298.85,25
1719467501026,298.85,25
1719467501026,298.85,25
1719467501026,298.85,25
1719467501026,298.85,25
1719467501026,298.85,25
1719467578230,291.1,25
1719467578230,291.1,25
1719467578230,291.1,25
1719467697980,281.65,50
1719467697980,281.65,50
1719467697980,281.65,50
1719467697980,281.65,50
1719467697980,281.65,50
1719467697980,281.65,50
1719467697980,281.65,50
1719467697980,281.65,50
1719467697980,281.65,50
1719467697980,281.65,50
1719467758472,284.65,25
1719467758472,284.65,25
1719467758472,284.65,25
1719467761555,283.6,25
1719467761555,283.6,25
1719467762283,283.0,50
1719467762283,283.0,50
1719467762283,283.0,50
1719467765547,279.55,50
1719467765547,279.55,50
1719467768081,281.6,50
1719467768081,281.6,50
1719467768081,281.6,50
1719467768081,281.6,50
1719467768081,281.6,50
1719467768081,281.6,50
1719467768081,281.6,50
1719467768081,281.6,50
1719467768081,281.6,50
1719467768081,281.6,50
1719467768081,281.6,50
1719467768081,281.6,50
1719467768081,281.6,50
1719467768081,281.6,50
1719467768081,281.6,50
1719467768081,281.6,50
1719467768081,281.6,50
1719467768081,281.6,50
1719467768081,281.6,50
1719467768081,281.6,50
1719467768081,281.6,50
1719468086093,278.85,25
1719468092524,279.75,50
1719468092524,279.75,50
1719468094931,279.7,50
1719468094931,279.7,50
1719468094931,279.7,50
1719468094931,279.7,50
1719468094931,279.7,50
1719468094931,279.7,50
1719468094931,279.7,50
1719468094931,279.7,50
1719468094931,279.7,50
1719468094931,279.7,50
1719468094931,279.7,50
1719468111967,278.85,50
1719468111967,278.85,50
1719468111967,278.85,50
1719468114911,276.7,50
1719468114911,276.7,50
1719468114911,276.7,50
1719468114911,276.7,50
1719468114911,276.7,50
1719468114911,276.7,50
1719468114911,276.7,50
1719468122185,277.5,25
1719468122185,277.5,25
1719468122185,277.5,25
1719468122185,277.5,25
1719468122185,277.5,25
1719468122185,277.5,25
1719468130737,275.95,50
1719468130737,275.95,50
1719468130737,275.95,50
1719468130737,275.95,50
1719468130737,275.95,50
1719468130737,275.95,50
1719468130737,275.95,50
1719468130737,275.95,50
1719468130737,275.95,50
1719468130737,275.95,50
1719468130737,275.95,50
1719468130737,275.95,50
1719468130737,275.95,50
1719468130737,275.95,50
1719468130737,275.95,50
1719468130737,275.95,50
1719468130737,275.95,50
1719468130737,275.95,50
1719468158179,278.35,25
1719468158179,278.35,25
1719468158179,278.35,25
1719468158179,278.35,25
1719468158179,278.35,25
1719468158179,278.35,25
1719468158179,278.35,25
1719468158179,278.35,25
1719468158179,278.35,25
1719468158179,278.35,25
1719468158179,278.35,25
1719468158179,278.35,25
1719468176674,278.4,50
1719468176674,278.4,50
1719468176674,278.4,50
1719468176674,278.4,50
1719468176674,278.4,50
1719468176674,278.4,50
1719468182344,280.45,25
1719468182344,280.45,25
1719468182344,280.45,25
1719468182344,280.45,25
1719468182344,280.45,25
1719468182344,280.45,25
1719468182344,280.45,25
1719468182344,280.45,25
1719468194840,282.15,25
1719468194840,282.15,25
1719468194840,282.15,25
1719468194840,282.15,25
1719468194840,282.15,25
1719468194840,282.15,25
1719468194840,282.15,25
1719468204761,280.55,50
1719468204761,280.55,50
1719468204761,280.55,50
1719468204761,280.55,50
1719468204761,280.55,50
1719468204761,280.55,50
1719468204761,280.55,50
1719468204761,280.55,50
1719468204761,280.55,50
1719468204761,280.55,50
1719468204761,280.55,50
1719468204761,280.55,50
1719468221729,282.15,25
1719468221729,282.15,25
1719468221729,282.15,25
1719468221729,282.15,25
1719468221729,282.15,25
1719468221729,282.15,25
1719468221729,282.15,25
1719468221729,282.15,25
1719468221729,282.15,25
1719468221729,282.15,25
1719468221729,282.15,25
1719468221729,282.15,25
1719468239124,280.25,50
1719468239124,280.25,50
1719468239124,280.25,50
1719468239124,280.25,50
1719468239124,280.25,50
1719468239124,280.25,50
1719468239124,280.25,50
1719468239124,280.25,50
1719468239124,280.25,50
1719468239124,280.25,50
1719468239124,280.25,50
1719468239124,280.25,50
1719468239124,280.25,50
1719468239124,280.25,50
1719468239124,280.25,50
1719468239124,280.25,50
1719468239124,280.25,50
1719468239124,280.25,50
1719468265731,281.95,50
1719468265731,281.95,50
1719468267620,282.55,25
1719468267620,282.55,25
1719468267620,282.55,25
1719468267620,282.55,25
1719468267620,282.55,25
1719468267620,282.55,25
1719468267620,282.55,25
1719468276272,285.0,25
1719468276272,285.0,25
1719468276272,285.0,25
1719468276272,285.0,25
1719468276272,285.0,25
1719468276272,285.0,25
1719468276272,285.0,25
1719468276272,285.0,25
1719468276272,285.0,25
1719468276272,285.0,25
1719468276272,285.0,25
1719468276272,285.0,25
1719468276272,285.0,25
1719468276272,285.0,25
1719468298448,284.55,50
1719468298448,284.55,50
1719468298448,284.55,50
1719468298448,284.55,50
1719468298448,284.55,50
1719468302679,283.25,50
1719468302679,283.25,50
1719468302679,283.25,50
1719468306744,283.8,25
1719468306744,283.8,25
1719468306744,283.8,25
1719468306744,283.8,25
1719468306744,283.8,25
1719468306744,283.8,25
1719468306744,283.8,25
1719468306744,283.8,25
1719468306744,283.8,25
1719468306744,283.8,25
1719468306744,283.8,25
1719468306744,283.8,25
1719468306744,283.8,25
1719468306744,283.8,25
1719468306744,283.8,25
1719468306744,283.8,25
1719468306744,283.8,25
1719468306744,283.8,25
1719468306744,283.8,25
1719468306744,283.8,25
1719468306744,283.8,25
1719468338155,282.75,50
1719468338155,282.75,50
1719468338155,282.75,50
