time,price,volume
1719461476506,616.1,50
1719461476506,616.1,50
1719461476506,616.1,50
1719461476506,616.1,50
1719461476506,616.1,50
1719461476506,616.1,50
1719461476506,616.1,50
1719461476506,616.1,50
1719461476506,616.1,50
1719461476506,616.1,50
1719461476506,616.1,50
1719461476506,616.1,50
1719461476506,616.1,50
1719461476506,616.1,50
1719461525992,615.0,100
1719461525992,615.0,100
1719461525992,615.0,100
1719461525992,615.0,100
1719461525992,615.0,100
1719461532326,611.9,50
1719461532765,612.1,75
1719461532765,612.1,75
1719461532765,612.1,75
1719461532765,612.1,75
1719461532765,612.1,75
1719461532765,612.1,75
1719461532765,612.1,75
1719461532765,612.1,75
1719461532765,612.1,75
1719461546739,607.25,25
1719461546739,607.25,25
1719461547278,608.75,50
1719461547278,608.75,50
1719461547278,608.75,50
1719461547278,608.75,50
1719461547278,608.75,50
1719461547278,608.75,50
1719461547278,608.75,50
1719461547278,608.75,50
1719461547278,608.75,50
1719461547278,608.75,50
1719461547278,608.75,50
1719461547278,608.75,50
1719461547278,608.75,50
1719461547278,608.75,50
1719461547278,608.75,50
1719461547278,608.75,50
1719461547278,608.75,50
1719461547278,608.75,50
1719461547278,608.75,50
1719461547278,608.75,50
1719461580024,610.65,50
1719461580024,610.65,50
1719461580024,610.65,50
1719461580024,610.65,50
1719461580024,610.65,50
1719461580024,610.65,50
1719461580024,610.65,50
1719461580024,610.65,50
1719461580024,610.65,50
1719461580024,610.65,50
1719461593830,607.1,50
1719461593830,607.1,50
1719461593830,607.1,50
1719461598009,610.25,50
1719461598009,610.25,50
1719461598009,610.25,50
1719461598009,610.25,50
1719461598009,610.25,50
1719461598009,610.25,50
1719461606695,609.65,50
1719461606695,609.65,50
1719461606695,609.65,50
1719461606695,609.65,50
1719461606695,609.65,50
1719461606695,609.65,50
1719461614960,608.0,50
1719461614960,608.0,50
1719461615343,607.6,25
1719461615343,607.6,25
1719461615343,607.6,25
1719461615343,607.6,25
1719461615343,607.6,25
1719461615343,607.6,25
1719461615343,607.6,25
1719461615343,607.6,25
1719461615343,607.6,25
1719461615343,607.6,25
1719461615343,607.6,25
1719461615343,607.6,25
1719461615343,607.6,25
1719461615343,607.6,25
1719461615343,607.6,25
1719461615343,607.6,25
1719461615343,607.6,25
1719461615343,607.6,25
1719461615343,607.6,25
1719461615343,607.6,25
1719461615343,607.6,25
1719461615343,607.6,25
1719461615343,607.6,25
1719461615343,607.6,25
1719461653250,613.95,25
1719461653250,613.95,25
1719461653250,613.95,25
1719461653250,613.95,25
1719461653250,613.95,25
1719461653250,613.95,25
1719461653250,613.95,25
1719461653250,613.95,25
1719461664376,609.0,25
1719461664376,609.0,25
1719461664376,609.0,25
1719461664376,609.0,25
1719461664376,609.0,25
1719461664376,609.0,25
1719461664376,609.0,25
1719461664376,609.0,25
1719461664376,609.0,25
1719461664376,609.0,25
1719461664376,609.0,25
1719461664376,609.0,25
1719461664376,609.0,25
1719461684569,613.25,25
1719461684569,613.25,25
1719461684569,613.25,25
1719461684569,613.25,25
1719461684569,613.25,25
1719461684569,613.25,25
1719461684569,613.25,25
1719461684569,613.25,25
1719461684569,613.25,25
1719461684569,613.25,25
1719461684569,613.25,25
1719461684569,613.25,25
1719461684569,613.25,25
1719461684569,613.25,25
1719461684569,613.25,25
1719461684569,613.25,25
1719461684569,613.25,25
1719461684569,613.25,25
1719461713179,613.0,25
1719461713179,613.0,25
1719461713179,613.0,25
1719461713179,613.0,25
1719461713179,613.0,25
1719461713179,613.0,25
1719461713179,613.0,25
1719461713179,613.0,25
1719461747438,621.45,225
1719461747438,621.45,225
1719461747438,621.45,225
1719461747438,621.45,225
1719461747438,621.45,225
1719461747438,621.45,225
1719461747438,621.45,225
1719461759822,622.2,25
1719461759822,622.2,25
1719461759822,622.2,25
1719461759822,622.2,25
1719461759822,622.2,25
1719461759822,622.2,25
1719461759822,622.2,25
1719461759822,622.2,25
1719461759822,622.2,25
1719461759822,622.2,25
1719461772220,622.2,25
1719461772220,622.2,25
1719461772220,622.2,25
1719461772220,622.2,25
1719461772220,622.2,25
1719461772220,622.2,25
1719461772220,622.2,25
1719461772220,622.2,25
1719461772220,622.2,25
1719461786297,625.0,50
1719461786651,625.35,25
1719461786651,625.35,25
1719461786651,625.35,25
1719461786651,625.35,25
1719461786651,625.35,25
1719461791964,626.7,25
1719461791964,626.7,25
1719461791964,626.7,25
1719461791964,626.7,25
1719461791964,626.7,25
1719461791964,626.7,25
1719461791964,626.7,25
1719461791964,626.7,25
1719461791964,626.7,25
1719461791964,626.7,25
1719461791964,626.7,25
1719461791964,626.7,25
1719461791964,626.7,25
1719461791964,626.7,25
1719461791964,626.7,25
1719461791964,626.7,25
1719461817130,624.4,50
1719461817130,624.4,50
1719461817130,624.4,50
1719461817130,624.4,50
1719461817130,624.4,50
1719461817130,624.4,50
1719461817130,624.4,50
1719461817130,624.4,50
1719461817130,624.4,50
1719461817130,624.4,50
1719461817130,624.4,50
1719461832958,623.35,50
1719461832958,623.35,50
1719461832958,623.35,50
1719461832958,623.35,50
1719461832958,623.35,50
1719461832958,623.35,50
1719461832958,623.35,50
1719461832958,623.35,50
1719461832958,623.35,50
1719461832958,623.35,50
1719461832958,623.35,50
1719461832958,623.35,50
1719461832958,623.35,50
1719461832958,623.35,50
1719461832958,623.35,50
1719461832958,623.35,50
1719461832958,623.35,50
1719461832958,623.35,50
1719461832958,623.35,50
1719461832958,623.35,50
1719461832958,623.35,50
1719461832958,623.35,50
1719461832958,623.35,50
1719461832958,623.35,50
1719461832958,623.35,50
1719461832958,623.35,50
1719461832958,623.35,50
1719461832958,623.35,50
1719461832958,623.35,50
1719461832958,623.35,50
1719461832958,623.35,50
1719461832958,623.35,50
1719461832958,623.35,50
1719461832958,623.35,50
1719461832958,623.35,50
1719461832958,623.35,50
1719461832958,623.35,50
1719461832958,623.35,50
1719461832958,623.35,50
1719461832958,623.35,50
1719461832958,623.35,50
1719461832958,623.35,50
1719461832958,623.35,50
1719461832958,623.35,50
1719461832958,623.35,50
1719461832958,623.35,50
1719461832958,623.35,50
1719461832958,623.35,50
1719461832958,623.35,50
1719461832958,623.35,50
1719461832958,623.35,50
1719461832958,623.35,50
1719461832958,623.35,50
1719461832958,623.35,50
1719461832958,623.35,50
1719461832958,623.35,50
1719461832958,623.35,50
1719461832958,623.35,50
1719461832958,623.35,50
1719461832958,623.35,50
1719461832958,623.35,50
1719461832958,623.35,50
1719461832958,623.35,50
1719461832958,623.35,50
1719461832958,623.35,50
1719461832958,623.35,50
1719461832958,623.35,50
1719461832958,623.35,50
1719461832958,623.35,50
1719461945218,618.35,25
1719461945218,618.35,25
1719461945218,618.35,25
1719461945218,618.35,25
1719461945218,618.35,25
1719461945218,618.35,25
1719461945218,618.35,25
1719461945218,618.35,25
1719461945218,618.35,25
1719461945218,618.35,25
1719461960411,624.65,25
1719461960411,624.65,25
1719461962410,626.85,50
1719461962410,626.85,50
1719461962410,626.85,50
1719461962410,626.85,50
1719461962410,626.85,50
1719461962410,626.85,50
1719461962410,626.85,50
1719461962410,626.85,50
1719461962410,626.85,50
1719461962410,626.85,50
1719461962410,626.85,50
1719461962410,626.85,50
1719461962410,626.85,50
1719461962410,626.85,50
1719461982849,626.85,150
1719461982849,626.85,150
1719461982849,626.85,150
1719461987014,628.55,50
1719461987014,628.55,50
1719461987014,628.55,50
1719461990596,628.3,50
1719461990596,628.3,50
1719461990596,628.3,50
1719461990596,628.3,50
1719461990596,628.3,50
1719461990596,628.3,50
1719461990596,628.3,50
1719461990596,628.3,50
1719462001192,628.0,25
1719462001192,628.0,25
1719462001192,628.0,25
1719462001192,628.0,25
1719462007065,630.8,25
1719462007065,630.8,25
1719462007065,630.8,25
1719462007065,630.8,25
1719462007065,630.8,25
1719462007065,630.8,25
1719462007065,630.8,25
1719462007065,630.8,25
1719462007065,630.8,25
1719462007065,630.8,25
1719462007065,630.8,25
1719462007065,630.8,25
1719462007065,630.8,25
1719462007065,630.8,25
1719462007065,630.8,25
1719462007065,630.8,25
1719462007065,630.8,25
1719462007065,630.8,25
1719462007065,630.8,25
1719462007065,630.8,25
1719462007065,630.8,25
1719462037193,629.7,25
1719462037193,629.7,25
1719462040539,630.0,25
1719462040539,630.0,25
1719462040539,630.0,25
1719462040539,630.0,25
1719462040539,630.0,25
1719462040539,630.0,25
1719462040539,630.0,25
1719462040539,630.0,25
1719462040539,630.0,25
1719462040539,630.0,25
1719462040539,630.0,25
1719462056291,630.0,25
1719462056291,630.0,25
1719462056291,630.0,25
1719462056291,630.0,25
1719462056291,630.0,25
1719462061466,630.0,25
1719462061466,630.0,25
1719462061466,630.0,25
1719462061466,630.0,25
1719462061466,630.0,25
1719462061466,630.0,25
1719462061466,630.0,25
1719462061466,630.0,25
1719462061466,630.0,25
1719462061466,630.0,25
1719462061466,630.0,25
1719462061466,630.0,25
1719462061466,630.0,25
1719462061466,630.0,25
1719462061466,630.0,25
1719462061466,630.0,25
1719462061466,630.0,25
1719462061466,630.0,25
1719462061466,630.0,25
1719462061466,630.0,25
1719462061466,630.0,25
1719462061466,630.0,25
1719462061466,630.0,25
1719462061466,630.0,25
1719462061466,630.0,25
1719462061466,630.0,25
1719462061466,630.0,25
1719462061466,630.0,25
1719462061466,630.0,25
1719462061466,630.0,25
1719462061466,630.0,25
1719462061466,630.0,25
1719462061466,630.0,25
1719462061466,630.0,25
1719462061466,630.0,25
1719462061466,630.0,25
1719462061466,630.0,25
1719462061466,630.0,25
1719462061466,630.0,25
1719462061466,630.0,25
1719462061466,630.0,25
1719462061466,630.0,25
1719462061466,630.0,25
1719462061466,630.0,25
1719462061466,630.0,25
1719462061466,630.0,25
1719462061466,630.0,25
1719462061466,630.0,25
1719462137340,621.7,25
1719462137340,621.7,25
1719462137340,621.7,25
1719462137340,621.7,25
1719462137340,621.7,25
1719462137340,621.7,25
1719462137340,621.7,25
1719462137340,621.7,25
1719462137340,621.7,25
1719462137340,621.7,25
1719462137340,621.7,25
1719462137340,621.7,25
1719462137340,621.7,25
1719462137340,621.7,25
1719462137340,621.7,25
1719462137340,621.7,25
1719462137340,621.7,25
1719462137340,621.7,25
1719462137340,621.7,25
1719462137340,621.7,25
1719462137340,621.7,25
1719462137340,621.7,25
1719462137340,621.7,25
1719462173391,621.0,25
1719462173391,621.0,25
1719462173391,621.0,25
1719462173391,621.0,25
1719462173391,621.0,25
1719462173391,621.0,25
1719462173391,621.0,25
1719462173391,621.0,25
1719462173391,621.0,25
1719462173391,621.0,25
1719462173391,621.0,25
1719462173391,621.0,25
1719462173391,621.0,25
1719462173391,621.0,25
1719462173391,621.0,25
1719462173391,621.0,25
1719462173391,621.0,25
1719462173391,621.0,25
1719462173391,621.0,25
1719462201891,617.8,50
1719462201891,617.8,50
1719462201891,617.8,50
1719462201891,617.8,50
1719462201891,617.8,50
1719462201891,617.8,50
1719462201891,617.8,50
1719462201891,617.8,50
1719462201891,617.8,50
1719462201891,617.8,50
1719462215261,619.45,25
1719462215261,619.45,25
1719462215261,619.45,25
1719462215261,619.45,25
1719462215261,619.45,25
1719462215261,619.45,25
1719462215261,619.45,25
1719462215261,619.45,25
1719462215261,619.45,25
1719462215261,619.45,25
1719462215261,619.45,25
1719462215261,619.45,25
1719462215261,619.45,25
1719462215261,619.45,25
1719462215261,619.45,25
1719462215261,619.45,25
1719462215261,619.45,25
1719462215261,619.45,25
1719462215261,619.45,25
1719462215261,619.45,25
1719462215261,619.45,25
1719462215261,619.45,25
1719462215261,619.45,25
1719462215261,619.45,25
1719462215261,619.45,25
1719462215261,619.45,25
1719462215261,619.45,25
1719462215261,619.45,25
1719462215261,619.45,25
1719462215261,619.45,25
1719462215261,619.45,25
1719462215261,619.45,25
1719462215261,619.45,25
1719462215261,619.45,25
1719462215261,619.45,25
1719462215261,619.45,25
1719462215261,619.45,25
1719462215261,619.45,25
1719462215261,619.45,25
1719462215261,619.45,25
1719462215261,619.45,25
1719462215261,619.45,25
1719462215261,619.45,25
1719462215261,619.45,25
1719462215261,619.45,25
1719462215261,619.45,25
1719462215261,619.45,25
1719462215261,619.45,25
1719462215261,619.45,25
1719462294731,625.0,125
1719462294731,625.0,125
1719462294731,625.0,125
1719462294731,625.0,125
1719462294731,625.0,125
1719462294731,625.0,125
1719462294731,625.0,125
1719462294731,625.0,125
1719462294731,625.0,125
1719462294731,625.0,125
1719462294731,625.0,125
1719462294731,625.0,125
1719462312042,627.65,50
1719462312042,627.65,50
1719462312042,627.65,50
1719462312042,627.65,50
1719462312042,627.65,50
1719462312042,627.65,50
1719462312042,627.65,50
1719462312042,627.65,50
1719462312042,627.65,50
1719462312042,627.65,50
1719462312042,627.65,50
1719462312042,627.65,50
1719462312042,627.65,50
1719462312042,627.65,50
1719462312042,627.65,50
1719462312042,627.65,50
1719462312042,627.65,50
1719462312042,627.65,50
1719462312042,627.65,50
1719462312042,627.65,50
1719462312042,627.65,50
1719462312042,627.65,50
1719462312042,627.65,50
1719462312042,627.65,50
1719462312042,627.65,50
1719462312042,627.65,50
1719462312042,627.65,50
1719462312042,627.65,50
1719462312042,627.65,50
1719462312042,627.65,50
1719462312042,627.65,50
1719462312042,627.65,50
1719462312042,627.65,50
1719462312042,627.65,50
1719462312042,627.65,50
1719462312042,627.65,50
1719462312042,627.65,50
1719462312042,627.65,50
1719462312042,627.65,50
1719462312042,627.65,50
1719462312042,627.65,50
1719462312042,627.65,50
1719462312042,627.65,50
1719462312042,627.65,50
1719462312042,627.65,50
1719462312042,627.65,50
1719462312042,627.65,50
1719462312042,627.65,50
1719462312042,627.65,50
1719462312042,627.65,50
1719462312042,627.65,50
1719462312042,627.65,50
1719462312042,627.65,50
1719462312042,627.65,50
1719462312042,627.65,50
1719462312042,627.65,50
1719462312042,627.65,50
1719462312042,627.65,50
1719462312042,627.65,50
1719462312042,627.65,50
1719462312042,627.65,50
1719462312042,627.65,50
1719462411857,640.0,25
1719462411857,640.0,25
1719462411857,640.0,25
1719462411857,640.0,25
1719462411857,640.0,25
1719462411857,640.0,25
1719462411857,640.0,25
1719462420361,647.0,50
1719462420361,647.0,50
1719462420361,647.0,50
1719462420361,647.0,50
1719462425363,651.25,75
1719462425363,651.25,75
1719462425363,651.25,75
1719462425363,651.25,75
1719462425363,651.25,75
1719462425363,651.25,75
1719462434512,650.4,75
1719462435577,644.4,75
1719462435577,644.4,75
1719462435577,644.4,75
1719462435577,644.4,75
1719462435577,644.4,75
1719462435577,644.4,75
1719462435577,644.4,75
1719462435577,644.4,75
1719462435577,644.4,75
1719462435577,644.4,75
1719462435577,644.4,75
1719462435577,644.4,75
1719462452434,646.45,25
1719462452434,646.45,25
1719462453775,649.6,75
1719462453775,649.6,75
1719462453775,649.6,75
1719462453775,649.6,75
1719462453775,649.6,75
1719462453775,649.6,75
1719462453775,649.6,75
1719462453775,649.6,75
1719462453775,649.6,75
1719462453775,649.6,75
1719462453775,649.6,75
1719462453775,649.6,75
1719462471551,659.0,25
1719462471839,660.0,25
1719462471839,660.0,25
1719462473383,660.85,50
1719462473383,660.85,50
1719462473383,660.85,50
1719462473383,660.85,50
1719462473383,660.85,50
1719462473383,660.85,50
1719462480959,663.95,25
1719462480959,663.95,25
1719462480959,663.95,25
1719462480959,663.95,25
1719462484863,666.95,50
1719462485484,666.8,75
1719462485484,666.8,75
1719462485484,666.8,75
1719462485484,666.8,75
1719462485484,666.8,75
1719462485484,666.8,75
1719462485484,666.8,75
1719462485484,666.8,75
1719462485484,666.8,75
1719462485484,666.8,75
1719462485484,666.8,75
1719462485484,666.8,75
1719462485484,666.8,75
1719462485484,666.8,75
1719462485484,666.8,75
1719462485484,666.8,75
1719462485484,666.8,75
1719462485484,666.8,75
1719462511734,667.15,50
1719462511734,667.15,50
1719462511734,667.15,50
1719462511734,667.15,50
1719462511734,667.15,50
1719462511734,667.15,50
1719462511734,667.15,50
1719462511734,667.15,50
1719462511734,667.15,50
1719462511734,667.15,50
1719462511734,667.15,50
1719462511734,667.15,50
1719462511734,667.15,50
1719462511734,667.15,50
1719462511734,667.15,50
1719462511734,667.15,50
1719462537501,665.5,50
1719462537501,665.5,50
1719462537501,665.5,50
1719462537501,665.5,50
1719462537501,665.5,50
1719462537501,665.5,50
1719462537501,665.5,50
1719462537501,665.5,50
1719462537501,665.5,50
1719462537501,665.5,50
1719462537501,665.5,50
1719462537501,665.5,50
1719462537501,665.5,50
1719462537501,665.5,50
1719462537501,665.5,50
1719462537501,665.5,50
1719462537501,665.5,50
1719462537501,665.5,50
1719462537501,665.5,50
1719462537501,665.5,50
1719462537501,665.5,50
1719462537501,665.5,50
1719462537501,665.5,50
1719462537501,665.5,50
1719462537501,665.5,50
1719462576126,666.6,25
1719462576126,666.6,25
1719462576126,666.6,25
1719462576126,666.6,25
1719462576126,666.6,25
1719462576126,666.6,25
1719462576126,666.6,25
1719462576126,666.6,25
1719462576126,666.6,25
1719462576126,666.6,25
1719462576126,666.6,25
1719462576126,666.6,25
1719462576126,666.6,25
1719462595638,667.95,25
1719462595638,667.95,25
1719462595638,667.95,25
1719462598802,668.0,50
1719462598802,668.0,50
1719462598802,668.0,50
1719462598802,668.0,50
1719462598802,668.0,50
1719462598802,668.0,50
1719462598802,668.0,50
1719462598802,668.0,50
1719462598802,668.0,50
1719462598802,668.0,50
1719462598802,668.0,50
1719462598802,668.0,50
1719462598802,668.0,50
1719462598802,668.0,50
1719462598802,668.0,50
1719462598802,668.0,50
1719462598802,668.0,50
1719462598802,668.0,50
1719462598802,668.0,50
1719462628186,667.0,25
1719462628186,667.0,25
1719462628186,667.0,25
1719462628186,667.0,25
1719462628186,667.0,25
1719462628186,667.0,25
1719462628186,667.0,25
1719462628186,667.0,25
1719462628186,667.0,25
1719462628186,667.0,25
1719462628186,667.0,25
1719462628186,667.0,25
1719462628186,667.0,25
1719462646874,670.0,25
1719462646874,670.0,25
1719462646874,670.0,25
1719462646874,670.0,25
1719462646874,670.0,25
1719462646874,670.0,25
1719462656380,672.0,25
1719462656380,672.0,25
1719462659842,673.25,25
1719462659842,673.25,25
1719462659842,673.25,25
1719462659842,673.25,25
1719462704378,682.85,25
1719462704378,682.85,25
1719462704378,682.85,25
1719462704378,682.85,25
1719462704378,682.85,25
1719462704378,682.85,25
1719462704378,682.85,25
1719462714280,685.1,25
1719462714280,685.1,25
1719462714280,685.1,25
1719462714280,685.1,25
1719462714280,685.1,25
1719462714280,685.1,25
1719462721418,689.65,25
1719462721418,689.65,25
1719462722124,692.0,25
1719462722124,692.0,25
1719462722124,692.0,25
1719462722124,692.0,25
1719462722124,692.0,25
1719462722124,692.0,25
1719462722124,692.0,25
1719462722124,692.0,25
1719462735182,691.0,25
1719462735182,691.0,25
1719462735182,691.0,25
1719462735182,691.0,25
1719462735182,691.0,25
1719462735182,691.0,25
1719462735182,691.0,25
1719462735182,691.0,25
1719462735182,691.0,25
1719462735182,691.0,25
1719462735182,691.0,25
1719462735182,691.0,25
1719462735182,691.0,25
1719462735182,691.0,25
1719462735182,691.0,25
1719462735182,691.0,25
1719462735182,691.0,25
1719462735182,691.0,25
1719462735182,691.0,25
1719462735182,691.0,25
1719462735182,691.0,25
1719462735182,691.0,25
1719462735182,691.0,25
1719462735182,691.0,25
1719462735182,691.0,25
1719462735182,691.0,25
1719462735182,691.0,25
1719462735182,691.0,25
1719462735182,691.0,25
1719462735182,691.0,25
1719462735182,691.0,25
1719462735182,691.0,25
1719462735182,691.0,25
1719462785222,698.95,50
1719462785222,698.95,50
1719462785222,698.95,50
1719462789730,699.0,25
1719462789916,699.0,125
1719462789916,699.0,125
1719462789916,699.0,125
1719462789916,699.0,125
1719462789916,699.0,125
1719462796703,699.0,25
1719462796703,699.0,25
1719462796703,699.0,25
1719462796703,699.0,25
1719462796703,699.0,25
1719462796703,699.0,25
1719462796703,699.0,25
1719462796703,699.0,25
1719462796703,699.0,25
1719462796703,699.0,25
1719462796703,699.0,25
1719462796703,699.0,25
1719462812517,694.2,50
1719462812517,694.2,50
1719462813817,693.85,25
1719462814312,692.8,50
1719462814312,692.8,50
1719462814312,692.8,50
1719462814312,692.8,50
1719462814312,692.8,50
1719462814312,692.8,50
1719462823165,690.4,50
1719462823165,690.4,50
1719462823165,690.4,50
1719462823165,690.4,50
1719462823165,690.4,50
1719462823165,690.4,50
1719462823165,690.4,50
1719462832722,691.6,50
1719462832722,691.6,50
1719462832722,691.6,50
1719462832722,691.6,50
1719462832722,691.6,50
1719462832722,691.6,50
1719462832722,691.6,50
1719462832722,691.6,50
1719462832722,691.6,50
1719462832722,691.6,50
1719462832722,691.6,50
1719462832722,691.6,50
1719462848779,691.7,50
1719462848779,691.7,50
1719462848779,691.7,50
1719462848779,691.7,50
1719462848779,691.7,50
1719462848779,691.7,50
1719462848779,691.7,50
1719462848779,691.7,50
1719462860760,690.85,25
1719462860760,690.85,25
1719462861780,692.55,50
1719462861780,692.55,50
1719462862646,693.25,25
1719462862646,693.25,25
1719462862646,693.25,25
1719462862646,693.25,25
1719462862646,693.25,25
1719462862646,693.25,25
1719463127145,702.0,25
1719463127145,702.0,25
1719463127145,702.0,25
1719463127145,702.0,25
1719463316964,703.2,25
1719463316964,703.2,25
1719463316964,703.2,25
1719463316964,703.2,25
1719463316964,703.2,25
1719463316964,703.2,25
1719463316964,703.2,25
1719463316964,703.2,25
1719463316964,703.2,25
1719463316964,703.2,25
1719463316964,703.2,25
1719463316964,703.2,25
1719463316964,703.2,25
1719463316964,703.2,25
1719463316964,703.2,25
1719463316964,703.2,25
1719463346652,703.5,25
1719463346652,703.5,25
1719463346652,703.5,25
1719463346652,703.5,25
1719463346652,703.5,25
1719463346652,703.5,25
1719463346652,703.5,25
1719463354448,703.9,25
1719463354448,703.9,25
1719463356913,705.9,25
1719463357305,708.0,125
1719463358019,706.65,25
1719463358019,706.65,25
1719463358019,706.65,25
1719463358019,706.65,25
1719463358019,706.65,25
1719463358019,706.65,25
1719463358019,706.65,25
1719463358019,706.65,25
1719463358019,706.65,25
1719463358019,706.65,25
1719463358019,706.65,25
1719463358019,706.65,25
1719463358019,706.65,25
1719463358019,706.65,25
1719463358019,706.65,25
1719463358019,706.65,25
1719463358019,706.65,25
1719463358019,706.65,25
1719463358019,706.65,25
1719463358019,706.65,25
1719463358019,706.65,25
1719463358019,706.65,25
1719463358019,706.65,25
1719463358019,706.65,25
1719463358019,706.65,25
1719463358019,706.65,25
1719463399555,703.0,100
1719463399555,703.0,100
1719463399555,703.0,100
1719463401993,701.9,25
1719463401993,701.9,25
1719463402960,701.55,25
1719463402960,701.55,25
1719463402960,701.55,25
1719463402960,701.55,25
1719463402960,701.55,25
1719463402960,701.55,25
1719463402960,701.55,25
1719463402960,701.55,25
1719463402960,701.55,25
1719463402960,701.55,25
1719463402960,701.55,25
1719463402960,701.55,25
1719463402960,701.55,25
1719463422990,695.7,50
1719463423510,695.7,150
1719463423510,695.7,150
1719463423510,695.7,150
1719463428348,690.0,25
1719463428348,690.0,25
1719463428348,690.0,25
1719463428348,690.0,25
1719463428348,690.0,25
1719463428348,690.0,25
1719463428348,690.0,25
1719463428348,690.0,25
1719463428348,690.0,25
1719463428348,690.0,25
1719463440634,687.4,25
1719463440634,687.4,25
1719463440634,687.4,25
1719463440634,687.4,25
1719463440634,687.4,25
1719463440634,687.4,25
1719463448482,690.0,25
1719463448736,689.9,25
1719463449410,689.15,25
1719463449477,689.15,25
1719463451121,690.05,25
1719463451121,690.05,25
1719463451468,689.25,25
1719463451468,689.25,25
1719463451468,689.25,25
1719463451468,689.25,25
1719463451468,689.25,25
1719463451468,689.25,25
1719463459536,689.5,25
1719463459536,689.5,25
1719463459536,689.5,25
1719463464142,690.55,25
1719463464177,690.65,25
1719463464177,690.65,25
1719463464177,690.65,25
1719463466768,690.3,25
1719463466768,690.3,25
1719463468378,691.2,25
1719463468378,691.2,25
1719463468378,691.2,25
1719463470695,693.65,25
1719463470695,693.65,25
1719463470695,693.65,25
1719463470695,693.65,25
1719463470695,693.65,25
1719463470695,693.65,25
1719463470695,693.65,25
1719463470695,693.65,25
1719463470695,693.65,25
1719463485117,689.5,75
1719463485117,689.5,75
1719463485117,689.5,75
1719463485117,689.5,75
1719463485117,689.5,75
1719463485117,689.5,75
1719463485117,689.5,75
1719463493801,689.25,25
1719463494223,689.5,25
1719463494223,689.5,25
1719463494223,689.5,25
1719463494223,689.5,25
1719463494223,689.5,25
1719463494223,689.5,25
1719463494223,689.5,25
1719463494223,689.5,25
1719463494223,689.5,25
1719463494223,689.5,25
1719463494223,689.5,25
1719463494223,689.5,25
1719463494223,689.5,25
1719463494223,689.5,25
1719463494223,689.5,25
1719463494223,689.5,25
1719463494223,689.5,25
1719463494223,689.5,25
1719463520200,689.15,25
1719463520200,689.15,25
1719463520755,688.15,25
1719463521671,688.6,25
1719463521671,688.6,25
1719463522474,688.9,25
1719463522474,688.9,25
1719463524666,692.0,50
1719463525401,691.65,25
1719463525401,691.65,25
1719463526468,691.75,25
1719463526468,691.75,25
1719463528167,692.3,25
1719463528525,692.3,25
1719463529139,692.35,25
1719463530187,692.55,25
1719463530187,692.55,25
1719463530187,692.55,25
1719463530187,692.55,25
1719463530187,692.55,25
1719463530187,692.55,25
1719463530187,692.55,25
1719463537285,698.8,100
1719463537285,698.8,100
1719463537285,698.8,100
1719463537285,698.8,100
1719463537285,698.8,100
1719463537285,698.8,100
1719463537285,698.8,100
1719463537285,698.8,100
1719463548580,698.45,25
1719463548717,698.35,25
1719463548717,698.35,25
1719463548717,698.35,25
1719463548717,698.35,25
1719463548717,698.35,25
1719463548717,698.35,25
1719463548717,698.35,25
1719463548717,698.35,25
1719463548717,698.35,25
1719463548717,698.35,25
1719463548717,698.35,25
1719463548717,698.35,25
1719463548717,698.35,25
1719463548717,698.35,25
1719463548717,698.35,25
1719463548717,698.35,25
1719463548717,698.35,25
1719463548717,698.35,25
1719463548717,698.35,25
1719463576244,692.6,25
1719463576244,692.6,25
1719463576244,692.6,25
1719463576244,692.6,25
1719463580905,691.25,25
1719463580905,691.25,25
1719463580905,691.25,25
1719463580905,691.25,25
1719463580905,691.25,25
1719463580905,691.25,25
1719463590159,690.85,25
1719463590159,690.85,25
1719463590159,690.85,25
1719463593890,691.0,25
1719463593890,691.0,25
1719463593890,691.0,25
1719463593890,691.0,25
1719463593890,691.0,25
1719463593890,691.0,25
1719463593890,691.0,25
1719463593890,691.0,25
1719463604651,693.3,25
1719463605138,693.55,25
1719463606134,694.8,25
1719463606134,694.8,25
1719463608160,697.25,25
1719463608160,697.25,25
1719463608160,697.25,25
1719463608160,697.25,25
1719463608160,697.25,25
1719463608160,697.25,25
1719463608160,697.25,25
1719463608160,697.25,25
1719463608160,697.25,25
1719463608160,697.25,25
1719463608160,697.25,25
1719463608160,697.25,25
1719463608160,697.25,25
1719463608160,697.25,25
1719463629207,691.05,25
1719463629532,691.05,25
1719463629532,691.05,25
1719463629532,691.05,25
1719463629532,691.05,25
1719463629532,691.05,25
1719463629532,691.05,25
1719463629532,691.05,25
1719463639330,693.15,25
1719463639831,693.25,25
1719463639831,693.25,25
1719463641961,694.75,25
1719463642427,694.6,25
1719463642427,694.6,25
1719463643719,694.6,25
1719463643996,694.5,25
1719463644717,695.35,25
1719463644717,695.35,25
1719463646359,694.8,25
1719463646359,694.8,25
1719463646359,694.8,25
1719463646359,694.8,25
1719463646359,694.8,25
1719463646359,694.8,25
1719463646359,694.8,25
1719463646359,694.8,25
1719463646359,694.8,25
1719463646359,694.8,25
1719463646359,694.8,25
1719463646359,694.8,25
1719463646359,694.8,25
1719463646359,694.8,25
1719463646359,694.8,25
1719463646359,694.8,25
1719463669590,689.1,25
1719463669590,689.1,25
1719463669590,689.1,25
1719463669590,689.1,25
1719463674348,693.05,25
1719463674348,693.05,25
1719463677180,690.55,25
1719463677180,690.55,25
1719463677180,690.55,25
1719463677180,690.55,25
1719463677180,690.55,25
1719463677180,690.55,25
1719463682711,689.3,25
1719463683635,690.45,50
1719463683635,690.45,50
1719463683635,690.45,50
1719463683635,690.45,50
1719463683635,690.45,50
1719463683635,690.45,50
1719463683635,690.45,50
1719463683635,690.45,50
1719463683635,690.45,50
1719463696613,689.05,25
1719463696720,689.05,25
1719463697579,690.25,25
1719463697864,690.95,25
1719463698579,691.3,25
1719463699854,691.55,25
1719463700152,691.55,25
1719463701862,691.3,25
1719463701862,691.3,25
1719463701862,691.3,25
1719463701862,691.3,25
1719463706932,692.25,25
1719463706932,692.25,25
1719463708065,692.25,25
1719463708065,692.25,25
1719463710205,692.6,25
1719463710205,692.6,25
1719463710205,692.6,25
1719463710205,692.6,25
1719463713758,693.55,25
1719463713758,693.55,25
1719463713758,693.55,25
1719463713758,693.55,25
1719463717778,694.8,25
1719463717778,694.8,25
1719463719825,695.6,25
1719463719825,695.6,25
1719463719825,695.6,25
1719463723098,696.35,25
1719463723098,696.35,25
1719463723098,696.35,25
1719463725379,696.35,25
1719463725379,696.35,25
1719463725379,696.35,25
1719463725379,696.35,25
1719463725379,696.35,25
1719463725379,696.35,25
1719463725379,696.35,25
1719463725379,696.35,25
1719463725379,696.35,25
1719463725379,696.35,25
1719463725379,696.35,25
1719463725379,696.35,25
1719463725379,696.35,25
1719463725379,696.35,25
1719463725379,696.35,25
1719463725379,696.35,25
1719463725379,696.35,25
1719463725379,696.35,25
1719463752160,696.0,25
1719463752160,696.0,25
1719463752160,696.0,25
1719463752160,696.0,25
1719463752160,696.0,25
1719463752160,696.0,25
1719463752160,696.0,25
1719463752160,696.0,25
1719463752160,696.0,25
1719463752160,696.0,25
1719463752160,696.0,25
1719463752160,696.0,25
1719463752160,696.0,25
1719463752160,696.0,25
1719463752160,696.0,25
1719463752160,696.0,25
1719463752160,696.0,25
1719463776223,698.45,25
1719463776988,700.0,25
1719463776988,700.0,25
1719463776988,700.0,25
1719463776988,700.0,25
1719463776988,700.0,25
1719463783794,698.3,25
1719463783794,698.3,25
1719463784836,699.35,25
1719463784836,699.35,25
1719463784836,699.35,25
1719463784836,699.35,25
1719463784836,699.35,25
1719463784836,699.35,25
1719463794285,700.0,50
1719463794285,700.0,50
1719463794285,700.0,50
1719463794285,700.0,50
1719463794285,700.0,50
1719463794285,700.0,50
1719463794285,700.0,50
1719463794285,700.0,50
1719463794285,700.0,50
1719463794285,700.0,50
1719463794285,700.0,50
1719463794285,700.0,50
1719463794285,700.0,50
1719463794285,700.0,50
1719463794285,700.0,50
1719463794285,700.0,50
1719463794285,700.0,50
1719463794285,700.0,50
1719463794285,700.0,50
1719463794285,700.0,50
1719463794285,700.0,50
1719463794285,700.0,50
1719463829304,699.25,50
1719463829304,699.25,50
1719463830933,697.75,25
1719463830933,697.75,25
1719463830933,697.75,25
1719463830933,697.75,25
1719463830933,697.75,25
1719463830933,697.75,25
1719463830933,697.75,25
1719463830933,697.75,25
1719463830933,697.75,25
1719463830933,697.75,25
1719463830933,697.75,25
1719463830933,697.75,25
1719463830933,697.75,25
1719463830933,697.75,25
1719463830933,697.75,25
1719463830933,697.75,25
1719463830933,697.75,25
1719463830933,697.75,25
1719463858863,696.85,125
1719463858863,696.85,125
1719463858863,696.85,125
1719463858863,696.85,125
1719463858863,696.85,125
1719463858863,696.85,125
1719463858863,696.85,125
1719463858863,696.85,125
1719463858863,696.85,125
1719463858863,696.85,125
1719463858863,696.85,125
1719463858863,696.85,125
1719463858863,696.85,125
1719463858863,696.85,125
1719463858863,696.85,125
1719463858863,696.85,125
1719463858863,696.85,125
1719463858863,696.85,125
1719463858863,696.85,125
1719463858863,696.85,125
1719463858863,696.85,125
1719463858863,696.85,125
1719463858863,696.85,125
1719463858863,696.85,125
1719463858863,696.85,125
1719463858863,696.85,125
1719463858863,696.85,125
1719463858863,696.85,125
1719463858863,696.85,125
1719463858863,696.85,125
1719463858863,696.85,125
1719463858863,696.85,125
1719463858863,696.85,125
1719463858863,696.85,125
1719463858863,696.85,125
1719463858863,696.85,125
1719463858863,696.85,125
1719463858863,696.85,125
1719463858863,696.85,125
1719463858863,696.85,125
1719463858863,696.85,125
1719463858863,696.85,125
1719463858863,696.85,125
1719463858863,696.85,125
1719463858863,696.85,125
1719463858863,696.85,125
1719463858863,696.85,125
1719463858863,696.85,125
1719463858863,696.85,125
1719463858863,696.85,125
1719463938247,699.35,25
1719463938247,699.35,25
1719463938247,699.35,25
1719463938247,699.35,25
1719463938247,699.35,25
1719463938247,699.35,25
1719463938247,699.35,25
1719463938247,699.35,25
1719463938247,699.35,25
1719463938247,699.35,25
1719463938247,699.35,25
1719463938247,699.35,25
1719463938247,699.35,25
1719463938247,699.35,25
1719463938247,699.35,25
1719463938247,699.35,25
1719463938247,699.35,25
1719463938247,699.35,25
1719463938247,699.35,25
1719463938247,699.35,25
1719463938247,699.35,25
1719463938247,699.35,25
1719463938247,699.35,25
1719463938247,699.35,25
1719463938247,699.35,25
1719463938247,699.35,25
1719463938247,699.35,25
1719463938247,699.35,25
1719463938247,699.35,25
1719463938247,699.35,25
1719463938247,699.35,25
1719463938247,699.35,25
1719463938247,699.35,25
1719463938247,699.35,25
1719463938247,699.35,25
1719463938247,699.35,25
1719463938247,699.35,25
1719463938247,699.35,25
1719463938247,699.35,25
1719464000699,695.1,25
1719464000699,695.1,25
1719464000699,695.1,25
1719464000699,695.1,25
1719464000699,695.1,25
1719464000699,695.1,25
1719464009500,693.75,25
1719464009500,693.75,25
1719464009500,693.75,25
1719464009500,693.75,25
1719464009500,693.75,25
1719464009500,693.75,25
1719464009500,693.75,25
1719464009500,693.75,25
1719464009500,693.75,25
1719464021484,697.15,25
1719464021484,697.15,25
1719464021484,697.15,25
1719464021484,697.15,25
1719464021484,697.15,25
1719464021484,697.15,25
1719464021484,697.15,25
1719464021484,697.15,25
1719464034212,692.35,25
1719464034212,692.35,25
1719464034212,692.35,25
1719464034212,692.35,25
1719464034212,692.35,25
1719464034212,692.35,25
1719464034212,692.35,25
1719464034212,692.35,25
1719464034212,692.35,25
1719464034212,692.35,25
1719464034212,692.35,25
1719464034212,692.35,25
1719464034212,692.35,25
1719464034212,692.35,25
1719464034212,692.35,25
1719464034212,692.35,25
1719464057675,693.5,25
1719464058051,692.65,25
1719464059010,692.5,25
1719464059010,692.5,25
1719464059010,692.5,25
1719464059010,692.5,25
1719464059010,692.5,25
1719464059010,692.5,25
1719464059010,692.5,25
1719464059010,692.5,25
1719464059010,692.5,25
1719464059010,692.5,25
1719464059010,692.5,25
1719464059010,692.5,25
1719464075984,688.8,25
1719464075984,688.8,25
1719464077250,688.85,25
1719464077250,688.85,25
1719464077250,688.85,25
1719464077250,688.85,25
1719464077250,688.85,25
1719464077250,688.85,25
1719464077250,688.85,25
1719464077250,688.85,25
1719464077250,688.85,25
1719464077250,688.85,25
1719464077250,688.85,25
1719464077250,688.85,25
1719464077250,688.85,25
1719464077250,688.85,25
1719464077250,688.85,25
1719464077250,688.85,25
1719464077250,688.85,25
1719464077250,688.85,25
1719464077250,688.85,25
1719464077250,688.85,25
1719464077250,688.85,25
1719464077250,688.85,25
1719464077250,688.85,25
1719464077250,688.85,25
1719464077250,688.85,25
1719464077250,688.85,25
1719464077250,688.85,25
1719464077250,688.85,25
1719464077250,688.85,25
1719464077250,688.85,25
1719464077250,688.85,25
1719464077250,688.85,25
1719464077250,688.85,25
1719464077250,688.85,25
1719464077250,688.85,25
1719464077250,688.85,25
1719464077250,688.85,25
1719464077250,688.85,25
1719464077250,688.85,25
1719464077250,688.85,25
1719464077250,688.85,25
1719464077250,688.85,25
1719464077250,688.85,25
1719464077250,688.85,25
1719464077250,688.85,25
1719464077250,688.85,25
1719464077250,688.85,25
1719464077250,688.85,25
1719464077250,688.85,25
1719464077250,688.85,25
1719464077250,688.85,25
1719464077250,688.85,25
1719464077250,688.85,25
1719464077250,688.85,25
1719464077250,688.85,25
1719464077250,688.85,25
1719464077250,688.85,25
1719464077250,688.85,25
1719464077250,688.85,25
1719464077250,688.85,25
1719464077250,688.85,25
1719464077250,688.85,25
1719464077250,688.85,25
1719464077250,688.85,25
1719464077250,688.85,25
1719464077250,688.85,25
1719464184193,695.0,50
1719464184193,695.0,50
1719464184193,695.0,50
1719464184193,695.0,50
1719464184193,695.0,50
1719464184193,695.0,50
1719464184193,695.0,50
1719464184193,695.0,50
1719464184193,695.0,50
1719464184193,695.0,50
1719464184193,695.0,50
1719464184193,695.0,50
1719464184193,695.0,50
1719464184193,695.0,50
1719464184193,695.0,50
1719464184193,695.0,50
1719464184193,695.0,50
1719464184193,695.0,50
1719464184193,695.0,50
1719464184193,695.0,50
1719464184193,695.0,50
1719464184193,695.0,50
1719464184193,695.0,50
1719464184193,695.0,50
1719464184193,695.0,50
1719464184193,695.0,50
1719464184193,695.0,50
1719464226053,698.8,25
1719464226053,698.8,25
1719464226053,698.8,25
1719464226053,698.8,25
1719464226053,698.8,25
1719464226053,698.8,25
1719464226053,698.8,25
1719464226053,698.8,25
1719464226053,698.8,25
1719464226053,698.8,25
1719464226053,698.8,25
1719464226053,698.8,25
1719464226053,698.8,25
1719464226053,698.8,25
1719464226053,698.8,25
1719464226053,698.8,25
1719464226053,698.8,25
1719464226053,698.8,25
1719464226053,698.8,25
1719464226053,698.8,25
1719464226053,698.8,25
1719464226053,698.8,25
1719464226053,698.8,25
1719464226053,698.8,25
1719464226053,698.8,25
1719464226053,698.8,25
1719464226053,698.8,25
1719464226053,698.8,25
1719464226053,698.8,25
1719464226053,698.8,25
1719464226053,698.8,25
1719464276583,710.25,25
1719464276583,710.25,25
1719464276583,710.25,25
1719464276583,710.25,25
1719464276583,710.25,25
1719464280781,708.1,50
1719464280781,708.1,50
1719464280781,708.1,50
1719464280781,708.1,50
1719464280781,708.1,50
1719464280781,708.1,50
1719464280781,708.1,50
1719464280781,708.1,50
1719464280781,708.1,50
1719464280781,708.1,50
1719464280781,708.1,50
1719464280781,708.1,50
1719464280781,708.1,50
1719464280781,708.1,50
1719464303251,711.85,25
1719464303251,711.85,25
1719464303251,711.85,25
1719464303251,711.85,25
1719464303251,711.85,25
1719464303251,711.85,25
1719464303251,711.85,25
1719464310387,715.0,25
1719464310387,715.0,25
1719464310387,715.0,25
1719464310387,715.0,25
1719464310387,715.0,25
1719464310387,715.0,25
1719464310387,715.0,25
1719464310387,715.0,25
1719464310387,715.0,25
1719464310387,715.0,25
1719464310387,715.0,25
1719464310387,715.0,25
1719464328073,711.35,25
1719464328073,711.35,25
1719464328073,711.35,25
1719464328073,711.35,25
1719464333133,716.95,25
1719464333133,716.95,25
1719464333133,716.95,25
1719464333133,716.95,25
1719464333133,716.95,25
1719464333133,716.95,25
1719464333133,716.95,25
1719464333133,716.95,25
1719464333133,716.95,25
1719464333133,716.95,25
1719464333133,716.95,25
1719464346867,716.5,100
1719464346867,716.5,100
1719464346867,716.5,100
1719464346867,716.5,100
1719464346867,716.5,100
1719464346867,716.5,100
1719464346867,716.5,100
1719464346867,716.5,100
1719464346867,716.5,100
1719464346867,716.5,100
1719464346867,716.5,100
1719464346867,716.5,100
1719464346867,716.5,100
1719464346867,716.5,100
1719464346867,716.5,100
1719464346867,716.5,100
1719464346867,716.5,100
1719464346867,716.5,100
1719464346867,716.5,100
1719464346867,716.5,100
1719464346867,716.5,100
1719464346867,716.5,100
1719464346867,716.5,100
1719464346867,716.5,100
1719464381271,716.35,25
1719464381271,716.35,25
1719464381271,716.35,25
1719464381271,716.35,25
1719464381271,716.35,25
1719464381271,716.35,25
1719464381271,716.35,25
1719464381271,716.35,25
1719464381271,716.35,25
1719464381271,716.35,25
1719464381271,716.35,25
1719464381271,716.35,25
1719464381271,716.35,25
1719464381271,716.35,25
1719464381271,716.35,25
1719464402014,709.95,25
1719464402014,709.95,25
1719464402014,709.95,25
1719464402014,709.95,25
1719464402014,709.95,25
1719464402014,709.95,25
1719464402014,709.95,25
1719464402014,709.95,25
1719464402014,709.95,25
1719464402014,709.95,25
1719464402014,709.95,25
1719464402014,709.95,25
1719464402014,709.95,25
1719464402014,709.95,25
1719464402014,709.95,25
1719464402014,709.95,25
1719464402014,709.95,25
1719464402014,709.95,25
1719464402014,709.95,25
1719464402014,709.95,25
1719464402014,709.95,25
1719464402014,709.95,25
1719464402014,709.95,25
1719464402014,709.95,25
1719464402014,709.95,25
1719464402014,709.95,25
1719464402014,709.95,25
1719464402014,709.95,25
1719464402014,709.95,25
1719464445143,714.7,25
1719464445143,714.7,25
1719464445143,714.7,25
1719464445143,714.7,25
1719464445143,714.7,25
1719464445143,714.7,25
1719464445143,714.7,25
1719464445143,714.7,25
1719464455906,714.35,25
1719464455906,714.35,25
1719464455906,714.35,25
1719464459464,713.0,25
1719464459464,713.0,25
1719464459464,713.0,25
1719464461280,711.8,25
1719464461280,711.8,25
1719464461280,711.8,25
1719464461280,711.8,25
1719464461280,711.8,25
1719464461280,711.8,25
1719464461280,711.8,25
1719464461280,711.8,25
1719464461280,711.8,25
1719464461280,711.8,25
1719464461280,711.8,25
1719464461280,711.8,25
1719464461280,711.8,25
1719464461280,711.8,25
1719464461280,711.8,25
1719464461280,711.8,25
1719464485342,710.85,25
1719464485342,710.85,25
1719464485342,710.85,25
1719464485342,710.85,25
1719464485342,710.85,25
1719464485342,710.85,25
1719464485342,710.85,25
1719464485342,710.85,25
1719464485342,710.85,25
1719464485342,710.85,25
1719464485342,710.85,25
1719464485342,710.85,25
1719464485342,710.85,25
1719464485342,710.85,25
1719464485342,710.85,25
1719464485342,710.85,25
1719464485342,710.85,25
1719464485342,710.85,25
1719464485342,710.85,25
1719464485342,710.85,25
1719464485342,710.85,25
1719464485342,710.85,25
1719464485342,710.85,25
1719464485342,710.85,25
1719464485342,710.85,25
1719464485342,710.85,25
1719464485342,710.85,25
1719464523917,706.0,100
1719464523917,706.0,100
1719464524866,705.65,25
1719464524866,705.65,25
1719464524866,705.65,25
1719464524866,705.65,25
1719464524866,705.65,25
1719464524866,705.65,25
1719464524866,705.65,25
1719464524866,705.65,25
1719464524866,705.65,25
1719464538511,704.75,25
1719464538772,704.2,25
1719464538772,704.2,25
1719464540934,704.4,25
1719464541080,704.4,25
1719464541080,704.4,25
1719464541080,704.4,25
1719464544616,703.8,25
1719464544616,703.8,25
1719464544616,703.8,25
1719464544616,703.8,25
1719464544616,703.8,25
1719464544616,703.8,25
1719464544616,703.8,25
1719464544616,703.8,25
1719464544616,703.8,25
1719464556686,702.85,25
1719464557004,702.2,25
1719464557004,702.2,25
1719464557004,702.2,25
1719464559110,702.4,25
1719464559110,702.4,25
1719464561856,702.5,25
1719464561856,702.5,25
1719464561856,702.5,25
1719464561856,702.5,25
1719464561856,702.5,25
1719464561856,702.5,25
1719464570486,700.7,25
1719464570486,700.7,25
1719464570486,700.7,25
1719464570486,700.7,25
1719464570486,700.7,25
1719464570486,700.7,25
1719464570486,700.7,25
1719464570486,700.7,25
1719464570486,700.7,25
1719464570486,700.7,25
1719464570486,700.7,25
1719464570486,700.7,25
1719464587652,700.8,25
1719464587652,700.8,25
1719464587652,700.8,25
1719464587652,700.8,25
1719464587652,700.8,25
1719464587652,700.8,25
1719464587652,700.8,25
1719464587652,700.8,25
1719464587652,700.8,25
1719464601256,688.85,150
1719464601256,688.85,150
1719464601256,688.85,150
1719464601256,688.85,150
1719464601256,688.85,150
1719464601256,688.85,150
1719464601256,688.85,150
1719464601256,688.85,150
1719464601256,688.85,150
1719464601256,688.85,150
1719464601256,688.85,150
1719464612344,661.05,100
1719464612344,661.05,100
1719464612959,652.35,75
1719464612959,652.35,75
1719464613335,644.65,25
1719464613335,644.65,25
1719464613335,644.65,25
1719464614290,644.35,25
1719464614290,644.35,25
1719464616400,652.45,50
1719464616400,652.45,50
1719464620917,659.3,50
1719464620917,659.3,50
1719464622651,661.95,25
1719464622651,661.95,25
1719464622651,661.95,25
1719464622651,661.95,25
1719464622651,661.95,25
1719464628493,667.3,25
1719464629688,670.4,25
1719464629688,670.4,25
1719464629688,670.4,25
1719464631608,669.75,25
1719464631608,669.75,25
1719464631608,669.75,25
1719464635025,663.25,50
1719464636107,660.5,200
1719464636541,658.4,25
1719464637823,658.4,25
1719464637823,658.4,25
1719464638330,658.05,25
1719464639210,659.45,25
1719464639717,661.45,25
1719464639717,661.45,25
1719464639717,661.45,25
1719464639717,661.45,25
1719464642712,661.7,25
1719464643224,662.15,25
1719464644000,662.9,25
1719464644413,662.4,25
1719464644413,662.4,25
1719464646390,663.35,25
1719464646390,663.35,25
1719464648446,669.5,25
1719464649230,667.8,25
1719464649230,667.8,25
1719464649230,667.8,25
1719464649230,667.8,25
1719464649230,667.8,25
1719464649230,667.8,25
1719464649230,667.8,25
1719464660022,667.2,25
1719464660399,668.9,25
1719464660518,669.4,25
1719464661316,666.8,25
1719464662156,665.75,25
1719464662156,665.75,25
1719464662156,665.75,25
1719464665010,661.6,25
1719464665348,661.6,25
1719464665348,661.6,25
1719464666817,663.75,25
1719464666817,663.75,25
1719464666817,663.75,25
1719464669724,663.45,25
1719464669724,663.45,25
1719464669724,663.45,25
1719464670631,664.5,25
1719464671381,666.35,25
1719464672249,666.8,25
1719464672434,666.9,25
1719464673260,666.8,25
1719464673843,666.8,25
1719464673959,667.25,25
1719464675444,667.65,25
1719464675562,667.95,25
1719464676198,667.45,50
1719464677017,667.55,25
1719464677017,667.55,25
1719464678264,667.35,25
1719464678264,667.35,25
1719464678264,667.35,25
1719464678264,667.35,25
1719464678264,667.35,25
1719464684239,667.05,25
1719464684500,666.7,25
1719464684500,666.7,25
1719464686363,666.4,25
1719464687300,666.05,25
1719464687443,665.2,25
1719464687761,664.35,50
1719464688770,665.2,25
1719464689146,665.2,25
1719464689985,665.1,25
1719464689985,665.1,25
1719464689985,665.1,25
1719464692358,663.45,25
1719464693277,662.4,25
1719464693277,662.4,25
1719464695408,659.3,25
1719464695408,659.3,25
1719464696632,657.4,25
1719464697232,657.8,25
1719464697232,657.8,25
1719464698412,657.7,25
1719464698412,657.7,25
1719464698412,657.7,25
1719464698412,657.7,25
1719464698412,657.7,25
1719464698412,657.7,25
1719464704858,649.2,25
1719464704858,649.2,25
1719464705812,651.7,25
1719464706373,652.5,25
1719464707254,653.15,25
1719464707469,651.75,25
1719464708651,653.15,25
1719464708922,652.95,25
1719464709372,653.05,25
1719464709372,653.05,25
1719464710671,655.45,25
1719464710671,655.45,25
1719464710671,655.45,25
1719464714354,657.85,25
1719464714354,657.85,25
1719464714354,657.85,25
1719464714354,657.85,25
1719464714354,657.85,25
1719464714354,657.85,25
1719464723008,655.5,75
1719464723008,655.5,75
1719464725088,656.25,25
1719464725088,656.25,25
1719464725088,656.25,25
1719464725088,656.25,25
1719464725088,656.25,25
1719464725088,656.25,25
1719464725088,656.25,25
1719464725088,656.25,25
1719464725088,656.25,25
1719464725088,656.25,25
1719464738100,656.25,25
1719464738100,656.25,25
1719464738100,656.25,25
1719464738100,656.25,25
1719464738100,656.25,25
1719464745598,657.2,25
1719464745598,657.2,25
1719464745598,657.2,25
1719464745598,657.2,25
1719464745598,657.2,25
1719464752603,662.85,25
1719464752603,662.85,25
1719464752603,662.85,25
1719464755801,664.05,25
1719464756223,665.0,100
1719464756223,665.0,100
1719464756223,665.0,100
1719464756223,665.0,100
1719464756223,665.0,100
1719464756223,665.0,100
1719464763108,663.5,25
1719464763108,663.5,25
1719464764660,662.25,25
1719464764660,662.25,25
1719464764660,662.25,25
1719464764660,662.25,25
1719464764660,662.25,25
1719464764660,662.25,25
1719464764660,662.25,25
1719464764660,662.25,25
1719464764660,662.25,25
1719464764660,662.25,25
1719464764660,662.25,25
1719464764660,662.25,25
1719464764660,662.25,25
1719464764660,662.25,25
1719464787080,667.9,75
1719464787080,667.9,75
1719464787080,667.9,75
1719464787080,667.9,75
1719464787080,667.9,75
1719464792041,663.6,25
1719464792041,663.6,25
1719464792041,663.6,25
1719464792041,663.6,25
1719464792041,663.6,25
1719464792041,663.6,25
1719464792041,663.6,25
1719464792041,663.6,25
1719464792041,663.6,25
1719464792041,663.6,25
1719464806159,666.35,50
1719464806159,666.35,50
1719464806159,666.35,50
1719464806159,666.35,50
1719464806159,666.35,50
1719464806159,666.35,50
1719464806159,666.35,50
1719464806159,666.35,50
1719464806159,666.35,50
1719464806159,666.35,50
1719464806159,666.35,50
1719464822190,666.05,25
1719464822639,665.3,25
1719464822639,665.3,25
1719464825533,663.0,25
1719464825533,663.0,25
1719464825533,663.0,25
1719464825533,663.0,25
1719464829564,667.65,25
1719464829564,667.65,25
1719464831034,671.05,25
1719464831034,671.05,25
1719464831034,671.05,25
1719464831034,671.05,25
1719464831034,671.05,25
1719464831034,671.05,25
1719464831034,671.05,25
1719464831034,671.05,25
1719464843419,673.9,450
1719464843419,673.9,450
1719464843419,673.9,450
1719464843419,673.9,450
1719464843419,673.9,450
1719464843419,673.9,450
1719464843419,673.9,450
1719464843419,673.9,450
1719464854121,673.9,50
1719464854121,673.9,50
1719464854121,673.9,50
1719464854121,673.9,50
1719464857456,674.4,25
1719464857456,674.4,25
1719464859332,674.65,25
1719464859332,674.65,25
1719464859332,674.65,25
1719464859332,674.65,25
1719464859332,674.65,25
1719464859332,674.65,25
1719464859332,674.65,25
1719464859332,674.65,25
1719464859332,674.65,25
1719464872731,674.65,25
1719464872731,674.65,25
1719464872731,674.65,25
1719464876464,676.25,50
1719464876464,676.25,50
1719464876464,676.25,50
1719464876464,676.25,50
1719464876464,676.25,50
1719464876464,676.25,50
1719464876464,676.25,50
1719464876464,676.25,50
1719464876464,676.25,50
1719464876464,676.25,50
1719464876464,676.25,50
1719464876464,676.25,50
1719464876464,676.25,50
1719464876464,676.25,50
1719464876464,676.25,50
1719464876464,676.25,50
1719464876464,676.25,50
1719464876464,676.25,50
1719464876464,676.25,50
1719464876464,676.25,50
1719464876464,676.25,50
1719464876464,676.25,50
1719464876464,676.25,50
1719464876464,676.25,50
1719464876464,676.25,50
1719464876464,676.25,50
1719464876464,676.25,50
1719464917864,671.9,25
1719464917864,671.9,25
1719464917864,671.9,25
1719464917864,671.9,25
1719464917864,671.9,25
1719464917864,671.9,25
1719464917864,671.9,25
1719464928708,673.55,50
1719464928708,673.55,50
1719464928708,673.55,50
1719464928708,673.55,50
1719464928708,673.55,50
1719464928708,673.55,50
1719464928708,673.55,50
1719464928708,673.55,50
1719464939828,673.45,25
1719464939828,673.45,25
1719464939828,673.45,25
1719464942258,674.6,50
1719464942258,674.6,50
1719464942258,674.6,50
1719464942258,674.6,50
1719464942258,674.6,50
1719464942258,674.6,50
1719464942258,674.6,50
1719464942258,674.6,50
1719464952572,668.35,50
1719464952572,668.35,50
1719464952572,668.35,50
1719464952572,668.35,50
1719464952572,668.35,50
1719464952572,668.35,50
1719464952572,668.35,50
1719464952572,668.35,50
1719464952572,668.35,50
1719464952572,668.35,50
1719464952572,668.35,50
1719464952572,668.35,50
1719464952572,668.35,50
1719464952572,668.35,50
1719464952572,668.35,50
1719464952572,668.35,50
1719464952572,668.35,50
1719464952572,668.35,50
1719464952572,668.35,50
1719464952572,668.35,50
1719464952572,668.35,50
1719464952572,668.35,50
1719464952572,668.35,50
1719464952572,668.35,50
1719464952572,668.35,50
1719464952572,668.35,50
1719464952572,668.35,50
1719464952572,668.35,50
1719464952572,668.35,50
1719464952572,668.35,50
1719464952572,668.35,50
1719464952572,668.35,50
1719464952572,668.35,50
1719465004634,670.0,50
1719465004634,670.0,50
1719465004634,670.0,50
1719465004634,670.0,50
1719465009111,670.05,25
1719465009111,670.05,25
1719465009111,670.05,25
1719465009111,670.05,25
1719465009111,670.05,25
1719465009111,670.05,25
1719465009111,670.05,25
1719465009111,670.05,25
1719465009111,670.05,25
1719465009111,670.05,25
1719465009111,670.05,25
1719465009111,670.05,25
1719465009111,670.05,25
1719465009111,670.05,25
1719465009111,670.05,25
1719465009111,670.05,25
1719465009111,670.05,25
1719465009111,670.05,25
1719465009111,670.05,25
1719465009111,670.05,25
1719465009111,670.05,25
1719465009111,670.05,25
1719465009111,670.05,25
1719465009111,670.05,25
1719465009111,670.05,25
1719465049868,670.05,200
1719465049868,670.05,200
1719465049868,670.05,200
1719465049868,670.05,200
1719465049868,670.05,200
1719465049868,670.05,200
1719465049868,670.05,200
1719465049868,670.05,200
1719465049868,670.05,200
1719465049868,670.05,200
1719465049868,670.05,200
1719465049868,670.05,200
1719465049868,670.05,200
1719465049868,670.05,200
1719465049868,670.05,200
1719465049868,670.05,200
1719465049868,670.05,200
1719465049868,670.05,200
1719465049868,670.05,200
1719465049868,670.05,200
1719465049868,670.05,200
1719465049868,670.05,200
1719465049868,670.05,200
1719465049868,670.05,200
1719465049868,670.05,200
1719465049868,670.05,200
1719465049868,670.05,200
1719465049868,670.05,200
1719465049868,670.05,200
1719465095969,664.15,150
1719465095969,664.15,150
1719465095969,664.15,150
1719465095969,664.15,150
1719465095969,664.15,150
1719465103725,657.7,75
1719465103725,657.7,75
1719465103725,657.7,75
1719465103725,657.7,75
1719465103725,657.7,75
1719465103725,657.7,75
1719465112482,658.0,100
1719465112482,658.0,100
1719465112482,658.0,100
1719465112482,658.0,100
1719465112482,658.0,100
1719465112482,658.0,100
1719465112482,658.0,100
1719465112482,658.0,100
1719465112482,658.0,100
1719465112482,658.0,100
1719465112482,658.0,100
1719465112482,658.0,100
1719465112482,658.0,100
1719465112482,658.0,100
1719465112482,658.0,100
1719465132711,657.6,100
1719465132711,657.6,100
1719465134375,657.95,25
1719465134701,658.35,25
1719465134701,658.35,25
1719465134701,658.35,25
1719465134701,658.35,25
1719465134701,658.35,25
1719465134701,658.35,25
1719465143923,654.6,50
1719465143923,654.6,50
1719465143923,654.6,50
1719465143923,654.6,50
1719465143923,654.6,50
1719465143923,654.6,50
1719465143923,654.6,50
1719465143923,654.6,50
1719465153092,661.7,50
1719465153092,661.7,50
1719465153092,661.7,50
1719465153092,661.7,50
1719465153092,661.7,50
1719465153092,661.7,50
1719465161698,662.0,125
1719465161698,662.0,125
1719465161698,662.0,125
1719465161698,662.0,125
1719465161698,662.0,125
1719465161698,662.0,125
1719465161698,662.0,125
1719465161698,662.0,125
1719465161698,662.0,125
1719465161698,662.0,125
1719465161698,662.0,125
1719465161698,662.0,125
1719465161698,662.0,125
1719465161698,662.0,125
1719465161698,662.0,125
1719465161698,662.0,125
1719465161698,662.0,125
1719465161698,662.0,125
1719465161698,662.0,125
1719465161698,662.0,125
1719465161698,662.0,125
1719465161698,662.0,125
1719465161698,662.0,125
1719465161698,662.0,125
1719465161698,662.0,125
1719465161698,662.0,125
1719465161698,662.0,125
1719465203165,650.5,50
1719465203165,650.5,50
1719465203165,650.5,50
1719465203165,650.5,50
1719465203165,650.5,50
1719465203165,650.5,50
1719465203165,650.5,50
1719465213463,643.8,50
1719465213628,643.65,50
1719465213959,644.1,25
1719465213959,644.1,25
1719465213959,644.1,25
1719465216122,636.8,150
1719465216223,633.75,25
1719465216223,633.75,25
1719465217786,634.95,25
1719465219462,634.65,25
1719465220578,628.6,25
1719465220993,628.3,25
1719465221637,628.0,25
1719465221637,628.0,25
1719465221637,628.0,25
1719465225346,630.35,50
1719465225572,630.4,50
1719465226244,631.05,25
1719465226244,631.05,25
1719465228268,622.0,25
1719465228943,614.35,50
1719465228943,614.35,50
1719465228943,614.35,50
1719465230187,602.0,25
1719465230187,602.0,25
1719465230187,602.0,25
1719465230187,602.0,25
1719465230187,602.0,25
1719465230187,602.0,25
1719465230187,602.0,25
1719465230187,602.0,25
1719465241343,611.55,50
1719465242711,611.7,50
1719465242711,611.7,50
1719465242711,611.7,50
1719465242711,611.7,50
1719465247289,615.55,50
1719465247289,615.55,50
1719465247289,615.55,50
1719465247289,615.55,50
1719465247289,615.55,50
1719465247289,615.55,50
1719465255886,615.5,75
1719465255886,615.5,75
1719465255886,615.5,75
1719465255886,615.5,75
1719465255886,615.5,75
1719465255886,615.5,75
1719465255886,615.5,75
1719465255886,615.5,75
1719465255886,615.5,75
1719465255886,615.5,75
1719465255886,615.5,75
1719465255886,615.5,75
1719465255886,615.5,75
1719465255886,615.5,75
1719465255886,615.5,75
1719465255886,615.5,75
1719465255886,615.5,75
1719465280426,610.0,100
1719465280426,610.0,100
1719465280426,610.0,100
1719465280426,610.0,100
1719465280426,610.0,100
1719465280426,610.0,100
1719465280426,610.0,100
1719465280426,610.0,100
1719465280426,610.0,100
1719465280426,610.0,100
1719465280426,610.0,100
1719465280426,610.0,100
1719465280426,610.0,100
1719465280426,610.0,100
1719465280426,610.0,100
1719465280426,610.0,100
1719465280426,610.0,100
1719465305274,602.0,375
1719465305627,599.0,25
1719465305627,599.0,25
1719465308093,600.85,50
1719465308093,600.85,50
1719465310341,604.55,25
1719465310341,604.55,25
1719465310341,604.55,25
1719465310341,604.55,25
1719465310341,604.55,25
1719465310341,604.55,25
1719465317513,602.35,100
1719465317513,602.35,100
1719465317513,602.35,100
1719465317513,602.35,100
1719465317513,602.35,100
1719465325269,603.55,25
1719465325269,603.55,25
1719465325269,603.55,25
1719465325269,603.55,25
1719465329702,602.45,50
1719465329702,602.45,50
1719465329702,602.45,50
1719465331857,608.55,100
1719465331857,608.55,100
1719465332993,605.65,75
1719465332993,605.65,75
1719465334659,606.7,25
1719465334659,606.7,25
1719465334659,606.7,25
1719465334659,606.7,25
1719465339299,600.3,150
1719465339299,600.3,150
1719465340245,598.5,50
1719465340245,598.5,50
1719465340245,598.5,50
1719465340245,598.5,50
1719465345251,608.05,50
1719465345251,608.05,50
1719465345251,608.05,50
1719465345251,608.05,50
1719465345251,608.05,50
1719465345251,608.05,50
1719465345251,608.05,50
1719465345251,608.05,50
1719465345251,608.05,50
1719465345251,608.05,50
1719465345251,608.05,50
1719465345251,608.05,50
1719465345251,608.05,50
1719465345251,608.05,50
1719465345251,608.05,50
1719465345251,608.05,50
1719465367208,608.05,50
1719465367208,608.05,50
1719465370301,607.6,50
1719465370677,606.2,75
1719465370677,606.2,75
1719465371600,608.05,200
1719465371600,608.05,200
1719465371600,608.05,200
1719465371600,608.05,200
1719465371600,608.05,200
1719465378739,607.9,125
1719465378739,607.9,125
1719465378739,607.9,125
1719465378739,607.9,125
1719465378739,607.9,125
1719465378739,607.9,125
1719465378739,607.9,125
1719465378739,607.9,125
1719465378739,607.9,125
1719465378739,607.9,125
1719465378739,607.9,125
1719465378739,607.9,125
1719465378739,607.9,125
1719465378739,607.9,125
1719465378739,607.9,125
1719465378739,607.9,125
1719465378739,607.9,125
1719465378739,607.9,125
1719465404950,610.0,25
1719465404950,610.0,25
1719465404950,610.0,25
1719465404950,610.0,25
1719465404950,610.0,25
1719465404950,610.0,25
1719465404950,610.0,25
1719465416190,608.05,25
1719465416190,608.05,25
1719465416190,608.05,25
1719465416190,608.05,25
1719465416190,608.05,25
1719465416190,608.05,25
1719465416190,608.05,25
1719465416190,608.05,25
1719465416190,608.05,25
1719465416190,608.05,25
1719465416190,608.05,25
1719465416190,608.05,25
1719465416190,608.05,25
1719465416190,608.05,25
1719465416190,608.05,25
1719465416190,608.05,25
1719465416190,608.05,25
1719465416190,608.05,25
1719465416190,608.05,25
1719465416190,608.05,25
1719465416190,608.05,25
1719465416190,608.05,25
1719465416190,608.05,25
1719465416190,608.05,25
1719465416190,608.05,25
1719465416190,608.05,25
1719465416190,608.05,25
1719465416190,608.05,25
1719465416190,608.05,25
1719465459184,604.6,25
1719465459184,604.6,25
1719465461079,600.5,50
1719465461079,600.5,50
1719465463013,601.5,50
1719465463013,601.5,50
1719465463013,601.5,50
1719465463013,601.5,50
1719465463013,601.5,50
1719465463013,601.5,50
1719465463013,601.5,50
1719465463013,601.5,50
1719465463013,601.5,50
1719465463013,601.5,50
1719465463013,601.5,50
1719465463013,601.5,50
1719465463013,601.5,50
1719465481000,606.05,75
1719465481000,606.05,75
1719465481000,606.05,75
1719465481000,606.05,75
1719465481000,606.05,75
1719465481000,606.05,75
1719465481000,606.05,75
1719465481000,606.05,75
1719465481000,606.05,75
1719465481000,606.05,75
1719465481000,606.05,75
1719465481000,606.05,75
1719465481000,606.05,75
1719465481000,606.05,75
1719465481000,606.05,75
1719465481000,606.05,75
1719465481000,606.05,75
1719465481000,606.05,75
1719465481000,606.05,75
1719465481000,606.05,75
1719465481000,606.05,75
1719465481000,606.05,75
1719465481000,606.05,75
1719465481000,606.05,75
1719465481000,606.05,75
1719465481000,606.05,75
1719465522889,606.55,50
1719465522889,606.55,50
1719465522889,606.55,50
1719465522889,606.55,50
1719465527542,607.65,50
1719465527542,607.65,50
1719465527542,607.65,50
1719465527542,607.65,50
1719465527542,607.65,50
1719465527542,607.65,50
1719465527542,607.65,50
1719465527542,607.65,50
1719465527542,607.65,50
1719465527542,607.65,50
1719465527542,607.65,50
1719465527542,607.65,50
1719465527542,607.65,50
1719465527542,607.65,50
1719465527542,607.65,50
1719465527542,607.65,50
1719465527542,607.65,50
1719465527542,607.65,50
1719465527542,607.65,50
1719465527542,607.65,50
1719465527542,607.65,50
1719465527542,607.65,50
1719465527542,607.65,50
1719465527542,607.65,50
1719465563616,606.4,50
1719465563616,606.4,50
1719465563616,606.4,50
1719465563616,606.4,50
1719465563616,606.4,50
1719465563616,606.4,50
1719465563616,606.4,50
1719465563616,606.4,50
1719465563616,606.4,50
1719465563616,606.4,50
1719465563616,606.4,50
1719465563616,606.4,50
1719465563616,606.4,50
1719465563616,606.4,50
1719465563616,606.4,50
1719465563616,606.4,50
1719465563616,606.4,50
1719465563616,606.4,50
1719465563616,606.4,50
1719465563616,606.4,50
1719465563616,606.4,50
1719465563616,606.4,50
1719465563616,606.4,50
1719465598419,620.25,100
1719465598419,620.25,100
1719465599851,621.2,50
1719465600265,618.85,50
1719465600265,618.85,50
1719465604463,618.0,25
1719465604463,618.0,25
1719465604463,618.0,25
1719465604463,618.0,25
1719465604463,618.0,25
1719465612318,621.15,25
1719465612318,621.15,25
1719465612318,621.15,25
1719465612318,621.15,25
1719465612318,621.15,25
1719465612318,621.15,25
1719465612318,621.15,25
1719465612318,621.15,25
1719465612318,621.15,25
1719465612318,621.15,25
1719465626338,625.0,25
1719465626338,625.0,25
1719465629611,633.2,50
1719465629611,633.2,50
1719465629611,633.2,50
1719465629611,633.2,50
1719465629611,633.2,50
1719465629611,633.2,50
1719465629611,633.2,50
1719465629611,633.2,50
1719465629611,633.2,50
1719465629611,633.2,50
1719465629611,633.2,50
1719465629611,633.2,50
1719465629611,633.2,50
1719465629611,633.2,50
1719465629611,633.2,50
1719465629611,633.2,50
1719465629611,633.2,50
1719465655783,628.85,50
1719465655783,628.85,50
1719465657556,631.05,25
1719465657556,631.05,25
1719465657556,631.05,25
1719465657556,631.05,25
1719465657556,631.05,25
1719465662125,630.6,25
1719465662125,630.6,25
1719465662125,630.6,25
1719465662125,630.6,25
1719465662125,630.6,25
1719465662125,630.6,25
1719465662125,630.6,25
1719465662125,630.6,25
1719465662125,630.6,25
1719465662125,630.6,25
1719465662125,630.6,25
1719465662125,630.6,25
1719465662125,630.6,25
1719465662125,630.6,25
1719465662125,630.6,25
1719465662125,630.6,25
1719465686823,641.9,50
1719465686823,641.9,50
1719465686823,641.9,50
1719465686823,641.9,50
1719465686823,641.9,50
1719465686823,641.9,50
1719465693585,636.3,25
1719465693585,636.3,25
1719465693585,636.3,25
1719465697599,636.4,25
1719465697599,636.4,25
1719465699253,635.0,25
1719465699253,635.0,25
1719465699253,635.0,25
1719465699253,635.0,25
1719465699253,635.0,25
1719465699253,635.0,25
1719465699253,635.0,25
1719465699253,635.0,25
1719465699253,635.0,25
1719465699253,635.0,25
1719465699253,635.0,25
1719465699253,635.0,25
1719465699253,635.0,25
1719465699253,635.0,25
1719465699253,635.0,25
1719465699253,635.0,25
1719465699253,635.0,25
1719465699253,635.0,25
1719465699253,635.0,25
1719465699253,635.0,25
1719465699253,635.0,25
1719465699253,635.0,25
1719465731178,629.9,75
1719465731178,629.9,75
1719465731178,629.9,75
1719465731178,629.9,75
1719465731178,629.9,75
1719465731178,629.9,75
1719465731178,629.9,75
1719465731178,629.9,75
1719465731178,629.9,75
1719465731178,629.9,75
1719465731178,629.9,75
1719465731178,629.9,75
1719465731178,629.9,75
1719465731178,629.9,75
1719465731178,629.9,75
1719465731178,629.9,75
1719465731178,629.9,75
1719465731178,629.9,75
1719465731178,629.9,75
1719465731178,629.9,75
1719465731178,629.9,75
1719465731178,629.9,75
1719465731178,629.9,75
1719465731178,629.9,75
1719465731178,629.9,75
1719465731178,629.9,75
1719465731178,629.9,75
1719465731178,629.9,75
1719465731178,629.9,75
1719465731178,629.9,75
1719465731178,629.9,75
1719465731178,629.9,75
1719465731178,629.9,75
1719465731178,629.9,75
1719465731178,629.9,75
1719465731178,629.9,75
1719465731178,629.9,75
1719465731178,629.9,75
1719465731178,629.9,75
1719465731178,629.9,75
1719465731178,629.9,75
1719465731178,629.9,75
1719465731178,629.9,75
1719465731178,629.9,75
1719465731178,629.9,75
1719465731178,629.9,75
1719465731178,629.9,75
1719465731178,629.9,75
1719465731178,629.9,75
1719465731178,629.9,75
1719465731178,629.9,75
1719465731178,629.9,75
1719465731178,629.9,75
1719465731178,629.9,75
1719465731178,629.9,75
1719465731178,629.9,75
1719465731178,629.9,75
1719465731178,629.9,75
1719465731178,629.9,75
1719465731178,629.9,75
1719465731178,629.9,75
1719465731178,629.9,75
1719465731178,629.9,75
1719465731178,629.9,75
1719465731178,629.9,75
1719465731178,629.9,75
1719465731178,629.9,75
1719465731178,629.9,75
1719465731178,629.9,75
1719465731178,629.9,75
1719465731178,629.9,75
1719465731178,629.9,75
1719465846285,622.0,25
1719465846285,622.0,25
1719465846285,622.0,25
1719465846285,622.0,25
1719465846285,622.0,25
1719465846285,622.0,25
1719465846285,622.0,25
1719465846285,622.0,25
1719465846285,622.0,25
1719465846285,622.0,25
1719465846285,622.0,25
1719465846285,622.0,25
1719465846285,622.0,25
1719465846285,622.0,25
1719465846285,622.0,25
1719465846285,622.0,25
1719465846285,622.0,25
1719465846285,622.0,25
1719465846285,622.0,25
1719465846285,622.0,25
1719465846285,622.0,25
1719465846285,622.0,25
1719465846285,622.0,25
1719465846285,622.0,25
1719465846285,622.0,25
1719465846285,622.0,25
1719465846285,622.0,25
1719465846285,622.0,25
1719465846285,622.0,25
1719465846285,622.0,25
1719465846285,622.0,25
1719465846285,622.0,25
1719465846285,622.0,25
1719465846285,622.0,25
1719465898648,609.4,50
1719465898648,609.4,50
1719465898648,609.4,50
1719465898648,609.4,50
1719465898648,609.4,50
1719465898648,609.4,50
1719465898648,609.4,50
1719465898648,609.4,50
1719465898648,609.4,50
1719465898648,609.4,50
1719465898648,609.4,50
1719465898648,609.4,50
1719465898648,609.4,50
1719465898648,609.4,50
1719465898648,609.4,50
1719465898648,609.4,50
1719465898648,609.4,50
1719465898648,609.4,50
1719465898648,609.4,50
1719465898648,609.4,50
1719465898648,609.4,50
1719465898648,609.4,50
1719465898648,609.4,50
1719465898648,609.4,50
1719465898648,609.4,50
1719465898648,609.4,50
1719465898648,609.4,50
1719465898648,609.4,50
1719465898648,609.4,50
1719465898648,609.4,50
1719465898648,609.4,50
1719465898648,609.4,50
1719465898648,609.4,50
1719465898648,609.4,50
1719465898648,609.4,50
1719465898648,609.4,50
1719465898648,609.4,50
1719465898648,609.4,50
1719465898648,609.4,50
1719465898648,609.4,50
1719465962826,623.0,50
1719465962826,623.0,50
1719465963930,621.65,25
1719465963930,621.65,25
1719465963930,621.65,25
1719465963930,621.65,25
1719465963930,621.65,25
1719465963930,621.65,25
1719465963930,621.65,25
1719465963930,621.65,25
1719465963930,621.65,25
1719465963930,621.65,25
1719465963930,621.65,25
1719465963930,621.65,25
1719465963930,621.65,25
1719465963930,621.65,25
1719465963930,621.65,25
1719465963930,621.65,25
1719465963930,621.65,25
1719465963930,621.65,25
1719465963930,621.65,25
1719465963930,621.65,25
1719465963930,621.65,25
1719465963930,621.65,25
1719465963930,621.65,25
1719465963930,621.65,25
1719465963930,621.65,25
1719465963930,621.65,25
1719465963930,621.65,25
1719465963930,621.65,25
1719465963930,621.65,25
1719465963930,621.65,25
1719465963930,621.65,25
1719465963930,621.65,25
1719465963930,621.65,25
1719465963930,621.65,25
1719465963930,621.65,25
1719465963930,621.65,25
1719465963930,621.65,25
1719465963930,621.65,25
1719466023848,628.85,25
1719466023848,628.85,25
1719466023848,628.85,25
1719466023848,628.85,25
1719466023848,628.85,25
1719466023848,628.85,25
1719466023848,628.85,25
1719466023848,628.85,25
1719466023848,628.85,25
1719466023848,628.85,25
1719466023848,628.85,25
1719466040803,632.85,25
1719466040803,632.85,25
1719466040803,632.85,25
1719466040803,632.85,25
1719466040803,632.85,25
1719466040803,632.85,25
1719466040803,632.85,25
1719466040803,632.85,25
1719466040803,632.85,25
1719466040803,632.85,25
1719466040803,632.85,25
1719466040803,632.85,25
1719466040803,632.85,25
1719466040803,632.85,25
1719466040803,632.85,25
1719466229134,647.95,25
1719466229134,647.95,25
1719466229134,647.95,25
1719466232531,649.8,25
1719466232730,649.35,50
1719466232730,649.35,50
1719466232730,649.35,50
1719466232730,649.35,50
1719466232730,649.35,50
1719466232730,649.35,50
1719466232730,649.35,50
1719466232730,649.35,50
1719466232730,649.35,50
1719466232730,649.35,50
1719466232730,649.35,50
1719466232730,649.35,50
1719466232730,649.35,50
1719466232730,649.35,50
1719466232730,649.35,50
1719466232730,649.35,50
1719466232730,649.35,50
1719466232730,649.35,50
1719466232730,649.35,50
1719466232730,649.35,50
1719466232730,649.35,50
1719466232730,649.35,50
1719466232730,649.35,50
1719466232730,649.35,50
1719466271356,648.95,25
1719466271356,648.95,25
1719466271356,648.95,25
1719466271356,648.95,25
1719466271356,648.95,25
1719466278933,652.0,125
1719466278933,652.0,125
1719466278933,652.0,125
1719466278933,652.0,125
1719466278933,652.0,125
1719466278933,652.0,125
1719466278933,652.0,125
1719466278933,652.0,125
1719466278933,652.0,125
1719466278933,652.0,125
1719466278933,652.0,125
1719466278933,652.0,125
1719466278933,652.0,125
1719466278933,652.0,125
1719466278933,652.0,125
1719466278933,652.0,125
1719466278933,652.0,125
1719466278933,652.0,125
1719466278933,652.0,125
1719466307467,649.95,25
1719466308235,649.05,50
1719466308436,648.6,75
1719466308436,648.6,75
1719466308436,648.6,75
1719466308436,648.6,75
1719466308436,648.6,75
1719466316445,646.55,25
1719466316445,646.55,25
1719466316445,646.55,25
1719466316445,646.55,25
1719466316445,646.55,25
1719466316445,646.55,25
1719466316445,646.55,25
1719466316445,646.55,25
1719466316445,646.55,25
1719466316445,646.55,25
1719466316445,646.55,25
1719466316445,646.55,25
1719466316445,646.55,25
1719466316445,646.55,25
1719466316445,646.55,25
1719466316445,646.55,25
1719466316445,646.55,25
1719466316445,646.55,25
1719466316445,646.55,25
1719466316445,646.55,25
1719466316445,646.55,25
1719466348188,646.7,25
1719466348188,646.7,25
1719466348188,646.7,25
1719466348188,646.7,25
1719466348188,646.7,25
1719466348188,646.7,25
1719466348188,646.7,25
1719466348188,646.7,25
1719466348188,646.7,25
1719466348188,646.7,25
1719466348188,646.7,25
1719466348188,646.7,25
1719466348188,646.7,25
1719466367874,645.95,25
1719466367874,645.95,25
1719466367874,645.95,25
1719466370435,645.1,125
1719466370435,645.1,125
1719466370435,645.1,125
1719466370435,645.1,125
1719466370435,645.1,125
1719466370435,645.1,125
1719466370435,645.1,125
1719466370435,645.1,125
1719466370435,645.1,125
1719466370435,645.1,125
1719466370435,645.1,125
1719466370435,645.1,125
1719466370435,645.1,125
1719466370435,645.1,125
1719466370435,645.1,125
1719466370435,645.1,125
1719466370435,645.1,125
1719466370435,645.1,125
1719466370435,645.1,125
1719466370435,645.1,125
1719466370435,645.1,125
1719466370435,645.1,125
1719466370435,645.1,125
1719466370435,645.1,125
1719466370435,645.1,125
1719466370435,645.1,125
1719466370435,645.1,125
1719466370435,645.1,125
1719466370435,645.1,125
1719466370435,645.1,125
1719466370435,645.1,125
1719466370435,645.1,125
1719466370435,645.1,125
1719466370435,645.1,125
1719466370435,645.1,125
1719466370435,645.1,125
1719466370435,645.1,125
1719466370435,645.1,125
1719466370435,645.1,125
1719466370435,645.1,125
1719466370435,645.1,125
1719466370435,645.1,125
1719466370435,645.1,125
1719466370435,645.1,125
1719466370435,645.1,125
1719466370435,645.1,125
1719466370435,645.1,125
1719466370435,645.1,125
1719466370435,645.1,125
1719466370435,645.1,125
1719466451964,636.85,25
1719466451964,636.85,25
1719466452193,636.9,25
1719466452811,636.9,50
1719466452811,636.9,50
1719466452811,636.9,50
1719466452811,636.9,50
1719466452811,636.9,50
1719466452811,636.9,50
1719466452811,636.9,50
1719466452811,636.9,50
1719466452811,636.9,50
1719466452811,636.9,50
1719466452811,636.9,50
1719466452811,636.9,50
1719466452811,636.9,50
1719466452811,636.9,50
1719466452811,636.9,50
1719466452811,636.9,50
1719466452811,636.9,50
1719466452811,636.9,50
1719466479277,638.05,25
1719466479277,638.05,25
1719466479277,638.05,25
1719466479277,638.05,25
1719466479277,638.05,25
1719466479277,638.05,25
1719466479277,638.05,25
1719466479277,638.05,25
1719466479277,638.05,25
1719466479277,638.05,25
1719466479277,638.05,25
1719466479277,638.05,25
1719466479277,638.05,25
1719466479277,638.05,25
1719466479277,638.05,25
1719466479277,638.05,25
1719466479277,638.05,25
1719466479277,638.05,25
1719466479277,638.05,25
1719466479277,638.05,25
1719466509167,641.0,25
1719466509167,641.0,25
1719466510771,641.1,25
1719466510771,641.1,25
1719466510771,641.1,25
1719466510771,641.1,25
1719466510771,641.1,25
1719466510771,641.1,25
1719466510771,641.1,25
1719466510771,641.1,25
1719466521537,641.05,25
1719466521537,641.05,25
1719466521537,641.05,25
1719466521537,641.05,25
1719466521537,641.05,25
1719466521537,641.05,25
1719466521537,641.05,25
1719466521537,641.05,25
1719466521537,641.05,25
1719466521537,641.05,25
1719466521537,641.05,25
1719466521537,641.05,25
1719466521537,641.05,25
1719466521537,641.05,25
1719466521537,641.05,25
1719466521537,641.05,25
1719466521537,641.05,25
1719466521537,641.05,25
1719466521537,641.05,25
1719466521537,641.05,25
1719466521537,641.05,25
1719466521537,641.05,25
1719466521537,641.05,25
1719466521537,641.05,25
1719466521537,641.05,25
1719466521537,641.05,25
1719466521537,641.05,25
1719466521537,641.05,25
1719466521537,641.05,25
1719466521537,641.05,25
1719466521537,641.05,25
1719466521537,641.05,25
1719466521537,641.05,25
1719466521537,641.05,25
1719466521537,641.05,25
1719466575930,646.05,25
1719466576242,646.5,25
1719466576242,646.5,25
1719466576242,646.5,25
1719466576242,646.5,25
1719466576242,646.5,25
1719466576242,646.5,25
1719466576242,646.5,25
1719466576242,646.5,25
1719466576242,646.5,25
1719466576242,646.5,25
1719466576242,646.5,25
1719466576242,646.5,25
1719466576242,646.5,25
1719466576242,646.5,25
1719466576242,646.5,25
1719466576242,646.5,25
1719466576242,646.5,25
1719466576242,646.5,25
1719466576242,646.5,25
1719466576242,646.5,25
1719466576242,646.5,25
1719466576242,646.5,25
1719466576242,646.5,25
1719466576242,646.5,25
1719466576242,646.5,25
1719466576242,646.5,25
1719466576242,646.5,25
1719466576242,646.5,25
1719466576242,646.5,25
1719466576242,646.5,25
1719466576242,646.5,25
1719466576242,646.5,25
1719466576242,646.5,25
1719466576242,646.5,25
1719466576242,646.5,25
1719466576242,646.5,25
1719466576242,646.5,25
1719466576242,646.5,25
1719466576242,646.5,25
1719466576242,646.5,25
1719466576242,646.5,25
1719466576242,646.5,25
1719466576242,646.5,25
1719466576242,646.5,25
1719466576242,646.5,25
1719466576242,646.5,25
1719466576242,646.5,25
1719466576242,646.5,25
1719466576242,646.5,25
1719466576242,646.5,25
1719466651954,642.7,25
1719466651954,642.7,25
1719466651954,642.7,25
1719466651954,642.7,25
1719466651954,642.7,25
1719466651954,642.7,25
1719466651954,642.7,25
1719466651954,642.7,25
1719466651954,642.7,25
1719466651954,642.7,25
1719466651954,642.7,25
1719466651954,642.7,25
1719466651954,642.7,25
1719466651954,642.7,25
1719466651954,642.7,25
1719466651954,642.7,25
1719466651954,642.7,25
1719466651954,642.7,25
1719466651954,642.7,25
1719466651954,642.7,25
1719466679351,645.7,50
1719466679351,645.7,50
1719466679351,645.7,50
1719466679351,645.7,50
1719466679351,645.7,50
1719466679351,645.7,50
1719466679351,645.7,50
1719466679351,645.7,50
1719466679351,645.7,50
1719466679351,645.7,50
1719466679351,645.7,50
1719466679351,645.7,50
1719466679351,645.7,50
1719466679351,645.7,50
1719466679351,645.7,50
1719466679351,645.7,50
1719466679351,645.7,50
1719466679351,645.7,50
1719466679351,645.7,50
1719466679351,645.7,50
1719466679351,645.7,50
1719466679351,645.7,50
1719466679351,645.7,50
1719466679351,645.7,50
1719466679351,645.7,50
1719466679351,645.7,50
1719466679351,645.7,50
1719466679351,645.7,50
1719466679351,645.7,50
1719466679351,645.7,50
1719466679351,645.7,50
1719466679351,645.7,50
1719466679351,645.7,50
1719466679351,645.7,50
1719466679351,645.7,50
1719466679351,645.7,50
1719466679351,645.7,50
1719466679351,645.7,50
1719466679351,645.7,50
1719466679351,645.7,50
1719466679351,645.7,50
1719466679351,645.7,50
1719466679351,645.7,50
1719466679351,645.7,50
1719466679351,645.7,50
1719466746199,645.6,75
1719466746199,645.6,75
1719466746199,645.6,75
1719466746199,645.6,75
1719466746199,645.6,75
1719466746199,645.6,75
1719466746199,645.6,75
1719466746199,645.6,75
1719466746199,645.6,75
1719466746199,645.6,75
1719466746199,645.6,75
1719466746199,645.6,75
1719466746199,645.6,75
1719466746199,645.6,75
1719466746199,645.6,75
1719466746199,645.6,75
1719466746199,645.6,75
1719466746199,645.6,75
1719466770929,645.55,50
1719466770929,645.55,50
1719466770929,645.55,50
1719466770929,645.55,50
1719466770929,645.55,50
1719466770929,645.55,50
1719466770929,645.55,50
1719466770929,645.55,50
1719466770929,645.55,50
1719466770929,645.55,50
1719466770929,645.55,50
1719466770929,645.55,50
1719466770929,645.55,50
1719466770929,645.55,50
1719466770929,645.55,50
1719466770929,645.55,50
1719466770929,645.55,50
1719466770929,645.55,50
1719466770929,645.55,50
1719466770929,645.55,50
1719466770929,645.55,50
1719466770929,645.55,50
1719466770929,645.55,50
1719466770929,645.55,50
1719466770929,645.55,50
1719466770929,645.55,50
1719466770929,645.55,50
1719466770929,645.55,50
1719466770929,645.55,50
1719466770929,645.55,50
1719466770929,645.55,50
1719466770929,645.55,50
1719466770929,645.55,50
1719466770929,645.55,50
1719466770929,645.55,50
1719466770929,645.55,50
1719466770929,645.55,50
1719466770929,645.55,50
1719466770929,645.55,50
1719466770929,645.55,50
1719466770929,645.55,50
1719466770929,645.55,50
1719466770929,645.55,50
1719466770929,645.55,50
1719466770929,645.55,50
1719466770929,645.55,50
1719466770929,645.55,50
1719466770929,645.55,50
1719466770929,645.55,50
1719466770929,645.55,50
1719466770929,645.55,50
1719466770929,645.55,50
1719466770929,645.55,50
1719466770929,645.55,50
1719466770929,645.55,50
1719466770929,645.55,50
1719466855667,652.0,25
1719466855667,652.0,25
1719466856253,649.0,75
1719466856253,649.0,75
1719466858467,653.35,25
1719466858467,653.35,25
1719466858467,653.35,25
1719466858467,653.35,25
1719466858467,653.35,25
1719466858467,653.35,25
1719466858467,653.35,25
1719466858467,653.35,25
1719466858467,653.35,25
1719466858467,653.35,25
1719466871611,655.0,25
1719466871611,655.0,25
1719466873572,655.15,25
1719466873572,655.15,25
1719466873572,655.15,25
1719466873572,655.15,25
1719466873572,655.15,25
1719466873572,655.15,25
1719466873572,655.15,25
1719466873572,655.15,25
1719466873572,655.15,25
1719466873572,655.15,25
1719466873572,655.15,25
1719466873572,655.15,25
1719466873572,655.15,25
1719466873572,655.15,25
1719466873572,655.15,25
1719466873572,655.15,25
1719466873572,655.15,25
1719466873572,655.15,25
1719466873572,655.15,25
1719466873572,655.15,25
1719466873572,655.15,25
1719466873572,655.15,25
1719466873572,655.15,25
1719466873572,655.15,25
1719466873572,655.15,25
1719466873572,655.15,25
1719466873572,655.15,25
1719466873572,655.15,25
1719466873572,655.15,25
1719466873572,655.15,25
1719466873572,655.15,25
1719466873572,655.15,25
1719466873572,655.15,25
1719466873572,655.15,25
1719466873572,655.15,25
1719466873572,655.15,25
1719466873572,655.15,25
1719466873572,655.15,25
1719466873572,655.15,25
1719466873572,655.15,25
1719466873572,655.15,25
1719466873572,655.15,25
1719466873572,655.15,25
1719466873572,655.15,25
1719466873572,655.15,25
1719466873572,655.15,25
1719466873572,655.15,25
1719466873572,655.15,25
1719466873572,655.15,25
1719466873572,655.15,25
1719466873572,655.15,25
1719466873572,655.15,25
1719466873572,655.15,25
1719466873572,655.15,25
1719466873572,655.15,25
1719466873572,655.15,25
1719466873572,655.15,25
1719466873572,655.15,25
1719466873572,655.15,25
1719466873572,655.15,25
1719466873572,655.15,25
1719466873572,655.15,25
1719466873572,655.15,25
1719466873572,655.15,25
1719466873572,655.15,25
1719466873572,655.15,25
1719466873572,655.15,25
1719466873572,655.15,25
1719466873572,655.15,25
1719466873572,655.15,25
1719466873572,655.15,25
1719466873572,655.15,25
1719466873572,655.15,25
1719466873572,655.15,25
1719466873572,655.15,25
1719466873572,655.15,25
1719466873572,655.15,25
1719466873572,655.15,25
1719466873572,655.15,25
1719466873572,655.15,25
1719466873572,655.15,25
1719466873572,655.15,25
1719466873572,655.15,25
1719466873572,655.15,25
1719466873572,655.15,25
1719466873572,655.15,25
1719466873572,655.15,25
1719466873572,655.15,25
1719466873572,655.15,25
1719466873572,655.15,25
1719467014867,668.8,25
1719467014867,668.8,25
1719467016714,668.0,25
1719467016714,668.0,25
1719467016714,668.0,25
1719467016714,668.0,25
1719467016714,668.0,25
1719467016714,668.0,25
1719467016714,668.0,25
1719467016714,668.0,25
1719467016714,668.0,25
1719467016714,668.0,25
1719467031253,675.0,25
1719467031253,675.0,25
1719467031253,675.0,25
1719467031253,675.0,25
1719467031253,675.0,25
1719467031253,675.0,25
1719467031253,675.0,25
1719467031253,675.0,25
1719467031253,675.0,25
1719467031253,675.0,25
1719467031253,675.0,25
1719467031253,675.0,25
1719467031253,675.0,25
1719467031253,675.0,25
1719467031253,675.0,25
1719467031253,675.0,25
1719467031253,675.0,25
1719467031253,675.0,25
1719467031253,675.0,25
1719467031253,675.0,25
1719467031253,675.0,25
1719467031253,675.0,25
1719467031253,675.0,25
1719467031253,675.0,25
1719467031253,675.0,25
1719467031253,675.0,25
1719467031253,675.0,25
1719467031253,675.0,25
1719467031253,675.0,25
1719467073813,670.4,25
1719467073813,670.4,25
1719467073813,670.4,25
1719467073813,670.4,25
1719467073813,670.4,25
1719467073813,670.4,25
1719467073813,670.4,25
1719467073813,670.4,25
1719467073813,670.4,25
1719467073813,670.4,25
1719467073813,670.4,25
1719467073813,670.4,25
1719467073813,670.4,25
1719467073813,670.4,25
1719467073813,670.4,25
1719467073813,670.4,25
1719467073813,670.4,25
1719467073813,670.4,25
1719467073813,670.4,25
1719467073813,670.4,25
1719467073813,670.4,25
1719467073813,670.4,25
1719467073813,670.4,25
1719467073813,670.4,25
1719467073813,670.4,25
1719467073813,670.4,25
1719467073813,670.4,25
1719467073813,670.4,25
1719467073813,670.4,25
1719467073813,670.4,25
1719467073813,670.4,25
1719467073813,670.4,25
1719467073813,670.4,25
1719467073813,670.4,25
1719467073813,670.4,25
1719467073813,670.4,25
1719467073813,670.4,25
1719467073813,670.4,25
1719467073813,670.4,25
1719467073813,670.4,25
1719467073813,670.4,25
1719467073813,670.4,25
1719467073813,670.4,25
1719467136098,666.6,25
1719467136098,666.6,25
1719467136098,666.6,25
1719467136098,666.6,25
1719467136098,666.6,25
1719467136098,666.6,25
1719467136098,666.6,25
1719467136098,666.6,25
1719467136098,666.6,25
1719467136098,666.6,25
1719467136098,666.6,25
1719467136098,666.6,25
1719467136098,666.6,25
1719467136098,666.6,25
1719467136098,666.6,25
1719467136098,666.6,25
1719467136098,666.6,25
1719467136098,666.6,25
1719467136098,666.6,25
1719467136098,666.6,25
1719467136098,666.6,25
1719467136098,666.6,25
1719467136098,666.6,25
1719467136098,666.6,25
1719467136098,666.6,25
1719467136098,666.6,25
1719467136098,666.6,25
1719467136098,666.6,25
1719467136098,666.6,25
1719467136098,666.6,25
1719467136098,666.6,25
1719467136098,666.6,25
1719467136098,666.6,25
1719467136098,666.6,25
1719467136098,666.6,25
1719467136098,666.6,25
1719467136098,666.6,25
1719467136098,666.6,25
1719467136098,666.6,25
1719467136098,666.6,25
1719467136098,666.6,25
1719467136098,666.6,25
1719467136098,666.6,25
1719467136098,666.6,25
1719467136098,666.6,25
1719467136098,666.6,25
1719467136098,666.6,25
1719467136098,666.6,25
1719467136098,666.6,25
1719467136098,666.6,25
1719467136098,666.6,25
1719467136098,666.6,25
1719467136098,666.6,25
1719467136098,666.6,25
1719467136098,666.6,25
1719467136098,666.6,25
1719467136098,666.6,25
1719467136098,666.6,25
1719467136098,666.6,25
1719467136098,666.6,25
1719467136098,666.6,25
1719467136098,666.6,25
1719467136098,666.6,25
1719467136098,666.6,25
1719467136098,666.6,25
1719467136098,666.6,25
1719467136098,666.6,25
1719467136098,666.6,25
1719467136098,666.6,25
1719467136098,666.6,25
1719467136098,666.6,25
1719467136098,666.6,25
1719467136098,666.6,25
1719467136098,666.6,25
1719467136098,666.6,25
1719467136098,666.6,25
1719467136098,666.6,25
1719467136098,666.6,25
1719467136098,666.6,25
1719467136098,666.6,25
1719467136098,666.6,25
1719467136098,666.6,25
1719467136098,666.6,25
1719467136098,666.6,25
1719467136098,666.6,25
1719467136098,666.6,25
1719467136098,666.6,25
1719467136098,666.6,25
1719467136098,666.6,25
1719467136098,666.6,25
1719467136098,666.6,25
1719467136098,666.6,25
1719467136098,666.6,25
1719467136098,666.6,25
1719467136098,666.6,25
1719467136098,666.6,25
1719467136098,666.6,25
1719467136098,666.6,25
1719467136098,666.6,25
1719467136098,666.6,25
1719467136098,666.6,25
1719467136098,666.6,25
1719467136098,666.6,25
1719467136098,666.6,25
1719467136098,666.6,25
1719467136098,666.6,25
1719467136098,666.6,25
1719467136098,666.6,25
1719467136098,666.6,25
1719467136098,666.6,25
1719467136098,666.6,25
1719467136098,666.6,25
1719467136098,666.6,25
1719467136098,666.6,25
1719467312636,666.6,25
1719467312636,666.6,25
1719467312636,666.6,25
1719467312636,666.6,25
1719467312636,666.6,25
1719467312636,666.6,25
1719467312636,666.6,25
1719467312636,666.6,25
1719467312636,666.6,25
1719467312636,666.6,25
1719467312636,666.6,25
1719467312636,666.6,25
1719467312636,666.6,25
1719467312636,666.6,25
1719467312636,666.6,25
1719467312636,666.6,25
1719467312636,666.6,25
1719467312636,666.6,25
1719467312636,666.6,25
1719467312636,666.6,25
1719467312636,666.6,25
1719467312636,666.6,25
1719467312636,666.6,25
1719467312636,666.6,25
1719467312636,666.6,25
1719467312636,666.6,25
1719467312636,666.6,25
1719467312636,666.6,25
1719467312636,666.6,25
1719467312636,666.6,25
1719467312636,666.6,25
1719467312636,666.6,25
1719467312636,666.6,25
1719467312636,666.6,25
1719467312636,666.6,25
1719467312636,666.6,25
1719467312636,666.6,25
1719467312636,666.6,25
1719467312636,666.6,25
1719467312636,666.6,25
1719467312636,666.6,25
1719467312636,666.6,25
1719467312636,666.6,25
1719467312636,666.6,25
1719467312636,666.6,25
1719467312636,666.6,25
1719467312636,666.6,25
1719467312636,666.6,25
1719467312636,666.6,25
1719467390686,645.0,25
1719467390686,645.0,25
1719467390686,645.0,25
1719467390686,645.0,25
1719467390686,645.0,25
1719467390686,645.0,25
1719467390686,645.0,25
1719467390686,645.0,25
1719467390686,645.0,25
1719467390686,645.0,25
1719467390686,645.0,25
1719467390686,645.0,25
1719467390686,645.0,25
1719467390686,645.0,25
1719467390686,645.0,25
1719467390686,645.0,25
1719467390686,645.0,25
1719467390686,645.0,25
1719467390686,645.0,25
1719467390686,645.0,25
1719467390686,645.0,25
1719467390686,645.0,25
1719467390686,645.0,25
1719467390686,645.0,25
1719467390686,645.0,25
1719467390686,645.0,25
1719467428776,653.0,25
1719467428776,653.0,25
1719467428776,653.0,25
1719467428776,653.0,25
1719467428776,653.0,25
1719467428776,653.0,25
1719467428776,653.0,25
1719467428776,653.0,25
1719467428776,653.0,25
1719467428776,653.0,25
1719467428776,653.0,25
1719467428776,653.0,25
1719467428776,653.0,25
1719467428776,653.0,25
1719467428776,653.0,25
1719467428776,653.0,25
1719467428776,653.0,25
1719467428776,653.0,25
1719467428776,653.0,25
1719467428776,653.0,25
1719467428776,653.0,25
1719467428776,653.0,25
1719467428776,653.0,25
1719467428776,653.0,25
1719467428776,653.0,25
1719467428776,653.0,25
1719467428776,653.0,25
1719467428776,653.0,25
1719467428776,653.0,25
1719467428776,653.0,25
1719467428776,653.0,25
1719467428776,653.0,25
1719467428776,653.0,25
1719467428776,653.0,25
1719467428776,653.0,25
1719467428776,653.0,25
1719467428776,653.0,25
1719467428776,653.0,25
1719467428776,653.0,25
1719467428776,653.0,25
1719467428776,653.0,25
1719467428776,653.0,25
1719467428776,653.0,25
1719467428776,653.0,25
1719467428776,653.0,25
1719467428776,653.0,25
1719467496996,650.5,100
1719467496996,650.5,100
1719467496996,650.5,100
1719467496996,650.5,100
1719467496996,650.5,100
1719467496996,650.5,100
1719467496996,650.5,100
1719467496996,650.5,100
1719467496996,650.5,100
1719467496996,650.5,100
1719467496996,650.5,100
1719467496996,650.5,100
1719467496996,650.5,100
1719467496996,650.5,100
1719467496996,650.5,100
1719467496996,650.5,100
1719467496996,650.5,100
1719467496996,650.5,100
1719467496996,650.5,100
1719467681038,671.6,50
1719467681038,671.6,50
1719467681038,671.6,50
1719467681038,671.6,50
1719467681038,671.6,50
1719467681038,671.6,50
1719467681038,671.6,50
1719467681038,671.6,50
1719467681038,671.6,50
1719467681038,671.6,50
1719467681038,671.6,50
1719467681038,671.6,50
1719467681038,671.6,50
1719467681038,671.6,50
1719467681038,671.6,50
1719467681038,671.6,50
1719467681038,671.6,50
1719467681038,671.6,50
1719467681038,671.6,50
1719467681038,671.6,50
1719467681038,671.6,50
1719467681038,671.6,50
1719467681038,671.6,50
1719467681038,671.6,50
1719467681038,671.6,50
1719467681038,671.6,50
1719467681038,671.6,50
1719467681038,671.6,50
1719467681038,671.6,50
1719467681038,671.6,50
1719467681038,671.6,50
1719467681038,671.6,50
1719467681038,671.6,50
1719467681038,671.6,50
1719467681038,671.6,50
1719468014110,670.0,250
1719468093182,676.4,25
1719468093182,676.4,25
1719468093182,676.4,25
1719468093182,676.4,25
1719468093182,676.4,25
1719468093182,676.4,25
1719468093182,676.4,25
1719468093182,676.4,25
1719468093182,676.4,25
1719468093182,676.4,25
1719468093182,676.4,25
1719468093182,676.4,25
1719468093182,676.4,25
1719468093182,676.4,25
1719468093182,676.4,25
1719468093182,676.4,25
1719468093182,676.4,25
1719468093182,676.4,25
1719468093182,676.4,25
1719468093182,676.4,25
1719468093182,676.4,25
1719468093182,676.4,25
1719468093182,676.4,25
1719468093182,676.4,25
1719468093182,676.4,25
1719468093182,676.4,25
1719468093182,676.4,25
1719468093182,676.4,25
1719468093182,676.4,25
1719468093182,676.4,25
1719468093182,676.4,25
1719468093182,676.4,25
1719468093182,676.4,25
1719468093182,676.4,25
1719468093182,676.4,25
1719468093182,676.4,25
1719468093182,676.4,25
1719468093182,676.4,25
1719468093182,676.4,25
1719468093182,676.4,25
1719468093182,676.4,25
1719468093182,676.4,25
1719468093182,676.4,25
1719468093182,676.4,25
1719468093182,676.4,25
1719468093182,676.4,25
1719468093182,676.4,25
1719468093182,676.4,25
1719468093182,676.4,25
1719468093182,676.4,25
1719468093182,676.4,25
1719468093182,676.4,25
1719468093182,676.4,25
1719468093182,676.4,25
1719468093182,676.4,25
1719468093182,676.4,25
1719468093182,676.4,25
1719468093182,676.4,25
1719468093182,676.4,25
1719468093182,676.4,25
1719468093182,676.4,25
1719468093182,676.4,25
1719468093182,676.4,25
1719468093182,676.4,25
1719468093182,676.4,25
1719468093182,676.4,25
1719468093182,676.4,25
1719468093182,676.4,25
1719468093182,676.4,25
1719468093182,676.4,25
1719468093182,676.4,25
1719468093182,676.4,25
1719468093182,676.4,25
1719468093182,676.4,25
1719468093182,676.4,25
1719468093182,676.4,25
1719468093182,676.4,25
1719468093182,676.4,25
1719468093182,676.4,25
1719468093182,676.4,25
1719468093182,676.4,25
1719468093182,676.4,25
1719468093182,676.4,25
1719468093182,676.4,25
1719468093182,676.4,25
1719468093182,676.4,25
1719468093182,676.4,25
1719468093182,676.4,25
1719468093182,676.4,25
1719468093182,676.4,25
1719468093182,676.4,25
1719468093182,676.4,25
1719468093182,676.4,25
1719468093182,676.4,25
1719468093182,676.4,25
1719468093182,676.4,25
1719468093182,676.4,25
1719468093182,676.4,25
1719468093182,676.4,25
1719468093182,676.4,25
1719468093182,676.4,25
1719468093182,676.4,25
1719468093182,676.4,25
1719468093182,676.4,25
1719468093182,676.4,25
1719468093182,676.4,25
1719468093182,676.4,25
1719468093182,676.4,25
1719468093182,676.4,25
1719468093182,676.4,25
1719468093182,676.4,25
1719468093182,676.4,25
1719468093182,676.4,25
1719468276101,670.0,25
1719468276101,670.0,25
1719468276101,670.0,25
1719468276101,670.0,25
1719468276101,670.0,25
1719468276101,670.0,25
1719468276101,670.0,25
1719468276101,670.0,25
1719468276101,670.0,25
1719468276101,670.0,25
1719468276101,670.0,25
1719468276101,670.0,25
1719468276101,670.0,25
1719468276101,670.0,25
1719468276101,670.0,25
1719468276101,670.0,25
1719468276101,670.0,25
1719468276101,670.0,25
1719468276101,670.0,25
1719468276101,670.0,25
1719468276101,670.0,25
1719468276101,670.0,25
1719468276101,670.0,25
1719468276101,670.0,25
1719468276101,670.0,25
1719468276101,670.0,25
1719468276101,670.0,25
1719468276101,670.0,25
1719468276101,670.0,25
1719468276101,670.0,25
1719468276101,670.0,25
1719468276101,670.0,25
1719468276101,670.0,25
1719468276101,670.0,25
1719468276101,670.0,25
1719468276101,670.0,25
1719468276101,670.0,25
1719468276101,670.0,25
1719468276101,670.0,25
1719468276101,670.0,25
1719468276101,670.0,25
1719468276101,670.0,25
1719468341908,665.9,175
1719468341939,665.9,125
1719468341939,665.9,125
1719468341939,665.9,125
1719468341939,665.9,125
1719468341939,665.9,125
1719468341939,665.9,125
1719468341939,665.9,125
1719468341939,665.9,125
1719468341939,665.9,125
1719468341939,665.9,125
1719468341939,665.9,125
1719468341939,665.9,125
1719468341939,665.9,125
1719468341939,665.9,125
1719468341939,665.9,125
1719468341939,665.9,125
1719468341939,665.9,125
1719468341939,665.9,125
1719468341939,665.9,125
1719468341939,665.9,125
1719468372088,674.5,275
1719468372088,674.5,275
1719468373401,674.5,25
1719468373401,674.5,25
1719468373401,674.5,25
1719468373401,674.5,25
1719468373401,674.5,25
1719468373401,674.5,25
1719468373401,674.5,25
1719468373401,674.5,25
1719468373401,674.5,25
1719468373401,674.5,25
1719468373401,674.5,25
1719468373401,674.5,25
1719468373401,674.5,25
1719468373401,674.5,25
1719468373401,674.5,25
1719468373401,674.5,25
1719468373401,674.5,25
1719468373401,674.5,25
1719468373401,674.5,25
1719468373401,674.5,25
1719468373401,674.5,25
1719468373401,674.5,25
1719468373401,674.5,25
1719468373401,674.5,25
1719468373401,674.5,25
1719468373401,674.5,25
1719468373401,674.5,25
1719468373401,674.5,25
1719468373401,674.5,25
1719468373401,674.5,25
1719468373401,674.5,25
1719468373401,674.5,25
1719468373401,674.5,25
1719468373401,674.5,25
1719468373401,674.5,25
1719468373401,674.5,25
1719468373401,674.5,25
1719468373401,674.5,25
1719468373401,674.5,25
1719468373401,674.5,25
1719468373401,674.5,25
1719468682838,675.2,25
1719468682838,675.2,25
1719468682838,675.2,25
1719468682838,675.2,25
1719468682838,675.2,25
1719469671014,695.0,25
1719469671014,695.0,25
1719469671014,695.0,25
1719469671014,695.0,25
1719469671014,695.0,25
1719469671014,695.0,25
1719469671014,695.0,25
1719469671014,695.0,25
1719469671014,695.0,25
1719469671014,695.0,25
1719469671014,695.0,25
1719469671014,695.0,25
1719469671014,695.0,25
1719469671014,695.0,25
1719469671014,695.0,25
1719469671014,695.0,25
1719469884102,703.5,50
1719469884102,703.5,50
1719469884102,703.5,50
1719469884102,703.5,50
1719469884102,703.5,50
1719469884102,703.5,50
1719469884102,703.5,50
1719469884102,703.5,50
1719469884102,703.5,50
1719469969056,703.95,25
1719469969056,703.95,25
1719469969056,703.95,25
1719469969056,703.95,25
1719469969056,703.95,25
1719469969056,703.95,25
1719469969056,703.95,25
1719469969056,703.95,25
1719469969056,703.95,25
1719469969056,703.95,25
1719469969056,703.95,25
1719469969056,703.95,25
1719469969056,703.95,25
1719469969056,703.95,25
1719469969056,703.95,25
1719469969056,703.95,25
1719469969056,703.95,25
1719469969056,703.95,25
1719469969056,703.95,25
1719469969056,703.95,25
1719469969056,703.95,25
1719469969056,703.95,25
1719469969056,703.95,25
1719469969056,703.95,25
1719469969056,703.95,25
1719469969056,703.95,25
1719469969056,703.95,25
1719469969056,703.95,25
1719469969056,703.95,25
1719469969056,703.95,25
1719470012292,700.8,50
1719470012292,700.8,50
1719470012292,700.8,50
1719470012292,700.8,50
1719470012292,700.8,50
1719470012292,700.8,50
1719470012292,700.8,50
1719470012292,700.8,50
1719470012292,700.8,50
1719470012292,700.8,50
1719470012292,700.8,50
1719470012292,700.8,50
1719470012292,700.8,50
1719470012292,700.8,50
1719470012292,700.8,50
1719470012292,700.8,50
1719470012292,700.8,50
1719470012292,700.8,50
1719470012292,700.8,50
1719470012292,700.8,50
1719470012292,700.8,50
1719470012292,700.8,50
1719470012292,700.8,50
1719470012292,700.8,50
1719470012292,700.8,50
1719470012292,700.8,50
1719470012292,700.8,50
1719470012292,700.8,50
1719470054122,707.95,25
1719470054122,707.95,25
1719470054122,707.95,25
1719470054122,707.95,25
1719470054122,707.95,25
1719470054122,707.95,25
1719470054122,707.95,25
1719470054122,707.95,25
1719470054122,707.95,25
1719470054122,707.95,25
1719470054122,707.95,25
1719470054122,707.95,25
1719470054122,707.95,25
1719470054122,707.95,25
1719470054122,707.95,25
1719470054122,707.95,25
1719470054122,707.95,25
1719470077692,703.9,25
1719470077692,703.9,25
1719470077692,703.9,25
1719470077692,703.9,25
1719470077692,703.9,25
1719470077692,703.9,25
1719470077692,703.9,25
1719470087052,702.75,25
1719470087052,702.75,25
1719470087052,702.75,25
1719470087052,702.75,25
1719470087052,702.75,25
1719470087052,702.75,25
1719470346397,695.9,75
1719470346397,695.9,75
1719470346397,695.9,75
1719470346397,695.9,75
1719470346397,695.9,75
1719470346397,695.9,75
1719470346397,695.9,75
1719470346397,695.9,75
1719470346397,695.9,75
1719470429735,693.45,25
1719470429735,693.45,25
1719470429735,693.45,25
1719470429735,693.45,25
1719470432330,695.3,25
1719470432330,695.3,25
1719470432330,695.3,25
1719470436635,694.9,25
1719470436635,694.9,25
1719470436635,694.9,25
1719470436635,694.9,25
1719470436635,694.9,25
1719470436635,694.9,25
1719470436635,694.9,25
1719470446996,698.45,25
1719470447525,698.5,25
1719470447675,698.4,25
1719470447675,698.4,25
1719470447675,698.4,25
1719470447675,698.4,25
1719470447675,698.4,25
1719470447675,698.4,25
1719470447675,698.4,25
1719470447675,698.4,25
1719470447675,698.4,25
1719470447675,698.4,25
1719470447675,698.4,25
1719470447675,698.4,25
1719470447675,698.4,25
1719470447675,698.4,25
1719470447675,698.4,25
1719470447675,698.4,25
1719470447675,698.4,25
1719470447675,698.4,25
1719470447675,698.4,25
1719470447675,698.4,25
1719470447675,698.4,25
1719470478319,702.0,25
1719470478319,702.0,25
1719470478319,702.0,25
1719470478319,702.0,25
1719470482898,702.2,25
1719470482898,702.2,25
1719470482898,702.2,25
1719470482898,702.2,25
1719470482898,702.2,25
1719470482898,702.2,25
1719470482898,702.2,25
1719470482898,702.2,25
1719470482898,702.2,25
1719470493180,702.35,25
1719470494373,702.35,25
1719470494373,702.35,25
1719470494373,702.35,25
1719470494373,702.35,25
1719470494373,702.35,25
1719470494373,702.35,25
1719470494373,702.35,25
1719470494373,702.35,25
1719470494373,702.35,25
1719470494373,702.35,25
1719470494373,702.35,25
1719470494373,702.35,25
1719470510745,704.9,450
1719470511272,704.9,150
1719470511272,704.9,150
1719470511272,704.9,150
1719470617588,727.6,25
1719470763553,735.9,25
1719470763553,735.9,25
1719470763553,735.9,25
1719470763553,735.9,25
1719470763553,735.9,25
1719470763553,735.9,25
1719470763553,735.9,25
1719470763553,735.9,25
1719470763553,735.9,25
1719470763553,735.9,25
1719470763553,735.9,25
1719470763553,735.9,25
1719470763553,735.9,25
1719470763553,735.9,25
1719470763553,735.9,25
1719470763553,735.9,25
1719470763553,735.9,25
1719470763553,735.9,25
1719470763553,735.9,25
1719470763553,735.9,25
1719470763553,735.9,25
1719470763553,735.9,25
1719470763553,735.9,25
1719470763553,735.9,25
1719470763553,735.9,25
1719470763553,735.9,25
1719470763553,735.9,25
1719470763553,735.9,25
1719470763553,735.9,25
1719470763553,735.9,25
1719470763553,735.9,25
1719470763553,735.9,25
1719470763553,735.9,25
1719470763553,735.9,25
1719470763553,735.9,25
1719470763553,735.9,25
1719470763553,735.9,25
1719470763553,735.9,25
1719470763553,735.9,25
1719470763553,735.9,25
1719470763553,735.9,25
1719470763553,735.9,25
1719470763553,735.9,25
1719470871931,735.55,25
1719470871931,735.55,25
1719470871931,735.55,25
1719470871931,735.55,25
1719470871931,735.55,25
1719470871931,735.55,25
1719470871931,735.55,25
