time,price,volume
1719461504475,5.25,75
1719461504475,5.25,75
1719461505499,5.2,400
1719461505828,5.2,300
1719461506447,5.25,25
1719461506811,5.25,25
1719461507443,5.3,1625
1719461507819,5.2,25
1719461508553,5.2,75
1719461509065,5.2,950
1719461509492,5.25,50
1719461509729,5.2,750
1719461510520,5.25,75
1719461511507,5.2,75
1719461512518,5.15,25
1719461512723,5.25,150
1719461513463,5.2,25
1719461513804,5.2,125
1719461514527,5.1,25
1719461514848,5.2,250
1719461515530,5.1,25
1719461516109,5.1,25
1719461516349,5.0,25
1719461516741,4.9,125
1719461517377,5.1,75
1719461517859,5.15,375
1719461518525,5.15,25
1719461518888,5.25,75
1719461519409,5.2,25
1719461519855,5.15,25
1719461520030,5.2,75
1719461520661,5.2,150
1719461520916,5.2,75
1719461521536,5.2,125
1719461521906,5.2,200
1719461522538,5.25,75
1719461523409,5.2,25
1719461523731,5.2,25
1719461524558,5.3,75
1719461524796,5.2,125
1719461525503,5.2,250
1719461525877,5.3,25
1719461526663,5.3,100
1719461527121,5.35,50
1719461527318,5.35,50
1719461527559,5.45,125
1719461528535,5.45,225
1719461529506,5.5,50
1719461529686,5.45,25
1719461530541,5.45,25
1719461530608,5.45,25
1719461531354,5.5,25
1719461531354,5.5,25
1719461532485,5.45,425
1719461532735,5.45,25
1719461533504,5.45,200
1719461534493,5.4,50
1719461534493,5.4,50
1719461535483,5.45,25
1719461535905,5.4,100
1719461536518,5.4,25
1719461536518,5.4,25
1719461537300,5.45,100
1719461537758,5.45,50
1719461538518,5.45,25
1719461538931,5.4,25
1719461539316,5.45,150
1719461539316,5.45,150
1719461540518,5.55,25
1719461541549,5.55,50
1719461541749,5.6,250
1719461542495,5.6,25
1719461542725,5.55,250
1719461543577,5.65,50
1719461543657,5.65,50
1719461544507,5.65,50
1719461544733,5.65,25
1719461545547,5.65,150
1719461545974,5.75,200
1719461546446,5.75,50
1719461547455,5.65,500
1719461548523,5.65,200
1719461549561,5.65,75
1719461550063,5.65,150
1719461550555,5.7,200
1719461551561,5.65,25
1719461551615,5.7,25
1719461552561,5.65,75
1719461552938,5.7,25
1719461553421,5.7,50
1719461553768,5.7,275
1719461554562,5.65,75
1719461555034,5.65,50
1719461555340,5.65,75
1719461555512,5.6,25
1719461556278,5.65,125
1719461556565,5.65,25
1719461557558,5.65,25
1719461558599,5.6,750
1719461559506,5.55,25
1719461559774,5.6,25
1719461560496,5.6,125
1719461560771,5.55,25
1719461561525,5.6,525
1719461561525,5.6,525
1719461562531,5.6,25
1719461562741,5.6,1450
1719461563573,5.65,100
1719461563979,5.65,550
1719461564564,5.7,550
1719461565000,5.7,50
1719461565482,5.75,25
1719461566196,5.7,25
1719461566580,5.7,350
1719461567557,5.7,25
1719461568575,5.75,100
1719461569566,5.75,25
1719461569776,5.75,1000
1719461570565,5.75,200
1719461571000,5.65,25
1719461571649,5.65,200
1719461571839,5.65,75
1719461572364,5.65,150
1719461572364,5.65,150
1719461573487,5.7,25
1719461574541,5.65,25
1719461575592,5.65,100
1719461575592,5.65,100
1719461576610,5.6,25
1719461577605,5.6,25
1719461578019,5.6,25
1719461578583,5.6,25
1719461579003,5.65,25
1719461579306,5.6,125
1719461580037,5.6,500
1719461580524,5.55,25
1719461581016,5.65,150
1719461581569,5.65,25
1719461581669,5.65,150
1719461582631,5.6,75
1719461583586,5.65,1150
1719461584000,5.55,50
1719461584485,5.65,775
1719461585054,5.65,75
1719461585550,5.7,25
1719461586223,5.75,150
1719461586406,5.8,50
1719461586583,5.75,150
1719461587301,5.8,75
1719461587301,5.8,75
1719461588516,5.85,25
1719461588714,5.85,25
1719461589532,5.85,25
1719461590022,5.9,25
1719461590521,5.95,100
1719461590971,5.95,150
1719461591431,5.95,75
1719461591935,6.0,350
1719461592591,5.95,250
1719461592893,5.9,25
1719461593422,5.95,100
1719461593498,5.95,625
1719461594465,5.8,575
1719461595594,5.8,150
1719461595615,5.75,250
1719461596588,5.75,25
1719461596844,5.75,200
1719461597475,5.75,25
1719461597705,5.75,25
1719461598609,5.8,125
1719461599303,5.8,100
1719461599303,5.8,100
1719461600302,5.75,100
1719461601540,5.65,175
1719461602452,5.75,25
1719461602706,5.7,825
1719461603540,5.75,25
1719461603540,5.75,25
1719461604608,5.8,25
1719461605589,5.7,25
1719461605731,5.7,150
1719461606545,5.7,450
1719461606735,5.7,125
1719461607487,5.8,175
1719461607794,5.8,825
1719461608519,5.85,400
1719461609057,5.8,250
1719461609057,5.8,250
1719461609561,5.75,25
1719461609984,5.75,50
1719461610603,5.8,25
1719461611494,5.7,100
1719461611648,5.8,100
1719461612438,5.7,75
1719461612438,5.7,75
1719461613443,5.8,50
1719461613443,5.8,50
1719461614232,5.75,125
1719461615031,5.75,125
1719461615370,5.85,25
1719461615983,5.75,25
1719461616476,5.8,25
1719461617043,5.75,100
1719461617665,5.8,75
1719461618588,5.75,25
1719461618679,5.8,250
1719461619261,5.75,25
1719461619866,5.75,525
1719461620571,5.7,25
1719461621096,5.75,75
1719461621554,5.7,25
1719461621969,5.7,25
1719461622442,5.75,75
1719461623544,5.7,25
1719461623875,5.65,25
1719461624589,5.5,100
1719461625266,5.55,75
1719461625485,5.55,25
1719461625588,5.55,25
1719461626557,5.6,175
1719461627603,5.5,50
1719461627674,5.55,75
1719461628667,5.45,75
1719461629560,5.5,200
1719461629813,5.5,50
1719461630607,5.4,25
1719461631101,5.45,25
1719461631580,5.5,25
1719461632176,5.6,25
1719461632490,5.5,200
1719461632662,5.55,50
1719461633496,5.55,50
1719461634564,5.55,50
1719461634636,5.55,25
1719461635658,5.55,50
1719461636617,5.55,25
1719461636617,5.55,25
1719461637508,5.5,25
1719461637901,5.5,50
1719461638411,5.55,25
1719461638663,5.55,25
1719461639555,5.5,75
1719461639791,5.55,25
1719461640009,5.45,25
1719461640608,5.5,50
1719461641084,5.45,150
1719461641563,5.55,150
1719461642092,5.55,75
1719461642588,5.5,300
1719461642877,5.55,175
1719461643390,5.45,100
1719461643390,5.45,100
1719461644674,5.5,75
1719461645622,5.5,100
1719461645918,5.55,25
1719461646593,5.6,25
1719461646777,5.55,175
1719461647573,5.55,1175
1719461647843,5.6,25
1719461648612,5.55,75
1719461648983,5.55,50
1719461649507,5.65,75
1719461649550,5.6,75
1719461650594,5.6,200
1719461651604,5.55,25
1719461651701,5.5,125
1719461652598,5.55,125
1719461652922,5.45,1750
1719461653481,5.4,25
1719461653835,5.5,150
1719461654518,5.5,50
1719461654826,5.45,600
1719461655570,5.5,200
1719461655841,5.5,25
1719461656568,5.45,25
1719461656568,5.45,25
1719461657616,5.4,25
1719461657944,5.45,25
1719461658610,5.45,25
1719461659144,5.55,25
1719461659532,5.6,75
1719461659532,5.6,75
1719461660529,5.6,25
1719461660744,5.6,25
1719461661562,5.7,50
1719461661937,5.7,25
1719461662477,5.75,50
1719461662929,5.75,25
1719461663626,5.75,100
1719461664129,5.7,25
1719461664720,5.7,75
1719461665115,5.7,25
1719461665628,5.7,25
1719461666290,5.75,25
1719461666620,5.75,25
1719461667107,5.7,50
1719461667649,5.7,175
1719461668331,5.7,25
1719461668554,5.65,25
1719461668626,5.7,25
1719461669509,5.7,25
1719461669685,5.75,250
1719461670000,5.7,50
1719461670544,5.75,575
1719461670744,5.75,25
1719461671557,5.7,25
1719461671686,5.75,25
1719461672610,5.8,75
1719461672745,5.75,75
1719461673628,5.5,25
1719461673917,5.6,75
1719461674601,5.55,25
1719461674918,5.6,350
1719461675460,5.5,125
1719461675942,5.5,100
1719461676540,5.45,125
1719461677058,5.5,25
1719461677633,5.45,450
1719461678146,5.5,125
1719461678617,5.6,75
1719461679530,5.55,75
1719461680293,5.6,25
1719461680293,5.6,25
1719461681581,5.55,25
1719461681581,5.55,25
1719461682248,5.55,25
1719461682753,5.55,25
1719461683592,5.45,825
1719461683739,5.4,325
1719461684573,5.45,725
1719461685563,5.45,175
1719461685969,5.45,150
1719461686631,5.4,100
1719461686928,5.45,175
1719461687274,5.5,25
1719461688361,5.45,25
1719461688611,5.5,800
1719461689544,5.45,25
1719461689673,5.4,175
1719461690640,5.4,25
1719461690640,5.4,25
1719461691564,5.35,25
1719461692223,5.4,75
1719461692514,5.4,75
1719461693128,5.45,50
1719461693641,5.4,25
1719461694215,5.4,25
1719461694643,5.35,25
1719461695160,5.4,25
1719461695787,5.35,25
1719461696652,5.4,575
1719461696753,5.45,100
1719461697348,5.35,25
1719461698000,5.4,50
1719461698629,5.45,50
1719461699002,5.55,100
1719461699653,5.4,50
1719461700043,5.4,175
1719461700572,5.4,100
1719461701377,5.35,775
1719461701606,5.3,25
1719461701758,5.35,25
1719461702660,5.3,500
1719461702818,5.3,25
1719461703805,5.4,150
1719461703805,5.4,150
1719461704584,5.35,100
1719461704981,5.4,175
1719461705645,5.4,50
1719461705853,5.4,50
1719461706499,5.45,1175
1719461706982,5.45,25
1719461707605,5.5,25
1719461707972,5.6,250
1719461708604,5.5,475
1719461709210,5.5,125
1719461709612,5.55,75
1719461710242,5.4,50
1719461710481,5.45,100
1719461711172,5.35,100
1719461711619,5.35,25
1719461712103,5.45,575
1719461712647,5.4,25
1719461712852,5.45,25
1719461713629,5.55,25
1719461713755,5.5,25
1719461714587,5.5,125
1719461714587,5.5,125
1719461715643,5.5,25
1719461715910,5.4,500
1719461716608,5.35,150
1719461716919,5.4,500
1719461717309,5.45,200
1719461717825,5.4,100
1719461718592,5.4,25
1719461718748,5.35,200
1719461719657,5.35,25
1719461720234,5.3,50
1719461720619,5.2,50
1719461721224,5.25,175
1719461721661,5.2,50
1719461722231,5.2,150
1719461722665,5.25,650
1719461723223,5.3,25
1719461723424,5.25,25
1719461724420,5.2,25
1719461724640,5.2,500
1719461725659,5.2,150
1719461726659,5.2,75
1719461726845,5.25,225
1719461727804,5.3,25
1719461728630,5.25,275
1719461728978,5.25,250
1719461729372,5.25,500
1719461730056,5.2,75
1719461730662,5.25,250
1719461731033,5.2,150
1719461731596,5.2,75
1719461732228,5.05,25
1719461732673,4.95,25
1719461733256,5.0,75
1719461733648,5.0,450
1719461734655,4.9,200
1719461734867,4.95,25
1719461735674,5.0,150
1719461736583,4.95,100
1719461736804,4.95,475
1719461737618,5.0,850
1719461738033,5.0,150
1719461738688,5.0,125
1719461739071,5.0,25
1719461739735,5.0,25
1719461740407,4.95,125
1719461740531,5.0,50
1719461741343,4.95,100
1719461741681,5.0,50
1719461742454,5.1,75
1719461742631,5.05,150
1719461743633,5.1,500
1719461744654,5.1,700
1719461744841,5.1,175
1719461745770,5.1,1050
1719461746002,5.05,600
1719461746654,5.1,25
1719461746999,5.1,25
1719461747676,5.0,125
1719461748229,5.0,25
1719461748674,5.05,25
1719461749224,5.0,25
1719461749670,5.0,50
1719461750173,5.05,25
1719461750673,5.0,50
1719461751224,4.95,75
1719461751662,5.0,375
1719461752474,4.95,25
1719461752682,5.0,25
1719461752839,5.0,375
1719461753671,4.95,900
1719461753881,5.0,125
1719461754596,4.95,400
1719461754888,5.0,25
1719461755658,4.95,25
1719461756065,4.9,75
1719461756902,4.9,675
1719461757215,4.9,150
1719461757685,4.95,225
1719461758499,4.9,200
1719461758665,4.9,200
1719461759592,4.85,425
1719461759871,4.85,250
1719461760037,4.9,450
1719461760898,4.85,300
1719461761628,4.85,25
1719461762000,4.8,50
1719461762888,4.85,125
1719461768894,4.85,1000
1719461769660,4.85,300
1719461769892,4.85,100
1719461770664,4.8,50
1719461770918,4.85,25
1719461771743,4.8,25
1719461772084,4.85,300
1719461772570,4.8,200
1719461773296,4.8,500
1719461773637,4.8,25
1719461774078,4.85,50
1719461774681,4.85,100
1719461775296,4.8,100
1719461775668,4.85,25
1719461776287,4.85,75
1719461776698,4.9,25
1719461777161,4.85,25
1719461777891,4.85,225
1719461778501,4.85,150
1719461778587,4.8,25
1719461778587,4.8,25
1719461793271,4.7,25
1719461793620,4.65,25
1719461794309,4.7,25
1719461794638,4.65,125
1719461795140,4.7,25
1719461795708,4.65,400
1719461796532,4.7,250
1719461796681,4.65,50
1719461797701,4.65,25
1719461797860,4.65,25
1719461798701,4.6,25
1719461799136,4.65,50
1719461799623,4.65,150
1719461800128,4.7,25
1719461800621,4.65,75
1719461801242,4.65,100
1719461801876,4.6,100
1719461802299,4.65,25
1719461802669,4.6,25
1719461802941,4.6,25
1719461803674,4.6,25
1719461804140,4.6,25
1719461804578,4.6,50
1719461805335,4.55,100
1719461805764,4.55,25
1719461806722,4.55,50
1719461806924,4.55,200
1719461807725,4.55,100
1719461807908,4.55,125
1719461808639,4.6,50
1719461808960,4.65,25
1719461809620,4.6,575
1719461810149,4.65,25
1719461810860,4.55,700
1719461811349,4.6,75
1719461811697,4.55,25
1719461812158,4.65,25
1719461817709,4.7,25
1719461818164,4.65,25
1719461818644,4.65,250
1719461860683,4.8,25
1719461861645,4.8,25
1719461862000,4.8,25
1719461862747,4.8,25
1719461863024,4.75,50
1719461863852,4.85,25
1719461864242,4.85,25
1719461864770,4.8,25
1719461865180,4.8,25
1719461865612,4.8,25
1719461872556,4.85,400
1719461872933,4.9,50
1719461873762,4.9,50
1719461873862,4.8,25
1719461874748,4.9,50
1719461875010,4.95,150
1719461875644,4.9,25
1719461876000,4.9,50
1719461876967,4.9,550
1719461877216,4.9,25
1719461877658,4.95,25
1719461878129,4.85,50
1719461878733,4.9,25
1719461879250,4.9,50
1719461879648,4.85,25
1719461880054,4.9,250
1719461880440,4.85,50
1719461880955,4.85,200
1719461881455,4.85,25
1719461881455,4.85,25
1719461882009,4.9,25
1719461882751,4.9,150
1719461883037,4.85,25
1719461883760,4.9,75
1719461884229,4.85,250
1719461884743,4.9,50
1719461885202,4.9,25
1719461885767,4.9,25
1719461886002,4.9,25
1719461886723,4.9,25
1719461887205,4.9,100
1719461887603,4.9,175
1719461887963,4.9,100
1719461888774,4.9,25
1719461889163,4.9,25
1719461889976,4.9,75
1719461890178,4.9,25
1719461890288,4.9,25
1719461891435,4.9,25
1719461891435,4.9,25
1719461892380,4.9,25
1719461892589,4.9,50
1719461893437,4.9,25
1719461893669,4.9,1150
1719461894174,4.9,1100
1719461895007,4.9,25
1719461895546,4.85,125
1719461896083,4.9,50
1719461896634,4.9,50
1719461896895,4.9,25
1719461897609,4.85,25
1719461897850,4.9,50
1719461898691,4.85,25
1719461899085,4.9,25
1719461899732,4.85,25
1719461900054,4.85,25
1719461900698,4.85,75
1719461901091,4.9,75
1719461901568,4.85,125
1719461902368,4.9,25
1719461902672,4.85,175
1719461903482,4.85,25
1719461903631,4.85,300
1719461904069,4.9,125
1719461904679,4.85,75
1719461905069,4.9,50
1719461905439,4.9,25
1719461906216,4.95,50
1719461906984,4.9,25
1719461907269,4.95,25
1719461907727,4.9,25
1719461908424,4.85,25
1719461908535,4.95,25
1719461908952,4.95,50
1719461909536,4.95,425
1719461909960,4.9,100
1719461910286,4.9,175
1719461910717,4.9,25
1719461911306,5.0,175
1719461911725,5.1,75
1719461912466,5.0,25
1719461912771,4.95,25
1719461913327,4.95,50
1719461913736,4.95,500
1719461914708,5.1,25
1719461914756,5.1,75
1719461914911,5.1,325
1719461915732,5.1,100
1719461915805,5.05,200
1719461916715,5.1,25
1719461916715,5.1,25
1719461917993,5.05,75
1719461917993,5.05,75
1719461918676,5.05,100
1719461919279,5.1,50
1719461919676,5.05,25
1719461920286,5.1,50
1719461920681,5.05,100
1719461921513,5.0,75
1719461921689,4.95,750
1719461922316,4.95,25
1719461922768,5.0,25
1719461923342,5.0,25
1719461923733,5.05,25
1719461923733,5.05,25
1719461924785,5.05,25
1719461925016,5.05,50
1719461925795,4.95,75
1719461926325,4.95,200
1719461926630,4.95,25
1719461927203,5.0,75
1719461927751,5.0,125
1719461928544,4.95,75
1719461928813,4.95,75
1719461929174,5.0,25
1719461929174,5.0,25
1719461929907,4.95,75
1719461930802,5.0,25
1719461931057,4.9,375
1719461931772,4.95,250
1719461932035,5.0,50
1719461932711,5.0,250
1719461932821,4.95,50
1719461933645,4.95,25
1719461934354,4.95,25
1719461934694,5.0,25
1719461935295,5.0,50
1719461935762,5.0,50
1719461936496,5.05,50
1719461936996,5.0,150
1719461937581,5.05,50
1719461937918,5.05,50
1719461938697,5.05,50
1719461939085,5.05,50
1719461939822,5.0,75
1719461940057,5.0,75
1719461940124,5.0,75
1719461940797,4.95,75
1719461941302,5.0,200
1719461941798,5.0,75
1719461942373,5.0,25
1719461943001,5.0,75
1719461943160,5.0,75
1719461943801,5.0,250
1719461944279,5.0,250
1719461944777,4.95,25
1719461945539,4.95,25
1719461945797,4.95,125
1719461946512,4.95,600
1719461946585,4.95,50
1719461946965,4.95,75
1719461947626,4.9,25
1719461947972,4.95,300
1719461948818,4.9,25
1719461948818,4.9,25
1719461949743,4.85,300
1719461950066,4.85,25
1719461950815,4.9,1675
1719461950963,4.9,175
1719461951384,4.85,475
1719461952360,4.9,100
1719461952696,4.9,100
1719461953274,4.9,25
1719461953728,4.9,50
1719461954202,4.85,150
1719461954547,4.85,500
1719461955732,4.85,200
1719461956038,4.85,175
1719461956808,4.85,25
1719461957165,4.9,75
1719461957292,4.9,75
1719461958192,4.8,650
1719461958794,4.8,25
1719461959128,4.8,25
1719461959702,4.8,675
1719461960270,4.7,525
1719461960786,4.65,50
1719461961395,4.6,200
1719461961814,4.55,25
1719461962417,4.6,100
1719461962770,4.65,350
1719461963568,4.55,50
1719461964028,4.55,50
1719461964504,4.65,100
1719461964815,4.6,75
1719461965594,4.55,850
1719461965789,4.55,25
1719461966597,4.6,25
1719461966802,4.6,50
1719461966802,4.6,50
1719461967683,4.6,50
1719461968157,4.65,75
1719461968714,4.65,25
1719461969135,4.65,25
1719461970005,4.55,1000
1719461970123,4.6,25
1719461970830,4.6,325
1719461971180,4.6,25
1719461971797,4.6,50
1719461972371,4.6,25
1719461972774,4.6,325
1719461973199,4.65,75
1719461973768,4.6,100
1719461974116,4.6,400
1719461974561,4.6,100
1719461975580,4.6,50
1719461976390,4.6,750
1719461976772,4.55,25
1719461977610,4.55,25
1719461977746,4.55,25
1719461978767,4.6,25
1719461978975,4.55,100
1719461979837,4.55,1200
1719461980082,4.5,350
1719461980785,4.55,150
1719461980937,4.5,25
1719461981823,4.55,50
1719461981986,4.5,250
1719461982654,4.5,75
1719461983170,4.45,300
1719461983819,4.45,175
1719461984612,4.45,25
1719461984826,4.4,75
1719461985565,4.5,25
1719461985721,4.45,150
1719461986416,4.45,50
1719461987018,4.45,100
1719461987839,4.5,25
1719461987967,4.45,175
1719461988669,4.45,100
1719461989163,4.45,75
1719461989784,4.45,200
1719461990169,4.45,250
1719461990625,4.45,25
1719461991249,4.45,75
1719461991681,4.45,25
1719461992221,4.5,1175
1719461993021,4.5,100
1719461993213,4.45,25
1719461993838,4.45,100
1719461994016,4.4,75
1719461994765,4.45,25
1719461995498,4.45,100
1719461995793,4.4,150
1719461996040,4.45,150
1719461996775,4.5,275
1719461997225,4.5,100
1719461997752,4.45,25
1719461998101,4.45,50
1719461998692,4.5,750
1719461999185,4.5,50
1719461999752,4.45,25
1719462000038,4.45,100
1719462000197,4.45,950
1719462000743,4.45,175
1719462001444,4.4,425
1719462001803,4.4,1300
1719462002864,4.35,25
1719462003840,4.4,25
1719462003957,4.4,25
1719462004845,4.4,675
1719462005427,4.4,500
1719462005816,4.35,275
1719462006396,4.35,250
1719462006827,4.3,725
1719462007673,4.25,200
1719462007977,4.25,1000
1719462008666,4.2,150
1719462008847,4.2,100
1719462009834,4.2,25
1719462009834,4.2,25
1719462010062,4.25,400
1719462010811,4.2,25
1719462011253,4.2,25
1719462011720,4.25,50
1719462012250,4.25,25
1719462012846,4.2,50
1719462013253,4.25,125
1719462014065,4.2,100
1719462014176,4.25,125
1719462014790,4.2,125
1719462015450,4.2,500
1719462015795,4.2,175
1719462016184,4.2,25
1719462016848,4.15,100
1719462017107,4.2,50
1719462017859,4.15,75
1719462018658,4.15,25
1719462018838,4.15,75
1719462019665,4.15,200
1719462020002,4.2,75
1719462020612,4.15,25
1719462020691,4.15,200
1719462021619,4.15,25
1719462021812,4.15,1200
1719462022652,4.2,350
1719462023025,4.2,775
1719462023628,4.2,25
1719462023813,4.2,200
1719462024262,4.2,25
1719462024845,4.25,25
1719462025245,4.25,25
1719462025731,4.2,100
1719462026396,4.25,75
1719462026790,4.25,75
1719462027544,4.25,100
1719462027835,4.3,25
1719462028247,4.3,25
1719462028737,4.25,200
1719462029229,4.2,25
1719462029730,4.25,25
1719462029730,4.25,25
1719462029730,4.25,25
1719462030765,4.2,25
1719462031618,4.25,100
1719462031843,4.2,50
1719462032620,4.2,1050
1719462032840,4.2,25
1719462033579,4.2,50
1719462033579,4.2,50
1719462034780,4.25,25
1719462034949,4.2,25
1719462035749,4.2,275
1719462036352,4.15,25
1719462036674,4.2,150
1719462037267,4.2,25
1719462037854,4.25,25
1719462038492,4.25,875
1719462038794,4.2,25
1719462039594,4.2,25
1719462039762,4.2,75
1719462039899,4.2,275
1719462040805,4.15,25
1719462040805,4.15,25
1719462041500,4.25,100
1719462041988,4.25,50
1719462042781,4.25,1400
1719462043225,4.2,25
1719462043796,4.25,75
1719462044224,4.25,75
1719462044663,4.25,1125
1719462045394,4.25,1000
1719462045768,4.25,25
1719462046427,4.2,350
1719462046427,4.2,350
1719462047237,4.2,25
1719462047849,4.2,525
1719462048062,4.15,100
1719462048884,4.2,25
1719462049208,4.2,100
1719462049839,4.15,25
1719462050507,4.15,125
1719462050874,4.15,175
1719462051574,4.15,25
1719462051574,4.15,25
1719462052673,4.15,900
1719462052807,4.2,25
1719462053801,4.15,50
1719462054300,4.15,25
1719462054806,4.15,50
1719462055278,4.2,175
1719462056005,4.2,50
1719462056511,4.2,25
1719462056824,4.2,275
1719462057339,4.25,125
1719462057621,4.15,275
1719462058689,4.25,50
1719462058707,4.3,75
1719462059907,4.25,25
1719462060032,4.25,175
1719462060098,4.2,50
1719462060815,4.25,25
1719462061316,4.2,175
1719462061889,4.15,625
1719462062074,4.2,75
1719462062707,4.2,875
1719462063548,4.2,500
1719462063868,4.25,1025
1719462064495,4.3,225
1719462064841,4.25,25
1719462065337,4.25,350
1719462066054,4.3,25
1719462066692,4.3,100
1719462066829,4.3,275
1719462067000,4.25,25
1719462067819,4.25,25
1719462068214,4.2,50
1719462068861,4.3,125
1719462069224,4.2,25
1719462069808,4.25,25
1719462070381,4.3,125
1719462070811,4.25,900
1719462071446,4.3,75
1719462071645,4.3,25
1719462072377,4.25,25
1719462072644,4.25,275
1719462073730,4.3,125
1719462073824,4.25,300
1719462074025,4.3,25
1719462074805,4.25,25
1719462075336,4.25,200
1719462075801,4.3,500
1719462076341,4.2,250
1719462076896,4.25,25
1719462077238,4.25,200
1719462077743,4.25,25
1719462078336,4.25,75
1719462078894,4.2,800
1719462079544,4.2,125
1719462079891,4.2,100
1719462080546,4.2,175
1719462080871,4.2,175
1719462081742,4.25,25
1719462081867,4.25,25
1719462082809,4.35,375
1719462083094,4.35,250
1719462084034,4.3,175
1719462084289,4.3,25
1719462084895,4.3,25
1719462085205,4.3,25
1719462086214,4.35,150
1719462086595,4.35,75
1719462087564,4.3,125
1719462087761,4.35,1600
1719462088652,4.35,50
1719462088845,4.35,50
1719462089303,4.35,25
1719462089579,4.4,25
1719462090034,4.35,650
1719462090572,4.35,25
1719462090853,4.4,75
1719462091575,4.35,300
1719462091575,4.35,300
1719462092284,4.4,50
1719462092797,4.4,75
1719462093357,4.35,25
1719462093896,4.4,25
1719462094000,4.4,50
1719462094532,4.45,900
1719462095136,4.45,75
1719462095800,4.35,375
1719462096428,4.4,75
1719462096826,4.35,25
1719462097562,4.4,75
1719462097916,4.35,975
1719462098809,4.4,75
1719462098809,4.4,75
1719462099112,4.4,25
1719462099725,4.35,25
1719462100355,4.35,200
1719462100891,4.4,375
1719462101456,4.45,150
1719462101891,4.45,25
1719462102580,4.4,25
1719462102599,4.4,25
1719462103585,4.45,25
1719462103863,4.35,250
1719462104748,4.4,200
1719462104803,4.4,100
1719462105106,4.35,25
1719462105635,4.4,25
1719462106104,4.45,1125
1719462106897,4.45,275
1719462107172,4.4,25
1719462107817,4.45,1475
1719462108581,4.4,725
1719462108826,4.4,50
1719462109575,4.4,25
1719462109729,4.4,50
1719462110301,4.4,25
1719462110889,4.35,25
1719462111542,4.4,75
1719462111833,4.4,300
1719462112463,4.4,25
1719462112859,4.35,25
1719462113523,4.35,75
1719462113523,4.35,75
1719462114619,4.35,50
1719462114895,4.4,100
1719462115148,4.4,75
1719462115656,4.4,750
1719462116357,4.35,475
1719462117386,4.4,175
1719462117914,4.35,125
1719462118600,4.4,1525
1719462118728,4.45,75
1719462119332,4.45,75
1719462119878,4.45,25
1719462120000,4.4,50
1719462120000,4.4,50
1719462120000,4.4,50
1719462121511,4.4,50
1719462121835,4.45,500
1719462122522,4.45,25
1719462122827,4.45,25
1719462123520,4.45,400
1719462123854,4.5,675
1719462124176,4.5,500
1719462124739,4.5,25
1719462125395,4.5,50
1719462125846,4.5,25
1719462126406,4.5,50
1719462126839,4.5,25
1719462127422,4.5,50
1719462127786,4.5,25
1719462128289,4.45,25
1719462128880,4.5,25
1719462129677,4.45,50
1719462129839,4.5,25
1719462130359,4.5,125
1719462130359,4.5,125
1719462131243,4.5,900
1719462131802,4.45,25
1719462132622,4.45,1500
1719462132830,4.5,150
1719462133799,4.5,150
1719462133930,4.45,350
1719462134518,4.5,1800
1719462134917,4.45,50
1719462135680,4.5,25
1719462135680,4.5,25
1719462136210,4.5,75
1719462136879,4.45,50
1719462137163,4.5,150
1719462137851,4.5,50
1719462138234,4.55,25
1719462138870,4.55,25
1719462139401,4.55,50
1719462139888,4.6,25
1719462140600,4.55,350
1719462140752,4.55,25
1719462141595,4.55,75
1719462141981,4.5,525
1719462142618,4.6,200
1719462142833,4.65,50
1719462143713,4.6,200
1719462144581,4.65,225
1719462144581,4.65,225
1719462145207,4.65,50
1719462145908,4.6,200
1719462146395,4.6,100
1719462146914,4.6,50
1719462147204,4.6,25
1719462147907,4.6,25
1719462148599,4.6,525
1719462148724,4.55,50
1719462149349,4.6,250
1719462149918,4.6,50
1719462150017,4.65,25
1719462150618,4.6,150
1719462150935,4.65,25
1719462151745,4.65,25
1719462151745,4.65,25
1719462152206,4.65,25
1719462152914,4.65,100
1719462153070,4.65,50
1719462153775,4.65,725
1719462154362,4.65,25
1719462154682,4.6,100
1719462155649,4.65,25
1719462155888,4.65,550
1719462156828,4.65,25
1719462156828,4.65,25
1719462157456,4.7,25
1719462157887,4.7,75
1719462158889,4.7,25
1719462159839,4.75,575
1719462159912,4.75,825
1719462160684,4.7,25
1719462160684,4.7,25
1719462161423,4.75,175
1719462161831,4.75,1800
1719462162213,4.8,650
1719462162747,4.8,375
1719462163539,4.8,275
1719462163697,4.75,375
1719462164646,4.8,50
1719462164919,4.85,50
1719462165926,4.8,25
1719462166144,4.8,50
1719462166900,4.75,900
1719462167442,4.8,50
1719462167676,4.8,50
1719462168437,4.8,250
1719462168829,4.85,25
1719462169674,4.9,200
1719462169902,4.9,25
1719462170815,4.8,75
1719462170998,4.8,250
1719462171448,4.85,425
1719462171911,4.8,50
1719462172631,4.75,25
1719462172631,4.75,25
1719462173668,4.8,100
1719462173943,4.8,50
1719462174515,4.75,300
1719462174951,4.75,75
1719462175702,4.7,650
1719462175947,4.7,25
1719462176499,4.75,25
1719462176905,4.8,25
1719462177081,4.85,700
1719462177675,4.8,50
1719462178264,4.85,25
1719462178700,4.9,375
1719462179467,4.85,650
1719462179942,4.85,75
1719462180018,4.85,50
1719462180608,4.85,50
1719462180944,4.85,50
1719462181658,4.95,125
1719462181781,4.95,25
1719462182693,4.9,150
1719462182833,4.85,200
1719462183572,4.9,75
1719462183947,4.9,25
1719462184123,4.95,50
1719462184883,4.9,75
1719462185353,4.9,300
1719462185875,4.9,175
1719462186451,4.9,100
1719462186952,4.9,50
1719462187684,4.75,50
1719462187948,4.8,75
1719462188498,4.85,25
1719462188951,4.85,150
1719462189664,4.85,25
1719462189902,4.85,75
1719462190714,4.85,1000
1719462190897,4.85,25
1719462191698,4.85,125
1719462191946,4.8,50
1719462192726,4.8,25
1719462192848,4.85,50
1719462193655,4.85,25
1719462193790,4.85,300
1719462194103,4.85,25
1719462194103,4.85,25
1719462195897,4.85,25
1719462195897,4.85,25
1719462196272,4.8,75
1719462196876,4.8,325
1719462197308,4.8,325
1719462197731,4.8,25
1719462198439,4.8,25
1719462198743,4.8,50
1719462199500,4.8,25
1719462199854,4.8,250
1719462200642,4.75,25
1719462200933,4.8,700
1719462201954,4.8,675
1719462202907,4.75,75
1719462203026,4.7,25
1719462203208,4.7,25
1719462203948,4.75,50
1719462204450,4.7,175
1719462204981,4.7,25
1719462205509,4.7,25
1719462205955,4.7,50
1719462206520,4.55,50
1719462206944,4.6,25
1719462207664,4.55,650
1719462207932,4.6,50
1719462208494,4.65,25
1719462208938,4.6,50
1719462209270,4.6,25
1719462210016,4.65,50
1719462210469,4.6,50
1719462210854,4.65,25
1719462211741,4.65,25
1719462211790,4.6,25
1719462212477,4.65,175
1719462212797,4.6,25
1719462213907,4.6,25
1719462214897,4.6,150
1719462215544,4.6,50
1719462215985,4.6,25
1719462216635,4.65,100
1719462216891,4.6,25
1719462217928,4.6,50
1719462218091,4.6,1000
1719462218975,4.6,25
1719462219485,4.6,25
1719462219884,4.6,50
1719462220624,4.6,1000
1719462220931,4.6,50
1719462221449,4.6,100
1719462221936,4.55,50
1719462222922,4.55,75
1719462223822,4.55,25
1719462224349,4.55,25
1719462224898,4.55,25
1719462225321,4.55,175
1719462225929,4.55,50
1719462226741,4.55,25
1719462226823,4.6,525
1719462227430,4.6,900
1719462227932,4.6,500
1719462228570,4.55,125
1719462228570,4.55,125
1719462229420,4.6,125
1719462229838,4.6,375
1719462230948,4.6,25
1719462231524,4.6,25
1719462231837,4.6,25
1719462232564,4.65,25
1719462232885,4.6,25
1719462233250,4.6,1100
1719462233981,4.6,425
1719462234068,4.6,50
1719462234912,4.55,25
1719462235494,4.55,75
1719462235654,4.6,25
1719462236588,4.55,25
1719462236987,4.65,25
1719462237950,4.7,25
1719462238023,4.65,50
1719462238230,4.65,25
1719462238970,4.65,50
1719462238970,4.65,50
1719462240000,4.6,75
1719462240260,4.55,25
1719462241150,4.6,25
1719462241389,4.5,25
1719462241859,4.55,200
1719462242769,4.6,400
1719462243000,4.5,50
1719462243420,4.55,1325
1719462243948,4.5,25
1719462244613,4.5,400
1719462244834,4.5,100
1719462245769,4.5,200
1719462245769,4.5,200
1719462246758,4.45,75
1719462247579,4.5,300
1719462247848,4.45,100
1719462248566,4.4,25
1719462248566,4.4,25
1719462249744,4.5,25
1719462249744,4.5,25
1719462250773,4.45,25
1719462250969,4.45,75
1719462251541,4.45,75
1719462251867,4.5,100
1719462252571,4.5,25
1719462253006,4.55,200
1719462253550,4.5,400
1719462253701,4.5,25
1719462254718,4.45,75
1719462254904,4.5,400
1719462255955,4.5,75
1719462256973,4.5,75
1719462257016,4.5,75
1719462257016,4.5,75
1719462258001,4.5,75
1719462258146,4.55,50
1719462258452,4.5,25
1719462259292,4.45,75
1719462259844,4.5,100
1719462260513,4.5,25
1719462260866,4.5,150
1719462261717,4.45,150
1719462261977,4.45,350
1719462262881,4.5,500
1719462264008,4.4,50
1719462264977,4.45,200
1719462264977,4.45,200
1719462265765,4.35,75
1719462265765,4.35,75
1719462266939,4.4,25
1719462267614,4.3,50
1719462267614,4.3,50
1719462268554,4.3,900
1719462268554,4.3,900
1719462269278,4.3,400
1719462270010,4.3,350
1719462270244,4.3,25
1719462270857,4.3,25
1719462271981,4.3,25
1719462272352,4.35,250
1719462273003,4.3,25
1719462273418,4.35,25
1719462273999,4.3,50
1719462274462,4.3,900
1719462275000,4.3,200
1719462275468,4.3,350
1719462275816,4.25,500
1719462276570,4.3,25
1719462276989,4.3,925
1719462277804,4.15,50
1719462278014,4.15,25
1719462278820,4.1,225
1719462279006,4.15,25
1719462279913,4.15,25
1719462280970,4.1,25
1719462281822,4.15,25
1719462281822,4.15,25
1719462282447,4.1,500
1719462282987,4.1,675
1719462283606,4.1,200
1719462284082,4.15,75
1719462284540,4.15,100
1719462285026,4.2,50
1719462285787,4.15,400
1719462286026,4.2,150
1719462286845,4.2,50
1719462286988,4.15,100
1719462287718,4.2,25
1719462288008,4.2,50
1719462288617,4.2,25
1719462288761,4.15,150
1719462289997,4.15,50
1719462290039,4.15,500
1719462290652,4.15,25
1719462291015,4.1,25
1719462291987,4.05,50
1719462292213,4.1,50
1719462292955,4.05,25
1719462293026,4.05,50
1719462293998,4.05,1350
1719462294482,4.1,200
1719462294891,4.1,25
1719462295729,4.05,250
1719462296031,4.05,25
1719462296827,4.05,975
1719462296827,4.05,975
1719462297614,4.05,50
1719462297988,4.05,100
1719462298676,4.05,75
1719462298676,4.05,75
1719462299780,4.05,125
1719462299981,4.1,25
1719462300173,4.05,1000
1719462301028,4.05,100
1719462301940,4.0,175
1719462302066,4.0,75
1719462303056,4.0,50
1719462304037,4.0,25
1719462304426,4.0,25
1719462305179,4.0,75
1719462305485,4.05,50
1719462305982,4.0,25
1719462306424,4.0,200
1719462306753,4.05,25
1719462307446,4.05,25
1719462307995,4.0,50
1719462308604,4.05,25
1719462308942,4.0,175
1719462309863,4.1,25
1719462310051,4.1,150
1719462310788,4.1,25
1719462310909,4.05,550
1719462311884,4.05,25
1719462312020,4.0,25
1719462312972,3.85,75
1719462313849,3.9,250
1719462314036,3.85,50
1719462327878,3.9,25
1719462328045,3.85,50
1719462329023,3.85,50
1719462330881,3.9,75
1719462330881,3.9,75
1719462331765,3.8,475
1719462331765,3.8,475
1719462332607,3.85,25
1719462333197,3.9,50
1719462333850,3.85,25
1719462333954,3.8,125
1719462334756,3.9,50
1719462335840,3.85,100
1719462336137,3.85,125
1719462336618,3.85,25
1719462337948,3.9,1025
1719462338126,3.9,675
1719462338890,3.9,125
1719462339040,3.85,25
1719462339962,3.8,100
1719462340923,3.85,50
1719462340923,3.85,50
1719462341956,3.85,25
1719462341956,3.85,25
1719462348774,3.85,25
1719462348988,3.8,25
1719462349453,3.8,100
1719462349929,3.8,75
1719462350941,3.8,50
1719462351048,3.85,200
1719462352013,3.85,25
1719462352013,3.85,25
1719462353005,3.85,225
1719462353310,3.85,500
1719462353310,3.85,500
1719462354068,3.9,475
1719462354751,3.85,75
1719462355016,3.8,400
1719462355984,3.85,25
1719462356966,3.85,25
1719462356966,3.85,25
1719462357965,3.9,100
1719462358318,3.85,25
1719462358566,3.9,100
1719462359076,3.85,925
1719462359749,3.85,100
1719462360063,3.9,25
1719462360940,3.9,125
1719462361012,3.85,300
1719462362031,3.85,50
1719462362228,3.85,25
1719462363051,3.9,25
1719462364032,3.85,25
1719462364032,3.85,25
1719462364336,3.85,75
1719462365027,3.9,175
1719462365724,3.9,350
1719462365911,3.9,300
1719462366875,3.95,25
1719462367075,3.9,75
1719462367980,3.95,800
1719462369024,3.9,50
1719462369950,3.9,50
1719462369950,3.9,50
1719462371138,3.9,100
1719462371604,3.85,50
1719462372147,3.9,25
1719462373037,3.85,25
1719462373341,3.9,25
1719462373647,3.9,25
1719462406015,3.7,150
1719462406209,3.75,275
1719462406806,3.7,375
1719462406999,3.65,450
1719462408021,3.6,350
1719462409099,3.6,75
1719462410079,3.65,50
1719462410234,3.7,250
1719462411150,3.65,25
1719462411150,3.65,25
1719462412050,3.6,50
1719462412209,3.6,50
1719462413063,3.6,25
1719462413263,3.6,75
1719462414207,3.55,50
1719462414462,3.55,50
1719462414644,3.55,50
1719462415116,3.55,50
1719462415651,3.5,50
1719462416098,3.45,50
1719462417108,3.55,75
1719462418086,3.5,125
1719462419068,3.45,75
1719462419504,3.4,725
1719462420010,3.4,225
1719462420010,3.4,225
1719462420467,3.45,150
1719462421089,3.4,200
1719462421455,3.4,75
1719462422311,3.45,25
1719462422869,3.35,375
1719462423117,3.35,425
1719462424003,3.35,200
1719462424257,3.3,50
1719462425098,3.3,200
1719462425283,3.3,100
1719462426077,3.3,25
1719462426256,3.3,25
1719462427051,3.25,50
1719462427299,3.3,25
1719462427875,3.3,25
1719462428088,3.3,25
1719462428873,3.3,25
1719462429081,3.25,200
1719462429890,3.3,25
1719462430100,3.3,25
1719462431118,3.3,25
1719462432080,3.3,25
1719462432261,3.3,25
1719462433047,3.3,25
1719462433303,3.3,75
1719462434109,3.25,100
1719462434468,3.3,25
1719462434635,3.3,25
1719462435308,3.3,25
1719462435899,3.3,25
1719462436122,3.25,225
1719462436869,3.25,600
1719462437121,3.3,25
1719462437881,3.25,25
1719462438108,3.25,100
1719462438852,3.25,25
1719462439109,3.25,25
1719462440078,3.25,25
1719462441070,3.2,550
1719462441070,3.2,550
1719462441898,3.25,25
1719462442101,3.25,25
1719462443293,3.25,25
1719462444115,3.2,50
1719462444283,3.2,25
1719462445116,3.2,25
1719462445461,3.15,50
1719462445705,3.15,125
1719462446307,3.2,25
1719462446823,3.2,25
1719462447129,3.2,25
1719462447904,3.15,1600
1719462448102,3.15,1025
1719462448919,3.15,900
1719462449103,3.15,125
1719462449913,3.2,25
1719462450050,3.2,25
1719462450130,3.15,350
1719462450899,3.15,25
1719462451054,3.2,25
1719462452099,3.15,25
1719462452319,3.15,25
1719462452880,3.15,75
1719462453072,3.2,25
1719462453926,3.15,50
1719462454106,3.15,25
1719462455110,3.1,750
1719462457107,3.2,25
1719462457917,3.15,25
1719462458130,3.15,25
1719462459089,3.2,25
1719462459318,3.2,25
1719462459891,3.2,500
1719462460097,3.15,50
1719462461108,3.2,25
1719462462122,3.15,25
1719462462946,3.05,625
1719462463112,3.1,25
1719462463931,3.1,25
1719462464118,3.1,1075
1719462464925,3.15,25
1719462465333,3.15,100
1719462466144,3.1,50
1719462466306,3.05,25
1719462467141,3.1,25
1719462468357,3.2,275
1719462469111,3.2,25
1719462469333,3.15,25
1719462470128,3.1,25
1719462470554,3.15,75
1719462470756,3.15,25
1719462471102,3.15,375
1719462472151,3.15,100
1719462472329,3.2,25
1719462473166,3.2,25
1719462474135,3.2,25
1719462474549,3.2,25
1719462475093,3.15,25
1719462475317,3.15,25
1719462476337,3.1,75
1719462476369,3.15,375
1719462477144,3.15,50
1719462477719,3.15,25
1719462478314,3.1,25
1719462478740,3.15,25
1719462479291,3.1,25
1719462480051,3.1,150
1719462480108,3.1,250
1719462481140,3.15,50
1719462481366,3.1,200
1719462482340,3.15,175
1719462483145,3.1,500
1719462483549,3.15,150
1719462486161,3.15,25
1719462487144,3.1,25
1719462487340,3.1,25
1719462488328,3.15,25
1719462488328,3.15,25
1719462488771,3.1,25
1719462489156,3.1,25
1719462489953,3.15,225
1719462490332,3.15,100
1719462491145,3.1,25
1719462491979,3.1,150
1719462492147,3.1,25
1719462492961,3.1,25
1719462493315,3.1,75
1719462494168,3.1,25
1719462495337,3.15,25
1719462495592,3.1,25
1719462496151,3.1,25
1719462496563,3.1,25
1719462496784,3.05,25
1719462497344,3.05,425
1719462497949,3.1,25
1719462498146,3.1,25
1719462498977,3.1,25
1719462499160,3.1,25
1719462500172,3.1,200
1719462500350,3.1,25
1719462501187,3.05,25
1719462502119,3.15,25
1719462502362,3.15,25
1719462503352,3.15,25
1719462509352,3.15,25
1719462510066,3.1,100
1719462510200,3.1,75
1719462511225,3.1,75
1719462511362,3.1,25
1719462512165,3.1,25
1719462512378,3.1,100
1719462512786,3.1,25
1719462513163,3.05,25
1719462514015,3.05,100
1719462514286,3.1,25
1719462515013,3.05,150
1719462515129,3.05,50
1719462516183,3.05,100
1719462517152,3.05,375
1719462517312,3.1,25
1719462518392,3.1,50
1719462519156,3.1,25
1719462519589,3.1,25
1719462519790,3.05,175
1719462520362,3.1,25
1719462521008,3.1,25
1719462521139,3.05,400
1719462522171,3.05,325
1719462522406,3.1,25
1719462523137,3.05,50
1719462523426,3.1,25
1719462524159,3.1,25
1719462524598,3.1,25
1719462524824,3.1,750
1719462525380,3.05,50
1719462526228,3.1,25
1719462527151,3.05,175
1719462527211,3.1,25
1719462528209,3.05,150
1719462528363,3.1,25
1719462529188,3.05,100
1719462535013,3.15,25
1719462535134,3.15,25
1719462536205,3.1,25
1719462536336,3.1,25
1719462545167,3.1,25
1719462545438,3.1,25
1719462546365,3.15,50
1719462546643,3.15,125
1719462547149,3.2,25
1719462547660,3.15,25
1719462548162,3.15,50
1719462548619,3.15,100
1719462549030,3.1,25
1719462549376,3.1,200
1719462550250,3.15,25
1719462551194,3.1,50
1719462551231,3.15,300
1719462552244,3.15,50
1719462552389,3.1,25
1719462561391,2.95,800
1719462562256,2.95,100
1719462563179,3.0,25
1719462563428,3.0,25
1719462564168,2.95,50
1719462564639,3.0,75
1719462564839,3.0,875
1719462565348,3.0,1625
1719462566205,3.0,25
1719462567172,2.95,25
1719462567172,2.95,25
1719462568180,2.9,300
1719462575200,2.9,25
1719462576078,2.9,25
1719462576163,2.9,25
1719462577266,2.9,25
1719462577403,2.85,25
1719462603223,2.7,25
1719462603532,2.7,75
1719462604161,2.65,400
1719462604279,2.65,1400
1719462605376,2.7,25
1719462605517,2.7,50
1719462606227,2.7,50
1719462606523,2.7,100
1719462607217,2.7,75
1719462607462,2.75,25
1719462608409,2.75,25
1719462608558,2.7,25
1719462609091,2.75,25
1719462609730,2.75,50
1719462609901,2.75,25
1719462610141,2.75,25
1719462611151,2.75,25
1719462611201,2.7,50
1719462612146,2.7,200
1719462612438,2.65,50
1719462613142,2.65,50
1719462613209,2.65,25
1719462614353,2.65,25
1719462615220,2.7,350
1719462615547,2.7,25
1719462616169,2.7,50
1719462616326,2.65,700
1719462617228,2.7,25
1719462617560,2.7,100
1719462618227,2.7,25
1719462618753,2.7,25
1719462619167,2.65,25
1719462619407,2.7,250
1719462620228,2.7,25
1719462620363,2.7,625
1719462621198,2.7,25
1719462621344,2.7,1250
1719462622158,2.75,25
1719462622371,2.75,75
1719462623265,2.75,25
1719462624216,2.75,25
1719462624327,2.7,25
1719462625391,2.75,25
1719462626240,2.8,150
1719462626556,2.8,25
1719462627210,2.8,350
1719462628228,2.75,400
1719462629165,2.8,25
1719462629165,2.8,25
1719462630013,2.8,25
1719462630336,2.8,25
1719462630436,2.8,150
1719462631211,2.8,150
1719462631382,2.8,150
1719462632111,2.8,425
1719462632500,2.8,25
1719462633198,2.8,125
1719462633780,2.75,175
1719462633933,2.8,275
1719462634242,2.75,125
1719462635138,2.75,275
1719462635405,2.75,125
1719462636210,2.8,350
1719462637192,2.8,375
1719462637440,2.75,700
1719462638117,2.8,75
1719462638336,2.8,200
1719462639223,2.75,25
1719462639343,2.8,250
1719462640184,2.75,100
1719462640400,2.8,25
1719462641031,2.8,25
1719462641381,2.75,575
1719462642188,2.8,25
1719462642300,2.8,175
1719462643219,2.75,150
1719462643313,2.7,1425
1719462644226,2.75,150
1719462644594,2.75,50
1719462645184,2.75,250
1719462645600,2.8,25
1719462646405,2.8,25
1719462646749,2.8,1550
1719462647228,2.75,200
1719462648134,2.7,450
1719462648134,2.7,450
1719462649426,2.8,75
1719462650113,2.75,50
1719462650379,2.8,50
1719462650941,2.8,750
1719462651352,2.8,50
1719462652238,2.8,25
1719462652290,2.8,100
1719462653120,2.8,350
1719462653617,2.75,750
1719462658430,2.75,250
1719462659220,2.8,325
1719462659300,2.8,25
1719462660037,2.8,125
1719462660234,2.75,525
1719462660436,2.8,75
1719462661446,2.8,25
1719462661589,2.75,125
1719462662229,2.8,75
1719462662369,2.75,50
1719462663211,2.8,75
1719462663410,2.8,500
1719462664460,2.8,350
1719462665204,2.8,1200
1719462665592,2.8,75
1719462666400,2.8,25
1719462666794,2.8,50
1719462667028,2.8,25
1719462667190,2.8,175
1719462668217,2.8,850
1719462669445,2.8,75
1719462670229,2.8,1125
1719462670626,2.8,25
1719462671044,2.75,75
1719462671548,2.7,400
1719462672234,2.75,1025
1719462672600,2.75,25
1719462673518,2.7,50
1719462673630,2.7,25
1719462673925,2.7,50
1719462674142,2.7,50
1719462675247,2.7,300
1719462676229,2.7,25
1719462676435,2.7,50
1719462677468,2.65,75
1719462678200,2.7,25
1719462678618,2.65,25
1719462679218,2.65,50
1719462679659,2.7,50
1719462680467,2.65,50
1719462680840,2.65,25
1719462681245,2.6,50
1719462682250,2.65,350
1719462682330,2.65,50
1719462683264,2.65,50
1719462683398,2.65,675
1719462684258,2.75,25
1719462684661,2.75,150
1719462685404,2.65,50
1719462686241,2.7,50
1719462686415,2.75,100
1719462687224,2.75,75
1719462687432,2.75,225
1719462688470,2.7,50
1719462688666,2.75,500
1719462689193,2.8,75
1719462689830,2.7,25
1719462690075,2.7,50
1719462690274,2.75,25
1719462691230,2.7,25
1719462692490,2.75,75
1719462693245,2.75,175
1719462694229,2.75,25
1719462695416,2.7,50
1719462696217,2.7,50
1719462696386,2.7,50
1719462697239,2.7,50
1719462697489,2.7,50
1719462702866,2.7,450
1719462703073,2.7,50
1719462703216,2.7,50
1719462704077,2.7,50
1719462704275,2.7,25
1719462705065,2.7,50
1719462705486,2.65,775
1719462735510,2.65,25
1719462735933,2.65,75
1719462736285,2.6,50
1719462737109,2.6,525
1719462737267,2.6,50
1719462738317,2.65,1225
1719462738489,2.65,150
1719462739290,2.65,50
1719462739499,2.6,50
1719462740298,2.6,50
1719462740529,2.65,25
1719462741492,2.6,50
1719462741752,2.6,25
1719462742247,2.6,50
1719462742931,2.6,50
1719462743108,2.65,650
1719462745302,2.65,250
1719462745529,2.6,50
1719462746287,2.6,50
1719462747300,2.65,25
1719462747546,2.6,50
1719462748544,2.6,400
1719462749313,2.6,50
1719462749513,2.65,25
1719462750048,2.65,25
1719462750297,2.65,250
1719462750680,2.65,50
1719462751296,2.7,200
1719462751725,2.65,25
1719462752141,2.7,125
1719462752290,2.65,25
1719462753144,2.65,50
1719462753447,2.65,50
1719462754303,2.65,50
1719462754518,2.65,50
1719462755263,2.65,50
1719462755703,2.65,50
1719462756504,2.65,25
1719462756715,2.65,50
1719462757290,2.65,25
1719462757950,2.7,175
1719462758290,2.65,50
1719462758952,2.65,25
1719462759086,2.65,50
1719462759527,2.65,25
1719462760306,2.65,600
1719462760548,2.65,500
1719462767316,2.6,50
1719462767316,2.6,50
1719462768357,2.6,50
1719462769566,2.6,25
1719462770249,2.6,50
1719462770767,2.6,50
1719462771140,2.6,50
1719462771255,2.65,1125
1719462772310,2.55,50
1719462772761,2.6,25
1719462773488,2.6,25
1719462773967,2.55,25
1719462774168,2.55,50
1719462774270,2.55,25
1719462775306,2.55,50
1719462775575,2.55,50
1719462776502,2.55,50
1719462777261,2.65,425
1719462777546,2.65,425
1719462778313,2.6,50
1719462778515,2.6,50
1719462779269,2.6,50
1719462779574,2.6,50
1719462780508,2.6,50
1719462780767,2.6,50
1719462781300,2.65,25
1719462781990,2.55,50
1719462782244,2.55,175
1719462782999,2.6,25
1719462783499,2.55,50
1719462784201,2.55,25
1719462784294,2.55,25
1719462785326,2.55,200
1719462785575,2.6,25
1719462786542,2.55,25
1719462786601,2.55,50
1719462787315,2.6,75
1719462787737,2.55,25
1719462788323,2.55,50
1719462788783,2.55,25
1719462789470,2.55,50
1719462789760,2.55,50
1719462790323,2.55,50
1719462790609,2.55,50
1719462791328,2.55,75
1719462792335,2.55,50
1719462792791,2.55,50
1719462793529,2.6,50
1719462793929,2.55,25
1719462794193,2.6,200
1719462794342,2.6,1150
1719462795374,2.55,50
1719462796314,2.55,25
1719462796566,2.55,50
1719462797312,2.55,50
1719462797808,2.55,50
1719462798542,2.6,25
1719462799003,2.6,50
1719462799339,2.6,75
1719462799800,2.55,25
1719462800290,2.55,50
1719462801011,2.55,50
1719462801123,2.55,25
1719462801318,2.55,50
1719462802522,2.55,50
1719462802566,2.55,50
1719462803297,2.5,50
1719462803800,2.55,600
1719462804346,2.5,25
1719462804806,2.55,25
1719462805512,2.5,500
1719462805842,2.5,50
1719462806238,2.55,300
1719462807210,2.5,25
1719462807318,2.55,100
1719462808412,2.5,50
1719462808529,2.5,1700
1719462809347,2.5,50
1719462809406,2.5,25
1719462810027,2.5,50
1719462810311,2.55,150
1719462810623,2.5,25
1719462811495,2.5,50
1719462811836,2.55,25
1719462812344,2.55,75
1719462812838,2.55,50
1719462813315,2.5,50
1719462814212,2.5,50
1719462814515,2.5,50
1719462815300,2.55,25
1719462815424,2.55,50
1719462816343,2.55,25
1719462816434,2.5,50
1719462817547,2.55,225
1719462817610,2.55,125
1719462818342,2.5,50
1719462818526,2.5,50
1719462819360,2.5,25
1719462819764,2.55,50
1719462820289,2.55,100
1719462821008,2.55,50
1719462821430,2.6,650
1719462821510,2.55,25
1719462822358,2.5,350
1719462822791,2.6,425
1719462823353,2.55,50
1719462823594,2.55,25
1719462824561,2.55,1750
1719462824831,2.6,225
1719462825288,2.6,25
1719462825825,2.6,1175
1719462826552,2.6,375
1719462827027,2.65,25
1719462827364,2.6,450
1719462827823,2.55,25
1719462828342,2.6,25
1719462828999,2.6,50
1719462829240,2.6,50
1719462829513,2.6,50
1719462830155,2.6,50
1719462830314,2.6,25
1719462831364,2.65,125
1719462831396,2.6,25
1719462832303,2.65,50
1719462832661,2.6,25
1719462833636,2.55,50
1719462834347,2.55,25
1719462834856,2.55,25
1719462835335,2.55,50
1719462836014,2.55,50
1719462836341,2.55,50
1719462837063,2.6,1500
1719462837565,2.55,200
1719462838352,2.55,50
1719462838665,2.55,100
1719462839345,2.55,50
1719462839673,2.55,125
1719462840344,2.55,25
1719462840682,2.6,125
1719462841364,2.55,50
1719462841653,2.55,25
1719462842468,2.6,875
1719462843361,2.55,50
1719462843691,2.6,75
1719462844334,2.55,50
1719462844878,2.55,50
1719462845551,2.55,50
1719462845871,2.55,50
1719462846350,2.55,50
1719462846869,2.55,25
1719462847348,2.55,50
1719462848073,2.6,25
1719462848346,2.6,50
1719462849238,2.6,25
1719462850284,2.6,1000
1719462850463,2.6,100
1719462851464,2.65,75
1719462851671,2.65,400
1719462852365,2.65,25
1719462852689,2.6,1325
1719462853303,2.65,50
1719462853426,2.65,25
1719462854459,2.6,75
1719462855349,2.6,100
1719462855845,2.6,25
1719462856238,2.6,100
1719462856720,2.65,25
1719462857568,2.6,100
1719462857771,2.6,25
1719462858247,2.6,25
1719462858465,2.65,275
1719462859257,2.6,100
1719462859438,2.65,450
1719462860389,2.6,50
1719462860428,2.65,50
1719462861364,2.6,100
1719462861513,2.65,275
1719462862534,2.65,900
1719462862797,2.6,25
1719462863304,2.6,25
1719462864053,2.65,50
1719462864333,2.6,25
1719462865584,2.6,475
1719462866327,2.65,50
1719462867338,2.65,500
1719462867661,2.65,25
1719462868340,2.6,75
1719462868615,2.6,25
1719462869557,2.7,100
1719462869875,2.65,25
1719462870069,2.65,25
1719462870366,2.65,25
1719462870912,2.7,25
1719462871367,2.7,150
1719462871898,2.7,25
1719462872500,2.7,25
1719462872915,2.65,25
1719462873378,2.65,25
1719462874067,2.7,50
1719462874346,2.65,25
1719462875391,2.65,675
1719462875391,2.65,675
1719462876286,2.65,100
1719462876672,2.65,125
1719462877589,2.65,25
1719462877717,2.65,25
1719462878384,2.7,75
1719462879131,2.65,25
1719462879382,2.65,25
1719462879500,2.65,25
1719462880389,2.7,75
1719462880721,2.7,75
1719462881391,2.65,25
1719462881897,2.7,750
1719462882389,2.65,25
1719462882907,2.7,75
1719462883383,2.7,75
1719462883696,2.7,75
1719462884400,2.65,25
1719462884711,2.7,25
1719462885387,2.7,75
1719462885917,2.75,75
1719462886586,2.7,50
1719462886724,2.7,50
1719462887347,2.7,50
1719462887745,2.7,50
1719462888387,2.7,25
1719462888685,2.7,25
1719462889105,2.65,50
1719462889601,2.75,125
1719462890299,2.7,250
1719462890767,2.75,25
1719462891386,2.75,50
1719462891885,2.7,25
1719462892560,2.75,600
1719462893121,2.7,25
1719462893315,2.65,25
1719462893544,2.7,175
1719462894316,2.7,25
1719462894615,2.75,500
1719462895145,2.7,25
1719462895554,2.75,100
1719462896375,2.7,25
1719462896885,2.7,25
1719462897563,2.7,1025
1719462897828,2.7,25
1719462898380,2.7,25
1719462898935,2.7,25
1719462899378,2.7,50
1719462899946,2.75,50
1719462900067,2.7,25
1719462900243,2.7,25
1719462900940,2.7,25
1719462901535,2.7,50
1719462901958,2.75,100
1719462902201,2.7,25
1719462902201,2.7,25
1719462903388,2.75,550
1719462903541,2.75,25
1719462904507,2.8,25
1719462905308,2.8,50
1719462905620,2.75,250
1719462906365,2.8,500
1719462906881,2.85,150
1719462907606,2.8,50
1719462908029,2.8,50
1719462908419,2.8,50
1719462908419,2.8,50
1719462909318,2.8,350
1719462909669,2.8,50
1719462910291,2.8,100
1719462910701,2.8,50
1719462911292,2.75,25
1719462911751,2.75,50
1719462912441,2.75,300
1719462912629,2.75,25
1719462913345,2.8,1275
1719462913784,2.8,75
1719462914399,2.8,850
1719462914864,2.75,50
1719462915337,2.75,25
1719462916116,2.8,50
1719462916349,2.75,25
1719462917115,2.8,25
1719462917299,2.8,50
1719462917581,2.75,25
1719462918370,2.75,25
1719462918672,2.75,25
1719462919389,2.8,400
1719462919547,2.75,25
1719462920400,2.75,50
1719462920905,2.8,25
1719462921420,2.75,25
1719462921795,2.75,325
1719462922412,2.7,100
1719462922980,2.7,25
1719462923351,2.7,25
1719462924145,2.75,325
1719462924209,2.7,275
1719462924209,2.7,275
1719462925419,2.7,50
1719462926388,2.7,25
1719462926767,2.7,125
1719462927357,2.7,200
1719462927754,2.75,1150
1719462928604,2.7,50
1719462928604,2.7,50
1719462929310,2.75,425
1719462929799,2.75,25
1719462930009,2.75,25
1719462930433,2.75,525
1719462930730,2.75,500
1719462931419,2.75,50
1719462932002,2.75,50
1719462932274,2.8,675
1719462933013,2.75,125
1719462933398,2.75,100
1719462934168,2.8,600
1719462934168,2.8,600
1719462934575,2.8,600
1719462935286,2.75,100
1719462935753,2.75,25
1719462936433,2.75,25
1719462936803,2.8,275
1719462937433,2.75,125
1719462938001,2.7,25
1719462938587,2.7,25
1719462939000,2.75,500
1719462939404,2.75,125
1719462940195,2.75,25
1719462940481,2.8,125
1719462941401,2.75,25
1719462941610,2.75,25
1719462942562,2.75,175
1719462943376,2.75,125
1719462943585,2.8,375
1719462944428,2.8,25
1719462944751,2.8,50
1719462945396,2.75,25
1719462946000,2.8,250
1719462946581,2.8,75
1719462947000,2.8,500
1719462947393,2.8,25
1719462948210,2.85,50
1719462948292,2.8,125
1719462949586,2.8,25
1719462949737,2.8,25
1719462950405,2.85,700
1719462950751,2.8,25
1719462951436,2.8,75
1719462952000,2.8,75
1719462952444,2.8,25
1719462952818,2.8,50
1719462953446,2.8,75
1719462953823,2.8,25
1719462954412,2.8,75
1719462954743,2.8,50
1719462955438,2.75,25
1719462955806,2.75,25
1719462956631,2.8,150
1719462957042,2.7,75
1719462957255,2.7,25
1719462958217,2.75,75
1719462958249,2.75,125
1719462959141,2.75,600
1719462959359,2.7,25
1719462959627,2.75,75
1719462960423,2.75,25
1719462960831,2.75,50
1719462961596,2.7,75
1719462962039,2.7,25
1719462962375,2.7,250
1719462963058,2.7,25
1719462963412,2.75,25
1719462964226,2.7,25
1719462964621,2.7,25
1719462964718,2.75,25
1719462965292,2.7,75
1719462965482,2.7,375
1719462966645,2.75,250
1719462966845,2.7,25
1719462967270,2.7,50
1719462967821,2.75,150
1719462968391,2.7,25
1719462968832,2.75,1600
1719462969451,2.7,600
1719462969979,2.7,25
1719462970602,2.75,400
1719462971000,2.75,25
1719462971402,2.75,250
1719462972012,2.75,25
1719462972228,2.75,375
1719462973051,2.7,25
1719462973391,2.7,25
1719462974242,2.7,125
1719462974357,2.75,75
1719462975653,2.75,25
1719462976437,2.75,350
1719462976832,2.7,75
1719462977204,2.7,25
1719462977850,2.75,250
1719462978450,2.7,250
1719462979052,2.7,25
1719462979201,2.7,350
1719462980044,2.75,125
1719462980384,2.75,75
1719462981170,2.75,250
1719462982355,2.7,25
1719462982616,2.75,100
1719462983155,2.75,250
1719462983821,2.7,100
1719462984086,2.7,25
1719462984768,2.75,100
1719462985514,2.7,225
1719462985514,2.7,225
1719462986385,2.7,300
1719462987047,2.75,150
1719462987427,2.75,25
1719462987427,2.75,25
1719462988279,2.7,75
1719462988797,2.75,25
1719462989379,2.7,25
1719462989379,2.7,25
1719462990085,2.75,125
1719462990130,2.75,25
1719462990130,2.75,25
1719462991438,2.7,650
1719462991868,2.75,25
1719462992450,2.75,50
1719462992722,2.75,25
1719462993421,2.7,25
1719462994094,2.7,25
1719462994415,2.75,100
1719462995000,2.7,75
1719462995305,2.7,75
1719462995305,2.7,75
1719462996470,2.7,25
1719462997657,2.7,25
1719462998352,2.75,75
1719462998683,2.75,175
1719462999251,2.7,50
1719462999893,2.7,25
1719463000360,2.7,25
1719463000871,2.7,100
1719463001469,2.75,100
1719463001726,2.75,50
1719463002550,2.7,75
1719463014874,2.65,600
1719463015338,2.65,25
1719463015873,2.7,25
1719463016460,2.65,25
1719463017046,2.65,25
1719463017487,2.65,25
1719463017662,2.65,25
1719463018416,2.7,100
1719463018927,2.7,150
1719463019438,2.65,500
1719463019802,2.65,500
1719463020002,2.6,50
1719463020459,2.65,525
1719463020487,2.6,25
1719463021432,2.6,50
1719463021549,2.65,250
1719463022411,2.6,25
1719463023116,2.65,25
1719463023425,2.6,25
1719463024017,2.6,25
1719463024409,2.6,50
1719463025308,2.65,125
1719463025443,2.6,25
1719463025525,2.6,125
1719463026473,2.65,175
1719463026861,2.65,25
1719463027463,2.6,25
1719463027912,2.6,25
1719463028459,2.6,25
1719463029118,2.6,50
1719463029649,2.6,25
1719463030333,2.6,50
1719463030470,2.6,25
1719463031279,2.55,75
1719463031462,2.55,25
1719463031491,2.55,100
1719463032491,2.6,100
1719463032918,2.6,100
1719463033490,2.6,25
1719463033964,2.65,25
1719463034476,2.65,25
1719463034922,2.65,25
1719463035603,2.7,300
1719463035951,2.7,25
1719463036464,2.65,425
1719463037113,2.75,100
1719463037374,2.75,100
1719463038126,2.7,175
1719463038470,2.75,25
1719463039122,2.7,675
1719463039459,2.65,50
1719463040116,2.7,1475
1719463040473,2.75,100
1719463040760,2.75,50
1719463041670,2.7,100
1719463041889,2.7,50
1719463042483,2.7,100
1719463042907,2.65,100
1719463043457,2.7,100
1719463043963,2.65,150
1719463044482,2.65,150
1719463045166,2.7,25
1719463045499,2.65,550
1719463046156,2.65,25
1719463046443,2.65,25
1719463046763,2.65,25
1719463047464,2.65,450
1719463047765,2.65,25
1719463048387,2.65,50
1719463048725,2.6,25
1719463049391,2.65,350
1719463049740,2.6,25
1719463050486,2.6,25
1719463050806,2.65,50
1719463051553,2.6,25
1719463052501,2.65,1325
1719463052606,2.65,850
1719463053549,2.65,50
1719463053800,2.7,25
1719463054408,2.7,25
1719463054733,2.7,100
1719463055473,2.7,100
1719463055777,2.7,425
1719463056487,2.65,725
1719463056862,2.65,25
1719463057420,2.7,450
1719463057901,2.7,200
1719463058460,2.7,800
1719463058919,2.7,25
1719463059533,2.7,25
1719463060034,2.7,100
1719463060500,2.7,25
1719463060939,2.65,75
1719463061437,2.65,25
1719463062184,2.7,100
1719463062449,2.65,200
1719463063145,2.65,50
1719463063331,2.7,125
1719463064074,2.65,75
1719463064255,2.7,25
1719463065323,2.7,25
1719463065672,2.65,25
1719463066404,2.7,50
1719463066404,2.7,50
1719463067500,2.7,25
1719463067655,2.65,75
1719463068077,2.65,25
1719463068945,2.7,150
1719463069468,2.65,25
1719463069860,2.7,700
1719463070440,2.65,25
1719463071151,2.7,25
1719463071482,2.65,500
1719463072104,2.65,25
1719463072268,2.65,300
1719463073200,2.7,25
1719463073468,2.65,25
1719463074300,2.7,25
1719463074501,2.7,50
1719463074501,2.7,50
1719463075465,2.65,25
1719463075811,2.7,125
1719463076346,2.7,200
1719463076736,2.7,25
1719463077470,2.65,25
1719463078181,2.65,25
1719463078682,2.7,75
1719463079223,2.7,25
1719463079480,2.65,25
1719463079899,2.65,825
1719463080473,2.65,50
1719463080769,2.65,25
1719463081474,2.65,1275
1719463082000,2.65,50
1719463082500,2.65,25
1719463083001,2.65,875
1719463083383,2.65,1350
1719463084016,2.65,1150
1719463084682,2.65,500
1719463085182,2.65,1100
1719463085465,2.65,25
1719463086513,2.65,25
1719463086513,2.65,25
1719463087457,2.65,125
1719463087700,2.65,25
1719463088455,2.6,25
1719463088800,2.65,25
1719463089501,2.6,25
1719463089962,2.65,25
1719463090497,2.6,100
1719463090977,2.65,25
1719463091590,2.6,75
1719463092045,2.6,50
1719463092411,2.6,25
1719463092671,2.6,25
1719463093500,2.65,25
1719463093836,2.6,125
1719463094494,2.65,600
1719463095498,2.6,1625
1719463095803,2.65,1000
1719463096504,2.55,75
1719463096840,2.6,50
1719463097533,2.6,100
1719463097716,2.6,1000
1719463098510,2.6,25
1719463099000,2.6,75
1719463099500,2.65,25
1719463099929,2.6,1100
1719463100700,2.65,25
1719463100700,2.65,25
1719463101369,2.65,25
1719463101970,2.6,50
1719463101970,2.6,50
1719463103170,2.65,600
1719463103620,2.55,25
1719463104294,2.6,275
1719463104600,2.6,25
1719463105507,2.55,25
1719463105901,2.55,25
1719463106459,2.55,500
1719463107025,2.6,200
1719463107131,2.55,25
1719463108001,2.6,25
1719463108381,2.55,25
1719463108637,2.55,25
1719463109444,2.55,25
1719463110057,2.6,50
1719463110506,2.55,250
1719463110661,2.55,25
1719463111500,2.6,25
1719463111974,2.6,400
1719463112509,2.55,25
1719463113002,2.6,25
1719463113539,2.55,50
1719463114264,2.6,225
1719463114530,2.6,75
1719463115211,2.55,175
1719463115520,2.6,100
1719463116515,2.55,25
1719463116711,2.55,25
1719463117535,2.6,25
1719463117746,2.55,25
1719463118557,2.55,25
1719463119091,2.55,25
1719463119547,2.55,25
1719463120079,2.6,25
1719463120381,2.55,25
1719463121000,2.6,50
1719463121688,2.5,100
1719463122238,2.5,25
1719463122535,2.5,25
1719463123270,2.5,25
1719463123491,2.55,900
1719463124090,2.5,25
1719463124487,2.55,50
1719463125287,2.5,25
1719463125514,2.5,25
1719463126270,2.5,25
1719463126430,2.5,25
1719463127227,2.5,25
1719463127474,2.5,875
1719463128065,2.55,25
1719463128433,2.5,225
1719463129212,2.5,25
1719463129559,2.55,200
1719463130249,2.55,750
1719463130439,2.55,25
1719463131465,2.55,200
1719463131670,2.6,350
1719463132521,2.6,1050
1719463133040,2.6,350
1719463133522,2.55,25
1719463134104,2.55,25
1719463134452,2.55,275
1719463135066,2.55,25
1719463135501,2.55,25
1719463136095,2.6,150
1719463136541,2.6,125
1719463136648,2.55,25
1719463137480,2.6,350
1719463137665,2.55,100
1719463138445,2.55,50
1719463138770,2.6,125
1719463139525,2.55,100
1719463139885,2.5,25
1719463140018,2.55,50
1719463140326,2.55,525
1719463140669,2.5,25
1719463141300,2.55,25
1719463141851,2.5,25
1719463142429,2.55,250
1719463143002,2.5,50
1719463143563,2.5,100
1719463144007,2.55,300
1719463144543,2.5,875
1719463145135,2.55,500
1719463145347,2.55,50
1719463146043,2.5,25
1719463146514,2.55,500
1719463147252,2.5,500
1719463147533,2.5,125
1719463148203,2.5,725
1719463148734,2.5,25
1719463149525,2.5,25
1719463149525,2.5,25
1719463149666,2.5,300
1719463150535,2.5,25
1719463150900,2.5,25
1719463151430,2.5,200
1719463151891,2.5,50
1719463152479,2.55,175
1719463152944,2.55,300
1719463153466,2.55,50
1719463154238,2.5,25
1719463154509,2.55,50
1719463155288,2.5,300
1719463155522,2.5,125
1719463156042,2.55,100
1719463156525,2.5,75
1719463157125,2.5,75
1719463157451,2.5,75
1719463157813,2.55,125
1719463158415,2.5,25
1719463158695,2.55,25
1719463159502,2.5,25
1719463160016,2.5,25
1719463160440,2.5,25
1719463161101,2.5,25
1719463161555,2.5,25
1719463162128,2.55,500
1719463162560,2.5,250
1719463163251,2.5,50
1719463163485,2.5,25
1719463164116,2.55,50
1719463164501,2.5,25
1719463164987,2.5,25
1719463164987,2.5,25
1719463166080,2.5,100
1719463166537,2.5,25
1719463167400,2.5,100
1719463167579,2.5,25
1719463167694,2.5,200
1719463168566,2.5,25
1719463168901,2.55,50
1719463169454,2.55,25
1719463169584,2.5,25
1719463170300,2.55,25
1719463170739,2.5,675
1719463171501,2.5,50
1719463171669,2.5,125
1719463172252,2.55,25
1719463173036,2.5,25
1719463173387,2.5,225
1719463174251,2.5,50
1719463174544,2.5,125
1719463175039,2.5,25
1719463175510,2.55,25
1719463176108,2.5,150
1719463176511,2.55,25
1719463177102,2.5,25
1719463177624,2.55,25
1719463178252,2.55,25
1719463178575,2.5,225
1719463179345,2.55,25
1719463179501,2.5,50
1719463180501,2.55,50
1719463181501,2.5,50
1719463181754,2.5,100
1719463182575,2.5,175
1719463182751,2.45,50
1719463183577,2.5,425
1719463183771,2.5,175
1719463184501,2.45,50
1719463184751,2.45,25
1719463185471,2.5,75
1719463185977,2.5,50
1719463186501,2.5,1175
1719463186896,2.55,200
1719463187422,2.5,50
1719463188122,2.55,25
1719463188530,2.55,200
1719463189151,2.55,25
1719463189595,2.55,25
1719463190363,2.5,200
1719463190433,2.55,50
1719463190937,2.55,25
1719463191519,2.55,75
1719463191976,2.55,25
1719463192378,2.55,25
1719463193015,2.5,25
1719463193367,2.55,175
1719463194156,2.55,25
1719463194277,2.5,50
1719463195128,2.5,25
1719463195346,2.5,25
1719463196136,2.5,25
1719463196400,2.55,25
1719463197184,2.55,25
1719463197752,2.5,75
1719463198173,2.5,150
1719463198575,2.55,250
1719463199335,2.5,900
1719463199526,2.5,50
1719463200394,2.55,100
1719463200474,2.55,225
1719463201580,2.5,25
1719463201791,2.45,25
1719463202584,2.55,125
1719463203162,2.5,25
1719463203682,2.55,500
1719463204170,2.55,1000
1719463204597,2.5,50
1719463205200,2.55,25
1719463205454,2.5,1050
1719463206188,2.5,400
1719463206534,2.55,25
1719463207088,2.5,25
1719463207582,2.5,25
1719463208006,2.5,425
1719463208568,2.5,25
1719463209134,2.55,50
1719463209451,2.55,50
1719463210161,2.5,25
1719463210535,2.5,25
1719463211036,2.5,25
1719463211587,2.5,50
1719463212405,2.5,25
1719463212552,2.5,25
1719463213255,2.5,25
1719463213585,2.5,50
1719463214001,2.55,25
1719463214433,2.55,250
1719463214981,2.55,500
1719463215497,2.5,100
1719463215692,2.55,125
1719463216227,2.55,150
1719463216991,2.5,50
1719463217421,2.5,1075
1719463217421,2.5,1075
1719463218400,2.55,25
1719463218901,2.55,25
1719463219500,2.55,25
1719463220138,2.55,25
1719463220594,2.5,75
1719463221321,2.5,25
1719463221509,2.55,650
1719463221800,2.55,25
1719463222587,2.55,75
1719463222799,2.55,250
1719463223594,2.5,25
1719463224051,2.5,25
1719463224590,2.6,75
1719463225200,2.6,25
1719463225548,2.55,25
1719463226128,2.55,275
1719463226400,2.6,25
1719463227115,2.55,25
1719463227583,2.5,725
1719463228165,2.5,25
1719463228600,2.55,25
1719463229425,2.5,25
1719463229425,2.5,25
1719463230226,2.55,50
1719463230431,2.55,25
1719463231169,2.6,25
1719463231503,2.55,50
1719463232136,2.5,25
1719463232523,2.5,75
1719463232976,2.5,50
1719463233600,2.55,25
1719463234443,2.55,25
1719463234755,2.5,25
1719463235429,2.5,625
1719463235605,2.55,25
1719463236155,2.55,500
1719463236528,2.5,25
1719463237448,2.55,50
1719463237609,2.5,25
1719463238400,2.55,25
1719463238604,2.55,25
1719463239034,2.55,575
1719463239576,2.6,300
1719463254272,2.55,25
1719463254584,2.55,500
1719463255408,2.55,125
1719463255408,2.55,125
1719463255829,2.55,25
1719463256573,2.55,75
1719463256867,2.55,725
1719463257600,2.6,25
1719463257776,2.55,25
1719463258587,2.6,25
1719463259077,2.55,275
1719463259531,2.6,25
1719463260027,2.55,450
1719463260451,2.6,850
1719463260618,2.6,25
1719463261220,2.6,175
1719463261359,2.6,25
1719463262286,2.55,25
1719463262624,2.5,50
1719463263200,2.6,25
1719463263514,2.6,75
1719463264698,2.6,300
1719463264891,2.55,25
1719463265600,2.6,25
1719463265922,2.55,125
1719463266548,2.55,25
1719463266972,2.6,75
1719463267592,2.55,375
1719463281369,2.45,25
1719463281601,2.45,25
1719463282440,2.5,50
1719463282440,2.5,50
1719463283638,2.5,75
1719463283927,2.5,25
1719463284620,2.5,1175
1719463284896,2.5,25
1719463285476,2.55,25
1719463285962,2.5,175
1719463286632,2.45,25
1719463287267,2.55,250
1719463287650,2.5,100
1719463288267,2.55,75
1719463288531,2.5,25
1719463289611,2.5,900
1719463289823,2.5,25
1719463290310,2.5,25
1719463290552,2.55,250
1719463291531,2.5,25
1719463291600,2.5,25
1719463292600,2.5,25
1719463292900,2.5,25
1719463293600,2.5,25
1719463294124,2.5,25
1719463294600,2.5,25
1719463295100,2.5,25
1719463295800,2.5,25
1719463296300,2.5,25
1719463296600,2.5,25
1719463297300,2.5,25
1719463297600,2.5,25
1719463298558,2.45,25
1719463299460,2.45,25
1719463300553,2.45,75
1719463300651,2.45,75
1719463301541,2.45,75
1719463304540,2.45,25
1719463305283,2.5,75
1719463305499,2.5,525
1719463305948,2.45,25
1719463306654,2.45,25
1719463307723,2.45,25
1719463308500,2.5,25
1719463309246,2.5,25
1719463309657,2.5,125
1719463310243,2.45,25
1719463310518,2.5,50
1719463311353,2.5,50
1719463311353,2.5,50
1719463312298,2.45,25
1719463312477,2.5,300
1719463313497,2.45,100
1719463313497,2.45,100
1719463314537,2.45,500
1719463314736,2.45,125
1719463315461,2.45,1750
1719463315665,2.45,50
1719463316314,2.45,25
1719463316534,2.45,25
1719463316768,2.5,200
1719463317600,2.5,25
1719463318294,2.45,125
1719463318592,2.5,75
1719463319234,2.45,25
1719463319649,2.45,225
1719463320350,2.45,25
1719463329654,2.45,25
1719463330456,2.45,100
1719463330643,2.5,25
1719463331761,2.5,75
1719463358576,2.4,25
1719463359607,2.4,100
1719463360411,2.3,25
1719463360648,2.4,200
1719463361641,2.3,25
1719463361672,2.35,50
1719463362698,2.3,400
1719463363176,2.35,25
1719463363682,2.35,50
1719463364412,2.35,25
1719463364464,2.3,25
1719463365691,2.35,25
1719463366550,2.3,25
1719463367600,2.35,25
1719463367702,2.3,25
1719463368559,2.35,1175
1719463369642,2.3,25
1719463369821,2.35,75
1719463369984,2.3,725
1719463370671,2.35,375
1719463371036,2.3,25
1719463371660,2.3,50
1719463372238,2.3,25
1719463372671,2.3,75
1719463373048,2.3,25
1719463373627,2.35,75
1719463374315,2.35,25
1719463374692,2.3,25
1719463379200,2.35,25
1719463379699,2.35,500
1719463379964,2.35,25
1719463380352,2.35,75
1719463380674,2.35,75
1719463381197,2.4,25
1719463381658,2.4,50
1719463382278,2.45,650
1719463382617,2.4,25
1719463383644,2.4,25
1719463383700,2.45,25
1719463384692,2.4,25
1719463385655,2.45,350
1719463385700,2.45,25
1719463385700,2.45,25
1719463386708,2.45,300
1719463387300,2.45,25
1719463387672,2.4,25
1719463388409,2.4,25
1719463388583,2.4,75
1719463389300,2.45,25
1719463389700,2.45,25
1719463390610,2.4,350
1719463391711,2.4,25
1719463392364,2.4,1100
1719463392700,2.45,25
1719463393435,2.4,50
1719463393626,2.45,50
1719463394663,2.4,275
1719463394870,2.4,50
1719463394971,2.4,50
1719463395600,2.45,25
1719463396256,2.45,175
1719463396700,2.45,25
1719463397118,2.45,25
1719463397400,2.45,25
1719463398468,2.4,25
1719463398697,2.4,50
1719463399341,2.45,625
1719463399700,2.45,25
1719463400352,2.45,125
1719463400705,2.4,100
1719463401679,2.45,25
1719463401679,2.45,25
1719463402701,2.4,50
1719463403673,2.4,300
1719463403856,2.4,25
1719463404003,2.4,25
1719463404720,2.45,200
1719463405100,2.4,175
1719463405542,2.45,25
1719463406500,2.45,25
1719463406603,2.4,75
1719463407710,2.45,25
1719463407910,2.45,350
1719463408716,2.45,25
1719463409682,2.45,225
1719463410053,2.45,25
1719463410695,2.45,25
1719463410695,2.45,25
1719463411710,2.45,350
1719463411910,2.45,275
1719463412110,2.45,350
1719463412684,2.45,175
1719463413100,2.45,450
1719463413719,2.5,375
1719463414110,2.45,175
1719463414710,2.45,350
1719463415310,2.45,25
1719463415720,2.45,175
1719463416310,2.45,350
1719463416700,2.5,25
1719463417261,2.45,25
1719463417700,2.45,25
1719463418470,2.45,75
1719463418665,2.45,125
1719463419390,2.45,25
1719463419710,2.45,350
1719463420431,2.45,50
1719463420706,2.45,25
1719463421490,2.45,350
1719463421490,2.45,350
1719463422431,2.45,25
1719463422677,2.5,25
1719463423528,2.5,1250
1719463423684,2.45,25
1719463424526,2.45,25
1719463425720,2.5,75
1719463426663,2.45,25
1719463426944,2.45,25
1719463427302,2.45,775
1719463427857,2.45,25
1719463428537,2.55,500
1719463428722,2.55,250
1719463429724,2.55,200
1719463430735,2.55,25
1719463430911,2.5,50
1719463431697,2.5,175
1719463431913,2.55,25
1719463432706,2.6,25
1719463432915,2.55,850
1719463433154,2.6,500
1719463433660,2.6,25
1719463434210,2.55,350
1719463434659,2.6,225
1719463435495,2.55,25
1719463435585,2.55,1275
1719463436552,2.55,1475
1719463436905,2.55,75
1719463437515,2.55,500
1719463437737,2.55,25
1719463438673,2.55,25
1719463439719,2.55,900
1719463439900,2.55,25
1719463440001,2.55,25
1719463440001,2.55,25
1719463440589,2.5,25
1719463441558,2.5,25
1719463441944,2.5,25
1719463442541,2.5,125
1719463442663,2.5,25
1719463443522,2.45,25
1719463443711,2.45,25
1719463444569,2.5,125
1719463444609,2.45,75
1719463445500,2.5,25
1719463445714,2.5,100
1719463466661,2.45,225
1719463467037,2.45,50
1719463467731,2.45,25
1719463468028,2.4,25
1719463468594,2.4,25
1719463469242,2.45,75
1719463469600,2.45,25
1719463470289,2.4,25
1719463470710,2.35,100
1719463471557,2.35,100
1719463471750,2.35,100
1719463472582,2.35,450
1719463472698,2.4,725
1719463473591,2.4,25
1719463473617,2.35,25
1719463474542,2.3,25
1719463474542,2.3,25
1719463475768,2.35,75
1719463476162,2.3,25
1719463476733,2.35,25
1719463477200,2.3,25
1719463477777,2.35,75
1719463478203,2.35,500
1719463478690,2.35,25
1719463479300,2.4,25
1719463479700,2.35,25
1719463480386,2.4,600
1719463480613,2.45,400
1719463481399,2.4,500
1719463481670,2.4,25
1719463482501,2.4,200
1719463482501,2.4,200
1719463483682,2.4,25
1719463484588,2.4,100
1719463484588,2.4,100
1719463485134,2.45,250
1719463485700,2.4,25
1719463486203,2.4,550
1719463486656,2.45,25
1719463487547,2.45,25
1719463487699,2.4,25
1719463488500,2.4,100
1719463488500,2.4,100
1719463489366,2.4,25
1719463489366,2.4,25
1719463490500,2.45,25
1719463490709,2.4,25
1719463491676,2.4,25
1719463492000,2.4,75
1719463492210,2.45,25
1719463492719,2.45,175
1719463493415,2.4,25
1719463493693,2.45,50
1719463495500,2.4,25
1719463495771,2.4,200
1719463496745,2.4,25
1719463496807,2.45,25
1719463497777,2.45,75
1719463498785,2.4,25
1719463499400,2.45,25
1719463499493,2.4,25
1719463500000,2.45,50
1719463500617,2.4,50
1719463500761,2.35,25
1719463501579,2.4,50
1719463501579,2.4,50
1719463502635,2.4,75
1719463502789,2.35,25
1719463503627,2.4,200
1719463503730,2.4,75
1719463504811,2.35,25
1719463505697,2.45,75
1719463505848,2.4,1800
1719463506609,2.35,25
1719463507020,2.35,125
1719463507127,2.35,625
1719463507731,2.35,225
1719463508407,2.4,25
1719463508749,2.4,25
1719463509818,2.35,25
1719463510829,2.4,25
1719463511795,2.4,500
1719463511834,2.4,25
1719463512734,2.45,450
1719463512734,2.45,450
1719463513200,2.45,25
1719463513755,2.4,125
1719463514400,2.45,25
1719463514499,2.45,25
1719463515500,2.45,25
1719463515757,2.4,25
1719463516370,2.45,50
1719463516779,2.4,25
1719463517406,2.45,25
1719463517406,2.45,25
1719463518671,2.45,700
1719463518689,2.4,25
1719463519649,2.4,100
1719463519785,2.45,100
1719463520848,2.4,25
1719463520881,2.4,50
1719463521511,2.45,25
1719463521864,2.4,25
1719463522500,2.45,25
1719463523362,2.4,25
1719463523854,2.4,25
1719463524675,2.35,200
1719463524923,2.35,50
1719463525273,2.4,25
1719463525677,2.4,25
1719463526259,2.4,25
1719463526744,2.4,375
1719463527442,2.4,25
1719463527792,2.4,25
1719463528558,2.4,25
1719463528789,2.4,50
1719463529751,2.4,100
1719463530473,2.35,25
1719463530473,2.35,25
1719463531714,2.35,25
1719463532686,2.35,25
1719463532686,2.35,25
1719463533686,2.35,25
1719463533875,2.3,25
1719463534700,2.35,25
1719463535065,2.3,25
1719463535191,2.35,25
1719463535783,2.35,25
1719463536465,2.3,25
1719463536685,2.35,25
1719463537577,2.35,50
1719463537730,2.3,500
1719463538109,2.3,25
1719463538791,2.35,25
1719463539080,2.3,650
1719463539695,2.35,50
1719463540587,2.35,1325
1719463540743,2.3,475
1719463541729,2.3,550
1719463541729,2.3,550
1719463542169,2.3,25
1719463542169,2.3,25
1719463543185,2.3,25
1719463543597,2.35,25
1719463544264,2.3,100
1719463544264,2.3,100
1719463545678,2.3,25
1719463545678,2.3,25
1719463546567,2.3,200
1719463546795,2.3,25
1719463547704,2.3,25
1719463549910,2.25,25
1719463550781,2.3,25
1719463551387,2.3,100
1719463551557,2.25,25
1719463552714,2.3,25
1719463552714,2.3,25
1719463553704,2.3,75
1719463553704,2.3,75
1719463554714,2.35,25
1719463555371,2.3,25
1719463555371,2.3,25
1719463556665,2.3,25
1719463556788,2.35,200
1719463557757,2.35,450
1719463557757,2.35,450
1719463558083,2.3,25
1719463558689,2.35,75
1719463559300,2.35,25
1719463559446,2.3,25
1719463560086,2.3,25
1719463560440,2.3,25
1719463560564,2.35,50
1719463561498,2.35,50
1719463561678,2.35,25
1719463562556,2.3,75
1719463563784,2.35,525
1719463564775,2.4,50
1719463564910,2.4,375
1719463565617,2.35,50
1719463565890,2.35,25
1719463566616,2.35,25
1719463566616,2.35,25
1719463567642,2.4,300
1719463567933,2.4,100
1719463568763,2.4,25
1719463568929,2.4,500
1719463569583,2.35,25
1719463570676,2.4,25
1719463570676,2.4,25
1719463571777,2.45,25
1719463571951,2.4,25
1719463572780,2.45,25
1719463574000,2.45,50
1719463574150,2.45,25
1719463574490,2.4,25
1719463574717,2.4,100
1719463575424,2.4,25
1719463575682,2.4,25
1719463576000,2.45,50
1719463576788,2.4,25
1719463577745,2.4,225
1719463577798,2.4,50
1719463578773,2.4,25
1719463579812,2.45,25
1719463580695,2.4,25
1719463580695,2.4,25
1719463581708,2.4,25
1719463581842,2.45,700
1719463582815,2.5,50
1719463583102,2.5,25
1719463583743,2.5,25
1719463583777,2.5,75
1719463584825,2.45,25
1719463585773,2.45,25
1719463586134,2.5,175
1719463586788,2.45,25
1719463587801,2.45,25
1719463588480,2.5,75
1719463588872,2.5,25
1719463589823,2.45,25
1719463590031,2.5,50
1719463590662,2.45,25
1719463591457,2.5,200
1719463591950,2.45,150
1719463592903,2.45,400
1719463593320,2.45,25
1719463593671,2.5,25
1719463594488,2.5,25
1719463594488,2.5,25
1719463595203,2.5,100
1719463595631,2.5,25
1719463596452,2.45,25
1719463597638,2.5,1125
1719463598339,2.5,375
1719463598939,2.45,25
1719463599369,2.5,375
1719463599679,2.5,425
1719463600831,2.5,25
1719463601475,2.5,25
1719463601854,2.5,25
1719463609664,2.45,100
1719463610526,2.45,50
1719463610614,2.45,50
1719463611292,2.4,25
1719463611637,2.4,25
1719463612703,2.45,75
1719463613784,2.45,25
1719463614725,2.45,375
1719463615792,2.4,100
1719463615990,2.45,50
1719463616775,2.45,125
1719463617764,2.4,1600
1719463618812,2.45,125
1719463619749,2.45,25
1719463620818,2.45,250
1719463621793,2.45,25
1719463621944,2.45,700
1719463622757,2.45,25
1719463622883,2.45,400
1719463623780,2.5,25
1719463624012,2.45,50
1719463624241,2.45,25
1719463625000,2.45,75
1719463625278,2.45,25
1719463626224,2.45,675
1719463626354,2.45,25
1719463626766,2.5,25
1719463627311,2.45,25
1719463627550,2.5,100
1719463628850,2.45,25
1719463629336,2.45,50
1719463629651,2.45,25
1719463630732,2.45,225
1719463631748,2.45,25
1719463632366,2.4,25
1719463632927,2.45,50
1719463633747,2.4,25
1719463634510,2.4,100
1719463635791,2.45,150
1719463636000,2.45,50
1719463636551,2.4,100
1719463637009,2.4,500
1719463637843,2.4,100
1719463638036,2.45,200
1719463638802,2.4,25
1719463638802,2.4,25
1719463639505,2.4,25
1719463639505,2.4,25
1719463640578,2.4,25
1719463640823,2.4,500
1719463641476,2.4,25
1719463641476,2.4,25
1719463642464,2.35,25
1719463642879,2.4,25
1719463643684,2.4,25
1719463643918,2.4,25
1719463644838,2.35,125
1719463644838,2.35,125
1719463645456,2.35,50
1719463645630,2.4,25
1719463646513,2.35,25
1719463646513,2.35,25
1719463647544,2.4,25
1719463647544,2.4,25
1719463668571,2.4,100
1719463668866,2.45,75
1719463669635,2.4,25
1719463669824,2.45,25
1719463670617,2.4,1175
1719463670869,2.4,100
1719463671662,2.45,50
1719463671849,2.4,250
1719463672825,2.4,25
1719463673837,2.4,25
1719463674856,2.35,25
1719463674856,2.35,25
1719463675874,2.35,225
1719463676053,2.35,75
1719463676876,2.35,25
1719463688799,2.45,25
1719463690055,2.45,25
1719463690843,2.4,400
1719463691724,2.45,100
1719463692893,2.45,25
1719463693518,2.45,275
1719463693518,2.45,275
1719463694899,2.4,1400
1719463695879,2.45,275
1719463696109,2.45,125
1719463696871,2.4,25
1719463697133,2.4,25
1719463697477,2.4,950
1719463697833,2.4,250
1719463698583,2.4,25
1719463698834,2.45,50
1719463699160,2.4,25
1719463699778,2.45,25
1719463700922,2.45,1050
1719463701332,2.4,500
1719463701332,2.4,500
1719463702864,2.4,1250
1719463703062,2.4,25
1719463703594,2.4,75
1719463703594,2.4,75
1719463704462,2.4,100
1719463704767,2.45,25
1719463705670,2.4,975
1719463705779,2.4,50
1719463706842,2.4,850
1719463707501,2.45,25
1719463708137,2.4,900
1719463708778,2.4,500
1719463709271,2.4,25
1719463709649,2.35,25
1719463709782,2.4,150
1719463710634,2.35,25
1719463710759,2.4,450
1719463711895,2.4,75
1719463711895,2.4,75
1719463712923,2.35,75
1719463713864,2.35,75
1719463714625,2.35,250
1719463715699,2.3,25
1719463716869,2.35,75
1719463717100,2.35,75
1719463717870,2.35,75
1719463718146,2.35,75
1719463718892,2.35,75
1719463719154,2.35,75
1719463719760,2.35,100
1719463719897,2.35,75
1719463720954,2.3,75
1719463721889,2.3,50
1719463721889,2.3,50
1719463722833,2.3,50
1719463723121,2.3,200
1719463723945,2.25,25
1719463724790,2.25,25
1719463725009,2.3,25
1719463725509,2.25,25
1719463725842,2.25,500
1719463726870,2.25,175
1719463727503,2.25,25
1719463727835,2.25,700
1719463728967,2.25,425
1719463729931,2.35,125
1719463730720,2.3,25
1719463731364,2.35,25
1719463731553,2.3,25
1719463731893,2.35,100
1719463732740,2.3,25
1719463732907,2.35,25
1719463733653,2.3,25
1719463733653,2.3,25
1719463734587,2.3,25
1719463734820,2.35,25
1719463735770,2.3,50
1719463735913,2.25,25
1719463736919,2.25,200
1719463736919,2.25,200
1719463737641,2.25,25
1719463737641,2.25,25
1719463738837,2.3,475
1719463739152,2.3,225
1719463739152,2.3,225
1719463739815,2.25,25
1719463740000,2.25,25
1719463740776,2.25,25
1719463740819,2.3,200
1719463741790,2.25,50
1719463741790,2.25,50
1719463742781,2.25,25
1719463742781,2.25,25
1719463743921,2.25,25
1719463743921,2.25,25
1719463744965,2.3,75
1719463745851,2.25,300
1719463745851,2.25,300
1719463746930,2.25,700
1719463746930,2.25,700
1719463747553,2.3,100
1719463747772,2.25,25
1719463748748,2.25,375
1719463748896,2.3,75
1719463749783,2.25,100
1719463749980,2.3,750
1719463750909,2.25,25
1719463751063,2.3,25
1719463751794,2.2,25
1719463751964,2.2,975
1719463752896,2.2,275
1719463753196,2.2,25
1719463753813,2.2,25
1719463753813,2.2,25
1719463754910,2.25,350
1719463755746,2.25,25
1719463755922,2.25,100
1719463760932,2.15,25
1719463761922,2.15,25
1719463762024,2.2,25
1719463763018,2.15,125
1719463763110,2.15,75
1719463764210,2.15,350
1719463764900,2.15,25
1719463765106,2.15,150
1719463765923,2.15,300
1719463766394,2.15,575
1719463766630,2.15,350
1719463766879,2.15,25
1719463767616,2.15,25
1719463767616,2.15,25
1719463768710,2.15,25
1719463768885,2.15,25
1719463769578,2.2,250
1719463770090,2.2,350
1719463770896,2.15,25
1719463770970,2.2,200
1719463776910,2.15,200
1719463777210,2.15,350
1719463778265,2.15,550
1719463778586,2.15,25
1719463778933,2.15,50
1719463779787,2.15,200
1719463779934,2.15,25
1719463780901,2.15,25
1719463781727,2.15,500
1719463782742,2.15,175
1719463782742,2.15,175
1719463783714,2.15,1600
1719463784215,2.15,25
1719463784215,2.15,25
1719463784215,2.15,25
1719463785611,2.15,375
1719463786685,2.2,900
1719463786685,2.2,900
1719463787961,2.15,25
1719463788826,2.15,50
1719463788826,2.15,50
1719463789867,2.2,50
1719463789924,2.2,850
1719463790308,2.15,25
1719463790992,2.15,150
1719463791929,2.15,25
1719463792445,2.15,25
1719463792620,2.15,350
1719463792937,2.15,25
1719463793635,2.1,100
1719463793635,2.1,100
1719463794480,2.15,350
1719463794903,2.15,75
1719463795811,2.1,250
1719463795811,2.1,250
1719463796443,2.1,25
1719463797809,2.1,900
1719463798007,2.1,25
1719463798952,2.15,200
1719463799077,2.1,625
1719463799484,2.15,150
1719463799781,2.15,675
1719463800075,2.15,200
1719463800946,2.1,450
1719463801841,2.15,25
1719463801967,2.15,200
1719463802842,2.15,50
1719463802917,2.15,75
1719463803954,2.15,200
1719463804061,2.1,25
1719463804702,2.1,300
1719463804702,2.1,300
1719463805575,2.15,75
1719463806069,2.1,25
1719463806895,2.1,25
1719463806895,2.1,25
1719463807901,2.1,25
1719463808157,2.15,75
1719463808693,2.15,450
1719463808693,2.15,450
1719463809671,2.15,50
1719463809671,2.15,50
1719463810688,2.1,25
1719463810952,2.1,350
1719463811739,2.1,100
1719463815537,2.05,25
1719463815537,2.05,25
1719463816665,2.05,175
1719463817294,2.1,500
1719463817890,2.1,25
1719463818307,2.1,1275
1719463818912,2.05,1000
1719463819501,2.1,175
1719463819886,2.1,500
1719463819916,2.1,50
1719463821031,2.1,575
1719463821777,2.1,75
1719463821777,2.1,75
1719463822853,2.1,25
1719463822853,2.1,25
1719463823996,2.1,250
1719463824844,2.1,50
1719463825280,2.05,50
1719463825948,2.05,25
1719463825948,2.05,25
1719463827058,2.1,200
1719463827920,2.1,950
1719463828098,2.1,250
1719463828961,2.05,125
1719463829200,2.1,75
1719463829791,2.1,25
1719463830313,2.2,125
1719463830686,2.2,200
1719463830752,2.15,625
1719463831713,2.15,200
1719463831937,2.15,575
1719463832649,2.1,25
1719463832909,2.15,25
1719463833286,2.15,675
1719463833868,2.15,1000
1719463834724,2.15,875
1719463834916,2.1,25
1719463835818,2.15,50
1719463835818,2.15,50
1719463836854,2.1,25
1719463837902,2.15,400
1719463837902,2.15,400
1719463838876,2.1,25
1719463839261,2.1,25
1719463839876,2.1,25
1719463840206,2.1,25
1719463840546,2.15,750
1719463840977,2.1,25
1719463841900,2.1,25
1719463841900,2.1,25
1719463842798,2.15,75
1719463843065,2.2,75
1719463843911,2.15,25
1719463844213,2.15,225
1719463844923,2.15,25
1719463844923,2.15,25
1719463845764,2.2,1775
1719463846032,2.15,25
1719463846944,2.15,25
1719463847229,2.15,25
1719463847935,2.15,50
1719463847935,2.15,50
1719463848819,2.2,50
1719463849011,2.15,25
1719463849611,2.15,25
1719463850352,2.2,25
1719463850989,2.15,25
1719463851322,2.15,25
1719463851907,2.15,175
1719463852001,2.15,25
1719463852865,2.2,175
1719463853010,2.15,25
1719463853892,2.2,100
1719463854018,2.15,25
1719463854953,2.2,250
1719463855392,2.15,25
1719463855690,2.2,500
1719463856277,2.25,25
1719463856849,2.2,175
1719463856849,2.2,175
1719463858059,2.15,25
1719463858059,2.15,25
1719463858977,2.15,125
1719463859165,2.15,125
1719463859933,2.2,25
1719463860252,2.15,75
1719463860800,2.15,25
1719463861348,2.1,25
1719463861809,2.15,25
1719463862195,2.15,25
1719463862809,2.15,25
1719463863211,2.15,25
1719463864002,2.15,25
1719463864333,2.1,25
1719463864892,2.15,25
1719463865230,2.1,100
1719463866169,2.1,25
1719463866912,2.15,400
1719463867090,2.15,25
1719463867607,2.15,25
1719463868345,2.1,25
1719463868890,2.15,25
1719463868890,2.15,25
1719463869899,2.15,25
1719463870093,2.15,25
1719463870958,2.15,1100
1719463871222,2.1,25
1719463871931,2.15,100
1719463872078,2.15,75
1719463872817,2.15,25
1719463873233,2.1,25
1719463873780,2.1,300
1719463873780,2.1,300
1719463874636,2.15,75
1719463874903,2.15,50
1719463875787,2.15,25
1719463876983,2.15,50
1719463877175,2.15,50
1719463877868,2.15,450
1719463877868,2.15,450
1719463879000,2.15,25
1719463879000,2.15,25
1719463879711,2.15,25
1719463880338,2.1,25
1719463880338,2.1,25
1719463881309,2.1,25
1719463881640,2.1,300
1719463881895,2.15,25
1719463925335,2.1,50
1719463925572,2.1,25
1719463926274,2.1,450
1719463926810,2.1,25
1719463926810,2.1,25
1719463927559,2.1,25
1719463928808,2.1,25
1719463929822,2.1,25
1719463930277,2.1,100
1719463930932,2.1,600
1719463930932,2.1,600
1719463931840,2.1,25
1719463931840,2.1,25
1719463932565,2.1,25
1719463933438,2.15,50
1719463933745,2.1,25
1719463934016,2.1,25
1719463934825,2.1,50
1719463934987,2.05,25
1719463936108,2.1,250
1719463936926,2.05,25
1719463937265,2.1,25
1719463937911,2.1,25
1719463939000,2.15,250
1719463939231,2.1,1100
1719463944025,2.1,25
1719463944686,2.1,25
1719463944686,2.1,25
1719463945096,2.1,25
1719463946023,2.1,25
1719463946806,2.1,25
1719463947023,2.1,50
1719463948040,2.1,25
1719463948379,2.1,175
1719463948379,2.1,175
1719463952968,2.15,200
1719463953126,2.1,25
1719463953668,2.1,25
1719463954244,2.15,200
1719463954960,2.1,125
1719463955208,2.15,200
1719463955992,2.15,100
1719463956243,2.1,25
1719463957002,2.15,200
1719463957135,2.1,25
1719463957769,2.1,650
1719463957769,2.1,650
1719463958147,2.1,25
1719463959659,2.1,25
1719463960174,2.15,100
1719463961174,2.1,25
1719463961949,2.1,50
1719463961949,2.1,50
1719463962859,2.15,500
1719463963235,2.1,150
1719463963809,2.1,25
1719463963809,2.1,25
1719463964597,2.15,125
1719463965192,2.1,25
1719463965751,2.15,75
1719463965751,2.15,75
1719463966997,2.1,25
1719463968077,2.1,50
1719463968108,2.1,50
1719463969062,2.1,1475
1719463969859,2.15,100
1719463970240,2.1,25
1719463971007,2.15,1700
1719463971320,2.1,50
1719463971809,2.1,25
1719463972254,2.1,25
1719463972785,2.1,25
1719463973263,2.1,25
1719463973263,2.1,25
1719463974269,2.1,25
1719463974714,2.1,25
1719463975293,2.1,25
1719463975692,2.1,775
1719463976286,2.1,25
1719463976701,2.1,25
1719463977295,2.1,25
1719463978050,2.1,700
1719463978430,2.1,75
1719463979048,2.1,450
1719463979457,2.1,125
1719463980076,2.05,75
1719463980529,2.1,1800
1719463980872,2.05,100
1719463980872,2.05,100
1719463981895,2.1,25
1719463982607,2.05,25
1719463982607,2.05,25
1719463984033,2.1,125
1719463984033,2.1,125
1719463984883,2.1,25
1719463985178,2.1,25
1719463985734,2.1,25
1719463986212,2.1,250
1719463986761,2.15,750
1719463987792,2.1,50
1719463988402,2.1,25
1719463989055,2.1,25
1719463989451,2.1,25
1719463989747,2.1,25
1719463989747,2.1,25
1719463991021,2.1,25
1719463991021,2.1,25
1719463991800,2.1,25
1719463992143,2.1,125
1719463992996,2.15,25
1719463993966,2.15,100
1719463994480,2.1,25
1719463994804,2.15,200
1719463995458,2.1,25
1719463995753,2.1,25
1719463996486,2.1,175
1719463996800,2.15,50
1719463997502,2.1,25
1719463997779,2.1,25
1719463998501,2.1,25
1719463998676,2.1,25
1719463999122,2.15,75
1719463999813,2.1,25
1719464001058,2.15,25
1719464001100,2.15,175
1719464002055,2.2,100
1719464002055,2.2,100
1719464002812,2.1,25
1719464004100,2.15,100
1719464005086,2.2,1000
1719464005222,2.15,25
1719464006041,2.2,25
1719464006041,2.2,25
1719464006805,2.15,25
1719464007166,2.2,150
1719464008061,2.2,50
1719464008061,2.2,50
1719464008855,2.15,25
1719464008855,2.15,25
1719464009918,2.2,25
1719464009918,2.2,25
1719464010940,2.15,25
1719464010940,2.15,25
1719464012095,2.2,400
1719464012388,2.2,150
1719464012923,2.15,300
1719464013656,2.2,50
1719464013656,2.2,50
1719464013656,2.2,50
1719464015658,2.15,25
1719464016377,2.2,75
1719464016836,2.15,25
1719464016836,2.15,25
1719464017879,2.1,25
1719464017879,2.1,25
1719464019056,2.1,250
1719464019372,2.15,25
1719464020015,2.1,500
1719464020559,2.15,25
1719464020986,2.15,25
1719464021762,2.1,25
1719464022056,2.1,200
1719464022547,2.15,25
1719464022924,2.1,675
1719464023748,2.1,25
1719464024134,2.15,25
1719464025023,2.15,225
1719464025023,2.15,225
1719464026051,2.1,25
1719464026051,2.1,25
1719464026790,2.1,25
1719464027308,2.15,25
1719464027873,2.1,25
1719464028920,2.1,25
1719464029340,2.15,25
1719464030019,2.15,75
1719464030354,2.1,25
1719464031011,2.1,250
1719464031011,2.1,250
1719464031911,2.1,25
1719464032068,2.15,25
1719464032850,2.15,50
1719464032850,2.15,50
1719464033930,2.1,225
1719464033930,2.1,225
1719464034894,2.1,25
1719464034894,2.1,25
1719464036092,2.2,100
1719464036169,2.2,100
1719464036997,2.15,75
1719464037173,2.15,75
1719464038014,2.2,25
1719464038414,2.2,25
1719464038906,2.15,25
1719464039451,2.15,500
1719464040000,2.2,25
1719464040392,2.2,25
1719464040910,2.15,25
1719464041248,2.15,700
1719464041680,2.2,100
1719464041680,2.2,100
1719464042942,2.15,25
1719464042942,2.15,25
1719464044091,2.15,550
1719464044405,2.2,50
1719464045000,2.2,50
1719464045373,2.15,675
1719464046104,2.2,25
1719464046175,2.2,125
1719464047000,2.2,50
1719464047563,2.2,50
1719464048083,2.2,75
1719464048083,2.2,75
1719464049004,2.15,25
1719464049397,2.15,100
1719464050013,2.15,25
1719464050658,2.2,50
1719464051000,2.2,50
1719464051000,2.2,50
1719464052045,2.15,25
1719464053047,2.15,25
1719464053047,2.15,25
1719464054061,2.15,25
1719464054225,2.15,25
1719464055074,2.15,25
1719464055074,2.15,25
1719464055819,2.15,1275
1719464056422,2.15,25
1719464057105,2.15,25
1719464057204,2.15,100
1719464058113,2.1,25
1719464058338,2.15,1475
1719464059057,2.1,25
1719464059122,2.1,25
1719464059937,2.1,50
1719464060341,2.15,150
1719464061065,2.15,25
1719464061390,2.15,1550
1719464061390,2.15,1550
1719464062150,2.15,25
1719464063035,2.15,25
1719464063440,2.2,50
1719464063918,2.15,1675
1719464074706,2.2,25
1719464074706,2.2,25
1719464075200,2.2,25
1719464076089,2.15,25
1719464076469,2.2,75
1719464076874,2.2,125
1719464077564,2.2,100
1719464078122,2.2,300
1719464078673,2.15,25
1719464079094,2.2,25
1719464079336,2.15,25
1719464080116,2.15,200
1719464080870,2.15,25
1719464081129,2.15,25
1719464081526,2.15,250
1719464081526,2.15,250
1719464083125,2.15,25
1719464083125,2.15,25
1719464084019,2.2,75
1719464084019,2.2,75
1719464088449,2.15,25
1719464089121,2.15,25
1719464090020,2.2,50
1719464091140,2.15,25
1719464091255,2.2,50
1719464092243,2.15,25
1719464092505,2.15,25
1719464093136,2.1,350
1719464093136,2.1,350
1719464094125,2.15,25
1719464094332,2.1,1400
1719464095114,2.1,125
1719464095555,2.1,25
1719464095555,2.1,25
1719464097152,2.1,25
1719464097935,2.1,1250
1719464099223,2.15,350
1719464099223,2.15,350
1719464100021,2.15,100
1719464100106,2.15,100
1719464100106,2.15,100
1719464100803,2.15,625
1719464101628,2.1,25
1719464102119,2.15,25
1719464102959,2.1,125
1719464120334,2.1,50
1719464121131,2.1,500
1719464121308,2.05,25
1719464122140,2.1,25
1719464122505,2.05,25
1719464123059,2.1,250
1719464123859,2.1,25
1719464123859,2.1,25
1719464124363,2.1,575
1719464125304,2.1,25
1719464125879,2.1,25
1719464125879,2.1,25
1719464126943,2.1,25
1719464127722,2.1,25
1719464128041,2.15,25
1719464128041,2.15,25
1719464128921,2.1,25
1719464129404,2.1,650
1719464129905,2.1,750
1719464130541,2.15,900
1719464130930,2.1,25
1719464168053,2.15,50
1719464168585,2.1,250
1719464168863,2.1,350
1719464169520,2.1,750
1719464169520,2.1,750
1719464170537,2.15,1250
1719464170537,2.15,1250
1719464171917,2.1,200
1719464172167,2.1,50
1719464173206,2.1,50
1719464174106,2.1,700
1719464174416,2.1,100
1719464174765,2.1,100
1719464175401,2.1,25
1719464176181,2.1,25
1719464176456,2.1,25
1719464176885,2.1,50
1719464177488,2.1,600
1719464177488,2.1,600
1719464178617,2.1,25
1719464178841,2.1,25
1719464179721,2.15,25
1719464180176,2.15,25
1719464180559,2.15,75
1719464181044,2.1,25
1719464181726,2.15,25
1719464182196,2.1,825
1719464182810,2.1,100
1719464183134,2.1,175
1719464183134,2.1,175
1719464204736,2.1,25
1719464206041,2.1,25
1719464206729,2.15,625
1719464206729,2.15,625
1719464207859,2.15,50
1719464208201,2.15,50
1719464208843,2.15,50
1719464208907,2.15,50
1719464209805,2.1,25
1719464210217,2.1,50
1719464211041,2.1,175
1719464211114,2.1,350
1719464212005,2.15,25
1719464212192,2.15,50
1719464212594,2.15,50
1719464213080,2.15,50
1719464213633,2.15,50
1719464214205,2.15,50
1719464214663,2.15,50
1719464214836,2.1,25
1719464215350,2.15,25
1719464215905,2.15,50
1719464216813,2.1,300
1719464217018,2.1,50
1719464217388,2.1,50
1719464218168,2.05,50
1719464218602,2.1,50
1719464219336,2.05,50
1719464219504,2.1,50
1719464219881,2.05,25
1719464220123,2.1,100
1719464220651,2.0,650
1719464221176,2.1,50
1719464221598,2.05,25
1719464222176,2.1,25
1719464222820,2.1,1000
1719464223206,2.05,100
1719464223763,2.1,50
1719464224162,2.05,50
1719464224791,2.1,25
1719464225032,2.05,25
1719464225862,2.1,50
1719464226426,2.05,1775
1719464226872,2.05,25
1719464227168,2.0,750
1719464228120,2.05,100
1719464229006,2.05,25
1719464229106,2.0,400
1719464229242,2.05,25
1719464230226,2.05,50
1719464230646,1.95,1000
1719464231045,2.0,25
1719464232670,2.0,25
1719464233204,2.0,50
1719464233646,1.95,25
1719464234175,2.0,50
1719464234489,1.95,1125
1719464235223,2.0,25
1719464235869,2.0,250
1719464236086,2.0,350
1719464236874,2.0,25
1719464237169,1.95,75
1719464237457,2.0,25
1719464238220,2.0,175
1719464238663,1.95,25
1719464239213,2.0,25
1719464239894,2.0,25
1719464240232,1.95,125
1719464241173,1.95,25
1719464241512,2.0,250
1719464242231,2.0,25
1719464242676,1.95,25
1719464243154,2.0,25
1719464243478,1.95,75
1719464244216,1.95,25
1719464244696,1.95,25
1719464245242,1.95,25
1719464245917,2.0,25
1719464246244,1.95,25
1719464247387,1.9,400
1719464248067,1.95,25
1719464248620,1.9,1600
1719464249225,1.9,25
1719464249729,1.9,75
1719464250084,1.9,375
1719464250145,1.95,25
1719464250740,1.95,25
1719464251190,1.95,25
1719464251707,1.9,750
1719464252151,1.95,25
1719464252713,1.95,25
1719464253170,1.9,25
1719464253837,1.95,850
1719464254422,1.95,25
1719464255120,1.9,100
1719464255120,1.9,100
1719464255315,1.95,25
1719464256039,1.95,25
1719464256632,1.9,75
1719464257207,1.95,25
1719464257642,1.9,275
1719464258216,1.95,100
1719464259663,1.9,75
1719464260203,1.9,25
1719464260652,1.85,250
1719464261178,1.9,25
1719464261678,1.9,25
1719464262157,1.9,25
1719464262930,1.9,350
1719464263240,1.85,100
1719464263541,1.9,25
1719464264198,1.85,75
1719464264868,1.9,25
1719464265109,1.9,25
1719464265321,1.9,25
1719464266225,1.9,100
1719464266356,1.85,25
1719464267117,1.85,50
1719464267298,1.9,25
1719464268218,1.9,50
1719464268287,1.85,50
1719464269164,1.85,325
1719464269686,1.9,150
1719464270043,1.85,900
1719464270768,1.85,25
1719464271084,1.9,25
1719464271518,1.9,25
1719464272122,1.9,100
1719464272637,1.9,100
1719464273193,1.85,700
1719464273815,1.9,25
1719464274025,1.9,75
1719464274837,1.85,175
1719464275104,1.9,50
1719464275500,1.85,50
1719464291217,1.9,25
1719464291507,1.85,125
1719464292452,1.85,75
1719464292724,1.85,25
1719464293273,1.85,100
1719464293802,1.85,100
1719464294255,1.85,100
1719464294767,1.85,100
1719464295208,1.8,25
1719464295570,1.85,350
1719464296218,1.8,650
1719464296957,1.85,25
1719464297144,1.8,175
1719464297986,1.8,200
1719464298245,1.85,25
1719464298871,1.85,1550
1719464299128,1.8,25
1719464299388,1.85,1000
1719464300216,1.85,25
1719464300518,1.85,25
1719464301238,1.85,100
1719464301950,1.85,25
1719464302244,1.85,25
1719464302609,1.85,25
1719464303250,1.85,75
1719464303938,1.85,100
1719464304243,1.85,25
1719464304986,1.85,25
1719464305242,1.85,25
1719464306244,1.85,25
1719464306391,1.85,25
1719464307262,1.85,25
1719464307603,1.85,25
1719464308262,1.85,25
1719464308778,1.85,25
1719464309250,1.85,25
1719464309763,1.85,25
1719464310085,1.85,25
1719464310270,1.85,25
1719464310987,1.85,25
1719464311270,1.8,125
1719464311983,1.85,25
1719464312250,1.85,25
1719464312603,1.85,25
1719464313237,1.85,25
1719464313998,1.85,25
1719464314275,1.8,25
1719464315215,1.85,25
1719464315448,1.85,375
1719464316151,1.8,25
1719464316456,1.85,25
1719464317248,1.8,25
1719464317615,1.8,25
1719464318255,1.8,25
1719464318828,1.8,25
1719464319274,1.8,175
1719464320024,1.8,25
1719464320283,1.8,25
1719464321017,1.8,25
1719464321286,1.8,25
1719464322031,1.8,25
1719464322273,1.75,50
1719464323027,1.8,25
1719464323268,1.8,25
1719464323425,1.8,25
1719464324285,1.8,50
1719464324626,1.8,25
1719464325269,1.8,150
1719464325816,1.8,50
1719464326282,1.8,25
1719464326801,1.8,225
1719464327277,1.8,25
1719464328000,1.75,500
1719464328260,1.8,25
1719464328627,1.8,25
1719464329273,1.8,25
1719464329822,1.8,25
1719464330099,1.85,25
1719464331007,1.8,75
1719464331253,1.8,25
1719464367077,1.8,25
1719464368000,1.85,75
1719464368225,1.85,300
1719464368500,1.85,25
1719464369012,1.8,25
1719464369700,1.85,25
1719464369700,1.85,25
1719464369700,1.85,25
1719464370546,1.85,250
1719464370968,1.8,25
1719464371889,1.85,50
1719464372231,1.85,25
1719464372879,1.8,25
1719464373200,1.85,25
1719464378091,1.8,25
1719464378686,1.8,250
1719464379077,1.85,25
1719464379871,1.85,100
1719464380224,1.85,25
1719464380871,1.85,25
1719464381312,1.85,25
1719464381800,1.85,100
1719464381800,1.85,100
1719464382631,1.8,175
1719464382631,1.8,175
1719464384242,1.85,175
1719464384242,1.85,175
1719464385000,1.85,250
1719464385678,1.8,25
1719464386317,1.85,25
1719464386811,1.85,25
1719464387001,1.85,25
1719464387924,1.85,25
1719464388287,1.85,25
1719464389118,1.85,25
1719464389317,1.85,25
1719464389732,1.85,25
1719464390309,1.8,50
1719464390676,1.8,25
1719464391024,1.8,25
1719464391915,1.85,25
1719464392325,1.85,100
1719464392692,1.85,25
1719464393124,1.85,50
1719464393576,1.85,25
1719464394312,1.85,25
1719464394490,1.85,25
1719464395200,1.85,25
1719464395848,1.8,25
1719464396241,1.85,25
1719464397945,1.85,25
1719464398261,1.8,1025
1719464398732,1.8,725
1719464399292,1.85,25
1719464399800,1.85,25
1719464400218,1.85,250
1719464400900,1.85,25
1719464401274,1.85,775
1719464401917,1.8,25
1719464402510,1.8,75
1719464402851,1.85,150
1719464403200,1.85,25
1719464403717,1.8,25
1719464404007,1.8,25
1719464404978,1.8,25
1719464405332,1.8,75
1719464405425,1.8,125
1719464406321,1.8,25
1719464406757,1.8,25
1719464407313,1.8,100
1719464407914,1.8,25
1719464408362,1.8,25
1719464408946,1.8,25
1719464409307,1.8,25
1719464410144,1.8,25
1719464410308,1.8,25
1719464411363,1.8,25
1719464411566,1.8,25
1719464412333,1.8,25
1719464412463,1.8,1025
1719464413266,1.85,25
1719464413763,1.85,25
1719464414208,1.8,25
1719464414881,1.8,250
1719464414976,1.8,25
1719464415910,1.8,175
1719464416336,1.85,25
1719464417004,1.85,25
1719464417004,1.85,25
1719464418100,1.8,200
1719464418100,1.8,200
1719464419161,1.8,25
1719464419161,1.8,25
1719464420169,1.8,25
1719464420298,1.8,25
1719464420768,1.8,25
1719464421264,1.85,75
1719464421787,1.8,25
1719464422339,1.8,25
1719464422730,1.8,25
1719464423300,1.85,25
1719464423648,1.85,175
1719464424187,1.8,175
1719464424500,1.85,25
1719464425279,1.85,1525
1719464425652,1.8,75
1719464426295,1.85,25
1719464426800,1.85,25
1719464427325,1.8,25
1719464427982,1.8,75
1719464428329,1.85,50
1719464428414,1.8,25
1719464429311,1.8,325
1719464429857,1.85,725
1719464430341,1.8,25
1719464431150,1.8,25
1719464431213,1.8,25
1719464431523,1.8,25
1719464432356,1.8,25
1719464432757,1.8,1675
1719464433274,1.8,175
1719464433731,1.8,300
1719464434324,1.8,25
1719464434500,1.85,25
1719464435353,1.8,75
1719464435996,1.8,25
1719464436338,1.8,25
1719464436966,1.8,25
1719464437352,1.8,25
1719464438192,1.8,25
1719464438351,1.8,25
1719464439202,1.8,25
1719464439347,1.8,25
1719464440205,1.8,25
1719464440345,1.8,25
1719464441353,1.8,25
1719464442204,1.8,25
1719464442346,1.8,25
1719464442589,1.8,25
1719464443340,1.8,25
1719464444002,1.8,50
1719464444333,1.8,25
1719464445005,1.8,25
1719464445350,1.8,50
1719464446395,1.8,25
1719464446607,1.75,25
1719464447336,1.8,50
1719464447808,1.8,25
1719464448355,1.8,25
1719464449006,1.8,25
1719464449312,1.8,25
1719464450002,1.8,25
1719464450357,1.8,25
1719464451022,1.8,50
1719464451337,1.8,25
1719464452993,1.8,25
1719464453347,1.8,50
1719464466557,1.8,50
1719464467171,1.8,450
1719464467171,1.8,450
1719464467870,1.85,25
1719464468293,1.8,25
1719464469051,1.85,25
1719464469233,1.8,1275
1719464470179,1.85,125
1719464470289,1.85,125
1719464470289,1.85,125
1719464471342,1.85,400
1719464472052,1.85,25
1719464472248,1.8,500
1719464473057,1.85,200
1719464473324,1.8,1600
1719464474091,1.85,25
1719464474275,1.8,375
1719464474642,1.8,1225
1719464475327,1.8,25
1719464475534,1.8,25
1719464476132,1.8,25
1719464476572,1.8,425
1719464477274,1.8,25
1719464477883,1.8,25
1719464478703,1.8,200
1719464478703,1.8,200
1719464480022,1.8,950
1719464508209,1.85,50
1719464509221,1.8,25
1719464509334,1.85,25
1719464509587,1.8,25
1719464510259,1.8,25
1719464510873,1.85,275
1719464511160,1.85,25
1719464512034,1.85,925
1719464512207,1.8,300
1719464520301,1.8,25
1719464520301,1.8,25
1719464520301,1.8,25
1719464521344,1.8,200
1719464521896,1.85,25
1719464522378,1.85,275
1719464523105,1.85,1100
1719464523399,1.85,25
1719464524371,1.9,50
1719464524510,1.85,225
1719464524710,1.85,275
1719464525258,1.85,75
1719464536304,1.85,25
1719464537298,1.8,25
1719464537388,1.85,500
1719464538299,1.85,1750
1719464539290,1.85,750
1719464539763,1.85,50
1719464539763,1.85,50
1719464540864,1.85,25
1719464541409,1.85,25
1719464542105,1.85,1125
1719464542173,1.85,550
1719464543323,1.85,75
1719464543323,1.85,75
1719464543471,1.8,25
1719464544324,1.8,25
1719464544658,1.85,975
1719464545226,1.85,50
1719464546148,1.85,50
1719464546353,1.8,25
1719464547259,1.85,25
1719464547259,1.85,25
1719464548386,1.85,25
1719464549429,1.85,25
1719464563210,1.8,50
1719464563840,1.8,25
1719464564290,1.8,725
1719464565068,1.9,700
1719464565329,1.85,25
1719464565910,1.9,25
1719464566450,1.9,50
1719464566835,1.9,75
1719464567412,1.85,550
1719464567793,1.85,50
1719464568396,1.85,25
1719464569043,1.85,25
1719464569419,1.85,25
1719464569996,1.85,25
1719464570419,1.85,25
1719464571026,1.85,25
1719464571325,1.85,25
1719464572151,1.85,50
1719464572383,1.85,25
1719464573389,1.85,50
1719464574094,1.85,50
1719464574094,1.85,50
1719464574775,1.9,50
1719464574834,1.9,125
1719464575775,1.85,25
1719464576422,1.85,25
1719464576967,1.85,25
1719464577427,1.85,25
1719464577972,1.85,25
1719464586072,1.9,325
1719464587039,1.9,125
1719464587039,1.9,125
1719464587581,1.9,100
1719464588435,1.9,225
1719464589429,1.9,500
1719464589584,1.9,375
1719464590182,1.9,25
1719464591000,2.0,50
1719464591586,1.95,25
1719464592182,2.0,75
1719464592250,2.0,300
1719464593180,2.0,350
1719464593447,2.0,75
1719464594136,2.0,25
1719464594460,2.0,350
1719464595190,2.0,350
1719464595551,2.05,25
1719464596410,2.0,250
1719464596580,2.0,50
1719464597280,2.0,350
1719464597280,2.0,350
1719464597820,2.05,25
1719464598297,2.05,25
1719464598666,2.05,25
1719464599354,2.0,750
1719464600103,2.1,75
1719464600428,2.1,1000
1719464601205,2.1,25
1719464601439,2.2,25
1719464602399,2.2,375
1719464603584,2.15,50
1719464604410,2.15,50
1719464604619,2.15,25
1719464605558,2.15,25
1719464606446,2.2,50
1719464606628,2.2,600
