time,price,volume
1719461497004,528.5,175
1719461497004,528.5,175
1719461497004,528.5,175
1719461497004,528.5,175
1719461497004,528.5,175
1719461497004,528.5,175
1719461512560,526.6,75
1719461512560,526.6,75
1719461512560,526.6,75
1719461512560,526.6,75
1719461512560,526.6,75
1719461512560,526.6,75
1719461512560,526.6,75
1719461512560,526.6,75
1719461512560,526.6,75
1719461523412,525.0,50
1719461524424,522.95,25
1719461524424,522.95,25
1719461524424,522.95,25
1719461524424,522.95,25
1719461528844,520.85,50
1719461528844,520.85,50
1719461528844,520.85,50
1719461528844,520.85,50
1719461528844,520.85,50
1719461528844,520.85,50
1719461528844,520.85,50
1719461528844,520.85,50
1719461540569,521.1,25
1719461540569,521.1,25
1719461540569,521.1,25
1719461540569,521.1,25
1719461540569,521.1,25
1719461540569,521.1,25
1719461547231,518.7,25
1719461547231,518.7,25
1719461547231,518.7,25
1719461547231,518.7,25
1719461547231,518.7,25
1719461547231,518.7,25
1719461556437,519.25,25
1719461557265,520.3,50
1719461557265,520.3,50
1719461557265,520.3,50
1719461557265,520.3,50
1719461562073,519.25,25
1719461562259,519.25,25
1719461562259,519.25,25
1719461562259,519.25,25
1719461562259,519.25,25
1719461562259,519.25,25
1719461562259,519.25,25
1719461562259,519.25,25
1719461562259,519.25,25
1719461562259,519.25,25
1719461562259,519.25,25
1719461562259,519.25,25
1719461562259,519.25,25
1719461562259,519.25,25
1719461562259,519.25,25
1719461562259,519.25,25
1719461562259,519.25,25
1719461562259,519.25,25
1719461562259,519.25,25
1719461562259,519.25,25
1719461562259,519.25,25
1719461562259,519.25,25
1719461562259,519.25,25
1719461595974,519.0,500
1719461595974,519.0,500
1719461595974,519.0,500
1719461595974,519.0,500
1719461595974,519.0,500
1719461595974,519.0,500
1719461595974,519.0,500
1719461595974,519.0,500
1719461595974,519.0,500
1719461595974,519.0,500
1719461595974,519.0,500
1719461595974,519.0,500
1719461595974,519.0,500
1719461595974,519.0,500
1719461614956,520.0,25
1719461614956,520.0,25
1719461614956,520.0,25
1719461614956,520.0,25
1719461614956,520.0,25
1719461622206,521.3,25
1719461622206,521.3,25
1719461624465,522.0,50
1719461624465,522.0,50
1719461624465,522.0,50
1719461624465,522.0,50
1719461624465,522.0,50
1719461624465,522.0,50
1719461624465,522.0,50
1719461624465,522.0,50
1719461624465,522.0,50
1719461624465,522.0,50
1719461624465,522.0,50
1719461624465,522.0,50
1719461624465,522.0,50
1719461624465,522.0,50
1719461624465,522.0,50
1719461645745,523.35,25
1719461645745,523.35,25
1719461645745,523.35,25
1719461645745,523.35,25
1719461645745,523.35,25
1719461652938,525.0,25
1719461653239,523.55,25
1719461653239,523.55,25
1719461653239,523.55,25
1719461653239,523.55,25
1719461653239,523.55,25
1719461653239,523.55,25
1719461653239,523.55,25
1719461653239,523.55,25
1719461653239,523.55,25
1719461653239,523.55,25
1719461653239,523.55,25
1719461653239,523.55,25
1719461653239,523.55,25
1719461653239,523.55,25
1719461653239,523.55,25
1719461653239,523.55,25
1719461653239,523.55,25
1719461653239,523.55,25
1719461653239,523.55,25
1719461681663,522.0,25
1719461681663,522.0,25
1719461681663,522.0,25
1719461681663,522.0,25
1719461681663,522.0,25
1719461681663,522.0,25
1719461681663,522.0,25
1719461681663,522.0,25
1719461681663,522.0,25
1719461681663,522.0,25
1719461681663,522.0,25
1719461699035,522.3,175
1719461699035,522.3,175
1719461699035,522.3,175
1719461699035,522.3,175
1719461699035,522.3,175
1719461699035,522.3,175
1719461699035,522.3,175
1719461699035,522.3,175
1719461710126,522.4,50
1719461710126,522.4,50
1719461710126,522.4,50
1719461710126,522.4,50
1719461710126,522.4,50
1719461710126,522.4,50
1719461710126,522.4,50
1719461710126,522.4,50
1719461710126,522.4,50
1719461734078,530.0,50
1719461748526,531.35,25
1719461748526,531.35,25
1719461748526,531.35,25
1719461751711,534.65,25
1719461751711,534.65,25
1719461753972,532.45,100
1719461753972,532.45,100
1719461753972,532.45,100
1719461753972,532.45,100
1719461753972,532.45,100
1719461753972,532.45,100
1719461753972,532.45,100
1719461753972,532.45,100
1719461753972,532.45,100
1719461753972,532.45,100
1719461753972,532.45,100
1719461753972,532.45,100
1719461753972,532.45,100
1719461753972,532.45,100
1719461753972,532.45,100
1719461753972,532.45,100
1719461753972,532.45,100
1719461753972,532.45,100
1719461753972,532.45,100
1719461753972,532.45,100
1719461753972,532.45,100
1719461753972,532.45,100
1719461787482,536.6,25
1719461787482,536.6,25
1719461787482,536.6,25
1719461787482,536.6,25
1719461787482,536.6,25
1719461791988,536.8,25
1719461791988,536.8,25
1719461791988,536.8,25
1719461795677,535.7,175
1719461795677,535.7,175
1719461795677,535.7,175
1719461795677,535.7,175
1719461795677,535.7,175
1719461795677,535.7,175
1719461795677,535.7,175
1719461806029,537.15,50
1719461806029,537.15,50
1719461806029,537.15,50
1719461806029,537.15,50
1719461806029,537.15,50
1719461806029,537.15,50
1719461806029,537.15,50
1719461806029,537.15,50
1719461816940,535.7,400
1719461817015,534.8,50
1719461817015,534.8,50
1719461817015,534.8,50
1719461817015,534.8,50
1719461817015,534.8,50
1719461817015,534.8,50
1719461817015,534.8,50
1719461817015,534.8,50
1719461817015,534.8,50
1719461817015,534.8,50
1719461817015,534.8,50
1719461817015,534.8,50
1719461817015,534.8,50
1719461817015,534.8,50
1719461817015,534.8,50
1719461817015,534.8,50
1719461817015,534.8,50
1719461817015,534.8,50
1719461817015,534.8,50
1719461817015,534.8,50
1719461817015,534.8,50
1719461817015,534.8,50
1719461817015,534.8,50
1719461817015,534.8,50
1719461817015,534.8,50
1719461855793,532.35,25
1719461856228,533.2,75
1719461856228,533.2,75
1719461856228,533.2,75
1719461856228,533.2,75
1719461856228,533.2,75
1719461856228,533.2,75
1719461856228,533.2,75
1719461856228,533.2,75
1719461856228,533.2,75
1719461856228,533.2,75
1719461873223,532.25,50
1719461874855,530.0,25
1719461874855,530.0,25
1719461874855,530.0,25
1719461874855,530.0,25
1719461874855,530.0,25
1719461874855,530.0,25
1719461881611,528.8,25
1719461881611,528.8,25
1719461881611,528.8,25
1719461881611,528.8,25
1719461881611,528.8,25
1719461881611,528.8,25
1719461881611,528.8,25
1719461881611,528.8,25
1719461881611,528.8,25
1719461881611,528.8,25
1719461881611,528.8,25
1719461881611,528.8,25
1719461881611,528.8,25
1719461881611,528.8,25
1719461903442,530.5,25
1719461903442,530.5,25
1719461903442,530.5,25
1719461903442,530.5,25
1719461907706,528.3,50
1719461907706,528.3,50
1719461907706,528.3,50
1719461907706,528.3,50
1719461907706,528.3,50
1719461907706,528.3,50
1719461914046,525.3,25
1719461914245,525.75,25
1719461914245,525.75,25
1719461914245,525.75,25
1719461914245,525.75,25
1719461914245,525.75,25
1719461914245,525.75,25
1719461914245,525.75,25
1719461914245,525.75,25
1719461914245,525.75,25
1719461914245,525.75,25
1719461914245,525.75,25
1719461914245,525.75,25
1719461933242,528.55,75
1719461933242,528.55,75
1719461933242,528.55,75
1719461933242,528.55,75
1719461933242,528.55,75
1719461933242,528.55,75
1719461933242,528.55,75
1719461933242,528.55,75
1719461933242,528.55,75
1719461933242,528.55,75
1719461933242,528.55,75
1719461933242,528.55,75
1719461933242,528.55,75
1719461933242,528.55,75
1719461953327,532.3,25
1719461953327,532.3,25
1719461953327,532.3,25
1719461956053,533.5,25
1719461956053,533.5,25
1719461956053,533.5,25
1719461956053,533.5,25
1719461960222,536.55,25
1719461960222,536.55,25
1719461960222,536.55,25
1719461960222,536.55,25
1719461960222,536.55,25
1719461960222,536.55,25
1719461960222,536.55,25
1719461960222,536.55,25
1719461960222,536.55,25
1719461960222,536.55,25
1719461960222,536.55,25
1719461960222,536.55,25
1719461960222,536.55,25
1719461960222,536.55,25
1719461960222,536.55,25
1719461960222,536.55,25
1719461960222,536.55,25
1719461960222,536.55,25
1719461960222,536.55,25
1719461960222,536.55,25
1719461960222,536.55,25
1719461960222,536.55,25
1719461960222,536.55,25
1719461960222,536.55,25
1719461997942,537.35,25
1719461997942,537.35,25
1719461997942,537.35,25
1719461997942,537.35,25
1719461997942,537.35,25
1719461997942,537.35,25
1719461997942,537.35,25
1719461997942,537.35,25
1719462008914,542.0,25
1719462008914,542.0,25
1719462008914,542.0,25
1719462008914,542.0,25
1719462008914,542.0,25
1719462008914,542.0,25
1719462008914,542.0,25
1719462008914,542.0,25
1719462008914,542.0,25
1719462008914,542.0,25
1719462024824,538.8,75
1719462024824,538.8,75
1719462024824,538.8,75
1719462024824,538.8,75
1719462024824,538.8,75
1719462024824,538.8,75
1719462024824,538.8,75
1719462024824,538.8,75
1719462024824,538.8,75
1719462024824,538.8,75
1719462024824,538.8,75
1719462024824,538.8,75
1719462024824,538.8,75
1719462024824,538.8,75
1719462024824,538.8,75
1719462024824,538.8,75
1719462024824,538.8,75
1719462024824,538.8,75
1719462024824,538.8,75
1719462024824,538.8,75
1719462024824,538.8,75
1719462024824,538.8,75
1719462024824,538.8,75
1719462024824,538.8,75
1719462024824,538.8,75
1719462024824,538.8,75
1719462024824,538.8,75
1719462024824,538.8,75
1719462024824,538.8,75
1719462024824,538.8,75
1719462024824,538.8,75
1719462075218,538.0,25
1719462075218,538.0,25
1719462075218,538.0,25
1719462075218,538.0,25
1719462075218,538.0,25
1719462075218,538.0,25
1719462085347,536.25,25
1719462085347,536.25,25
1719462085347,536.25,25
1719462085347,536.25,25
1719462085347,536.25,25
1719462085347,536.25,25
1719462085347,536.25,25
1719462095365,533.1,100
1719462095365,533.1,100
1719462095365,533.1,100
1719462095365,533.1,100
1719462095365,533.1,100
1719462095365,533.1,100
1719462095365,533.1,100
1719462095365,533.1,100
1719462095365,533.1,100
1719462095365,533.1,100
1719462095365,533.1,100
1719462095365,533.1,100
1719462095365,533.1,100
1719462095365,533.1,100
1719462095365,533.1,100
1719462095365,533.1,100
1719462095365,533.1,100
1719462095365,533.1,100
1719462095365,533.1,100
1719462095365,533.1,100
1719462095365,533.1,100
1719462095365,533.1,100
1719462095365,533.1,100
1719462095365,533.1,100
1719462095365,533.1,100
1719462095365,533.1,100
1719462095365,533.1,100
1719462095365,533.1,100
1719462095365,533.1,100
1719462095365,533.1,100
1719462140921,530.7,25
1719462140921,530.7,25
1719462140921,530.7,25
1719462140921,530.7,25
1719462140921,530.7,25
1719462140921,530.7,25
1719462140921,530.7,25
1719462140921,530.7,25
1719462140921,530.7,25
1719462140921,530.7,25
1719462140921,530.7,25
1719462140921,530.7,25
1719462140921,530.7,25
1719462140921,530.7,25
1719462140921,530.7,25
1719462140921,530.7,25
1719462140921,530.7,25
1719462140921,530.7,25
1719462140921,530.7,25
1719462140921,530.7,25
1719462140921,530.7,25
1719462140921,530.7,25
1719462140921,530.7,25
1719462140921,530.7,25
1719462140921,530.7,25
1719462179776,529.4,25
1719462179776,529.4,25
1719462179776,529.4,25
1719462179776,529.4,25
1719462179776,529.4,25
1719462179776,529.4,25
1719462179776,529.4,25
1719462179776,529.4,25
1719462179776,529.4,25
1719462179776,529.4,25
1719462179776,529.4,25
1719462179776,529.4,25
1719462179776,529.4,25
1719462179776,529.4,25
1719462179776,529.4,25
1719462179776,529.4,25
1719462179776,529.4,25
1719462179776,529.4,25
1719462179776,529.4,25
1719462179776,529.4,25
1719462179776,529.4,25
1719462179776,529.4,25
1719462179776,529.4,25
1719462179776,529.4,25
1719462179776,529.4,25
1719462179776,529.4,25
1719462179776,529.4,25
1719462179776,529.4,25
1719462179776,529.4,25
1719462179776,529.4,25
1719462179776,529.4,25
1719462179776,529.4,25
1719462179776,529.4,25
1719462179776,529.4,25
1719462179776,529.4,25
1719462179776,529.4,25
1719462179776,529.4,25
1719462179776,529.4,25
1719462179776,529.4,25
1719462179776,529.4,25
1719462179776,529.4,25
1719462179776,529.4,25
1719462179776,529.4,25
1719462179776,529.4,25
1719462179776,529.4,25
1719462179776,529.4,25
1719462179776,529.4,25
1719462179776,529.4,25
1719462179776,529.4,25
1719462179776,529.4,25
1719462179776,529.4,25
1719462179776,529.4,25
1719462179776,529.4,25
1719462179776,529.4,25
1719462179776,529.4,25
1719462179776,529.4,25
1719462179776,529.4,25
1719462179776,529.4,25
1719462179776,529.4,25
1719462179776,529.4,25
1719462179776,529.4,25
1719462179776,529.4,25
1719462179776,529.4,25
1719462179776,529.4,25
1719462283447,534.0,50
1719462283447,534.0,50
1719462283447,534.0,50
1719462283447,534.0,50
1719462283447,534.0,50
1719462283447,534.0,50
1719462283447,534.0,50
1719462283447,534.0,50
1719462283447,534.0,50
1719462283447,534.0,50
1719462283447,534.0,50
1719462283447,534.0,50
1719462283447,534.0,50
1719462283447,534.0,50
1719462283447,534.0,50
1719462283447,534.0,50
1719462283447,534.0,50
1719462283447,534.0,50
1719462283447,534.0,50
1719462283447,534.0,50
1719462283447,534.0,50
1719462283447,534.0,50
1719462283447,534.0,50
1719462283447,534.0,50
1719462283447,534.0,50
1719462283447,534.0,50
1719462283447,534.0,50
1719462283447,534.0,50
1719462283447,534.0,50
1719462283447,534.0,50
1719462283447,534.0,50
1719462283447,534.0,50
1719462283447,534.0,50
1719462283447,534.0,50
1719462283447,534.0,50
1719462283447,534.0,50
1719462283447,534.0,50
1719462283447,534.0,50
1719462283447,534.0,50
1719462283447,534.0,50
1719462283447,534.0,50
1719462283447,534.0,50
1719462283447,534.0,50
1719462283447,534.0,50
1719462283447,534.0,50
1719462283447,534.0,50
1719462283447,534.0,50
1719462283447,534.0,50
1719462283447,534.0,50
1719462283447,534.0,50
1719462283447,534.0,50
1719462365042,536.85,175
1719462365042,536.85,175
1719462365042,536.85,175
1719462365042,536.85,175
1719462365042,536.85,175
1719462365042,536.85,175
1719462365042,536.85,175
1719462365042,536.85,175
1719462365042,536.85,175
1719462365042,536.85,175
1719462365042,536.85,175
1719462365042,536.85,175
1719462365042,536.85,175
1719462365042,536.85,175
1719462365042,536.85,175
1719462365042,536.85,175
1719462365042,536.85,175
1719462365042,536.85,175
1719462365042,536.85,175
1719462365042,536.85,175
1719462365042,536.85,175
1719462365042,536.85,175
1719462365042,536.85,175
1719462400764,545.0,50
1719462400764,545.0,50
1719462401422,544.45,25
1719462401422,544.45,25
1719462403372,546.0,50
1719462403783,546.0,50
1719462403783,546.0,50
1719462403783,546.0,50
1719462408187,549.0,25
1719462409060,550.0,100
1719462409309,550.1,50
1719462409309,550.1,50
1719462409309,550.1,50
1719462414035,549.2,25
1719462414035,549.2,25
1719462415743,552.95,25
1719462415743,552.95,25
1719462415743,552.95,25
1719462419089,556.0,50
1719462419089,556.0,50
1719462419089,556.0,50
1719462419089,556.0,50
1719462419089,556.0,50
1719462422648,561.65,175
1719462422648,561.65,175
1719462424890,560.1,25
1719462424890,560.1,25
1719462424890,560.1,25
1719462424890,560.1,25
1719462424890,560.1,25
1719462424890,560.1,25
1719462424890,560.1,25
1719462424890,560.1,25
1719462424890,560.1,25
1719462438388,562.8,25
1719462438388,562.8,25
1719462438388,562.8,25
1719462438388,562.8,25
1719462438388,562.8,25
1719462438388,562.8,25
1719462438388,562.8,25
1719462438388,562.8,25
1719462438388,562.8,25
1719462438388,562.8,25
1719462438388,562.8,25
1719462438388,562.8,25
1719462438388,562.8,25
1719462455938,559.2,200
1719462455938,559.2,200
1719462455938,559.2,200
1719462460046,559.45,175
1719462460046,559.45,175
1719462460046,559.45,175
1719462463497,560.15,150
1719462463497,560.15,150
1719462463497,560.15,150
1719462466043,562.8,50
1719462466043,562.8,50
1719462468146,563.55,100
1719462468146,563.55,100
1719462468146,563.55,100
1719462471381,568.75,50
1719462472184,567.6,50
1719462472184,567.6,50
1719462472184,567.6,50
1719462472184,567.6,50
1719462472184,567.6,50
1719462472184,567.6,50
1719462472184,567.6,50
1719462480851,572.75,25
1719462480851,572.75,25
1719462480851,572.75,25
1719462484863,575.7,50
1719462484863,575.7,50
1719462484863,575.7,50
1719462484863,575.7,50
1719462489539,574.95,175
1719462489539,574.95,175
1719462489539,574.95,175
1719462489539,574.95,175
1719462494745,574.45,50
1719462494745,574.45,50
1719462497450,574.85,25
1719462497450,574.85,25
1719462497450,574.85,25
1719462501891,571.45,25
1719462501891,571.45,25
1719462501891,571.45,25
1719462505777,575.0,50
1719462505777,575.0,50
1719462505777,575.0,50
1719462505777,575.0,50
1719462505777,575.0,50
1719462505777,575.0,50
1719462505777,575.0,50
1719462505777,575.0,50
1719462505777,575.0,50
1719462505777,575.0,50
1719462519167,575.8,50
1719462519167,575.8,50
1719462519167,575.8,50
1719462519167,575.8,50
1719462519167,575.8,50
1719462519167,575.8,50
1719462526582,573.65,150
1719462526582,573.65,150
1719462526582,573.65,150
1719462526582,573.65,150
1719462526582,573.65,150
1719462526582,573.65,150
1719462534655,571.5,50
1719462534655,571.5,50
1719462534655,571.5,50
1719462534655,571.5,50
1719462534655,571.5,50
1719462534655,571.5,50
1719462541735,574.45,50
1719462542638,575.9,25
1719462542638,575.9,25
1719462542638,575.9,25
1719462542638,575.9,25
1719462547575,573.8,50
1719462549305,574.45,100
1719462549305,574.45,100
1719462551314,574.45,175
1719462551314,574.45,175
1719462551314,574.45,175
1719462551314,574.45,175
1719462551314,574.45,175
1719462551314,574.45,175
1719462551314,574.45,175
1719462551314,574.45,175
1719462564309,576.0,25
1719462564309,576.0,25
1719462564309,576.0,25
1719462564309,576.0,25
1719462569795,576.5,25
1719462569795,576.5,25
1719462569795,576.5,25
1719462569795,576.5,25
1719462573089,577.1,25
1719462573089,577.1,25
1719462573089,577.1,25
1719462573089,577.1,25
1719462573089,577.1,25
1719462573089,577.1,25
1719462573089,577.1,25
1719462584475,574.4,125
1719462584475,574.4,125
1719462584475,574.4,125
1719462584475,574.4,125
1719462584475,574.4,125
1719462584475,574.4,125
1719462584475,574.4,125
1719462584475,574.4,125
1719462584475,574.4,125
1719462584475,574.4,125
1719462584475,574.4,125
1719462584475,574.4,125
1719462601264,579.25,50
1719462601996,581.4,50
1719462601996,581.4,50
1719462601996,581.4,50
1719462601996,581.4,50
1719462601996,581.4,50
1719462601996,581.4,50
1719462601996,581.4,50
1719462601996,581.4,50
1719462601996,581.4,50
1719462601996,581.4,50
1719462616140,576.9,25
1719462616140,576.9,25
1719462616140,576.9,25
1719462616140,576.9,25
1719462621124,576.4,25
1719462621124,576.4,25
1719462622898,573.75,50
1719462622898,573.75,50
1719462622898,573.75,50
1719462626938,573.05,25
1719462626938,573.05,25
1719462626938,573.05,25
1719462626938,573.05,25
1719462626938,573.05,25
1719462626938,573.05,25
1719462626938,573.05,25
1719462634860,579.6,25
1719462634860,579.6,25
1719462634860,579.6,25
1719462634860,579.6,25
1719462634860,579.6,25
1719462634860,579.6,25
1719462634860,579.6,25
1719462634860,579.6,25
1719462647502,580.95,25
1719462647502,580.95,25
1719462647502,580.95,25
1719462647502,580.95,25
1719462647502,580.95,25
1719462647502,580.95,25
1719462647502,580.95,25
1719462647502,580.95,25
1719462647502,580.95,25
1719462647502,580.95,25
1719462660806,583.8,25
1719462660806,583.8,25
1719462660806,583.8,25
1719462700152,590.35,50
1719462700152,590.35,50
1719462700152,590.35,50
1719462700152,590.35,50
1719462700152,590.35,50
1719462700152,590.35,50
1719462713407,593.0,100
1719462713407,593.0,100
1719462713407,593.0,100
1719462713407,593.0,100
1719462713407,593.0,100
1719462713407,593.0,100
1719462721226,597.55,25
1719462721226,597.55,25
1719462722081,600.0,25
1719462722081,600.0,25
1719462722081,600.0,25
1719462722081,600.0,25
1719462722081,600.0,25
1719462722081,600.0,25
1719462722081,600.0,25
1719462722081,600.0,25
1719462722081,600.0,25
1719462722081,600.0,25
1719462722081,600.0,25
1719462722081,600.0,25
1719462722081,600.0,25
1719462741539,599.5,25
1719462741539,599.5,25
1719462744315,597.5,25
1719462744315,597.5,25
1719462746137,598.25,50
1719462746137,598.25,50
1719462746137,598.25,50
1719462746137,598.25,50
1719462746137,598.25,50
1719462746137,598.25,50
1719462752164,599.75,150
1719462752164,599.75,150
1719462752164,599.75,150
1719462752164,599.75,150
1719462752164,599.75,150
1719462752164,599.75,150
1719462752164,599.75,150
1719462752164,599.75,150
1719462752164,599.75,150
1719462752164,599.75,150
1719462752164,599.75,150
1719462752164,599.75,150
1719462752164,599.75,150
1719462771658,600.0,100
1719462771658,600.0,100
1719462771658,600.0,100
1719462775225,602.45,50
1719462775225,602.45,50
1719462775225,602.45,50
1719462779374,602.7,25
1719462779374,602.7,25
1719462781445,604.45,50
1719462781445,604.45,50
1719462781980,606.75,25
1719462781980,606.75,25
1719462783958,604.2,150
1719462783958,604.2,150
1719462783958,604.2,150
1719462783958,604.2,150
1719462788674,605.55,50
1719462788674,605.55,50
1719462788674,605.55,50
1719462788674,605.55,50
1719462788674,605.55,50
1719462795638,607.9,50
1719462795638,607.9,50
1719462797936,605.55,25
1719462797936,605.55,25
1719462799490,605.2,25
1719462799490,605.2,25
1719462799490,605.2,25
1719462799490,605.2,25
1719462799490,605.2,25
1719462799490,605.2,25
1719462806865,605.0,125
1719462806865,605.0,125
1719462808626,604.95,150
1719462809389,603.4,25
1719462809389,603.4,25
1719462809389,603.4,25
1719462809389,603.4,25
1719462813620,600.55,75
1719462813620,600.55,75
1719462813620,600.55,75
1719462813620,600.55,75
1719462813620,600.55,75
1719462813620,600.55,75
1719462813620,600.55,75
1719462813620,600.55,75
1719462813620,600.55,75
1719462813620,600.55,75
1719462813620,600.55,75
1719462813620,600.55,75
1719462813620,600.55,75
1719462813620,600.55,75
1719462834851,599.9,25
1719462835956,598.6,25
1719462835956,598.6,25
1719462835956,598.6,25
1719462839456,599.25,25
1719462839456,599.25,25
1719462839456,599.25,25
1719462839456,599.25,25
1719462839456,599.25,25
1719462839456,599.25,25
1719462839456,599.25,25
1719462839456,599.25,25
1719462839456,599.25,25
1719462839456,599.25,25
1719462839456,599.25,25
1719462839456,599.25,25
1719462839456,599.25,25
1719462856733,600.35,25
1719462856733,600.35,25
1719462856733,600.35,25
1719462860841,599.1,25
1719462860841,599.1,25
1719462860841,599.1,25
1719462860841,599.1,25
1719462865922,602.75,50
1719462865922,602.75,50
1719462865922,602.75,50
1719462865922,602.75,50
1719463133014,605.75,25
1719463133014,605.75,25
1719463133014,605.75,25
1719463320617,612.25,25
1719463320617,612.25,25
1719463320617,612.25,25
1719463320617,612.25,25
1719463320617,612.25,25
1719463320617,612.25,25
1719463320617,612.25,25
1719463320617,612.25,25
1719463320617,612.25,25
1719463320617,612.25,25
1719463320617,612.25,25
1719463320617,612.25,25
1719463320617,612.25,25
1719463320617,612.25,25
1719463320617,612.25,25
1719463320617,612.25,25
1719463320617,612.25,25
1719463320617,612.25,25
1719463320617,612.25,25
1719463320617,612.25,25
1719463320617,612.25,25
1719463320617,612.25,25
1719463354120,612.0,25
1719463354120,612.0,25
1719463354120,612.0,25
1719463357219,615.6,25
1719463358254,615.35,25
1719463358254,615.35,25
1719463358254,615.35,25
1719463358254,615.35,25
1719463358254,615.35,25
1719463358254,615.35,25
1719463358254,615.35,25
1719463358254,615.35,25
1719463358254,615.35,25
1719463358254,615.35,25
1719463358254,615.35,25
1719463358254,615.35,25
1719463358254,615.35,25
1719463358254,615.35,25
1719463358254,615.35,25
1719463358254,615.35,25
1719463358254,615.35,25
1719463358254,615.35,25
1719463358254,615.35,25
1719463358254,615.35,25
1719463358254,615.35,25
1719463358254,615.35,25
1719463358254,615.35,25
1719463358254,615.35,25
1719463358254,615.35,25
1719463358254,615.35,25
1719463358254,615.35,25
1719463358254,615.35,25
1719463358254,615.35,25
1719463358254,615.35,25
1719463358254,615.35,25
1719463358254,615.35,25
1719463358254,615.35,25
1719463358254,615.35,25
1719463410791,605.0,50
1719463411300,604.7,25
1719463411300,604.7,25
1719463411300,604.7,25
1719463411300,604.7,25
1719463411300,604.7,25
1719463411300,604.7,25
1719463411300,604.7,25
1719463411300,604.7,25
1719463411300,604.7,25
1719463411300,604.7,25
1719463428226,598.0,25
1719463428480,596.65,25
1719463428480,596.65,25
1719463430584,596.9,25
1719463430880,597.3,25
1719463431788,596.45,25
1719463431788,596.45,25
1719463431788,596.45,25
1719463431788,596.45,25
1719463436298,596.35,25
1719463436298,596.35,25
1719463438679,594.5,25
1719463438679,594.5,25
1719463439151,594.1,25
1719463440327,596.45,25
1719463440327,596.45,25
1719463440642,595.85,25
1719463441433,596.45,25
1719463441433,596.45,25
1719463441433,596.45,25
1719463441433,596.45,25
1719463441433,596.45,25
1719463447702,600.3,50
1719463447702,600.3,50
1719463449445,597.5,25
1719463449445,597.5,25
1719463451287,598.0,25
1719463451580,597.8,25
1719463451580,597.8,25
1719463451580,597.8,25
1719463451580,597.8,25
1719463451580,597.8,25
1719463451580,597.8,25
1719463451580,597.8,25
1719463451580,597.8,25
1719463451580,597.8,25
1719463451580,597.8,25
1719463451580,597.8,25
1719463451580,597.8,25
1719463451580,597.8,25
1719463451580,597.8,25
1719463451580,597.8,25
1719463451580,597.8,25
1719463451580,597.8,25
1719463451580,597.8,25
1719463451580,597.8,25
1719463451580,597.8,25
1719463451580,597.8,25
1719463451580,597.8,25
1719463451580,597.8,25
1719463451580,597.8,25
1719463451580,597.8,25
1719463451580,597.8,25
1719463451580,597.8,25
1719463451580,597.8,25
1719463494101,597.9,25
1719463494210,597.9,25
1719463494987,597.9,25
1719463494987,597.9,25
1719463497333,599.2,25
1719463497333,599.2,25
1719463497333,599.2,25
1719463497333,599.2,25
1719463497333,599.2,25
1719463497333,599.2,25
1719463497333,599.2,25
1719463497333,599.2,25
1719463497333,599.2,25
1719463497333,599.2,25
1719463497333,599.2,25
1719463497333,599.2,25
1719463497333,599.2,25
1719463497333,599.2,25
1719463497333,599.2,25
1719463519343,596.15,25
1719463519642,596.35,25
1719463519642,596.35,25
1719463520932,596.65,25
1719463521703,597.3,25
1719463521703,597.3,25
1719463522498,597.35,25
1719463522498,597.35,25
1719463524070,600.6,50
1719463525310,600.05,25
1719463525310,600.05,25
1719463525626,600.05,25
1719463525626,600.05,25
1719463528073,600.75,25
1719463528579,600.75,25
1719463529125,600.9,25
1719463530198,601.05,25
1719463530198,601.05,25
1719463530198,601.05,25
1719463531503,602.55,25
1719463531503,602.55,25
1719463531503,602.55,25
1719463531503,602.55,25
1719463537012,605.0,25
1719463538478,605.75,25
1719463538478,605.75,25
1719463538478,605.75,25
1719463538478,605.75,25
1719463543429,606.45,25
1719463543429,606.45,25
1719463543429,606.45,25
1719463543429,606.45,25
1719463548432,606.15,25
1719463548950,607.15,25
1719463548950,607.15,25
1719463548950,607.15,25
1719463548950,607.15,25
1719463548950,607.15,25
1719463548950,607.15,25
1719463548950,607.15,25
1719463548950,607.15,25
1719463548950,607.15,25
1719463548950,607.15,25
1719463548950,607.15,25
1719463548950,607.15,25
1719463548950,607.15,25
1719463548950,607.15,25
1719463548950,607.15,25
1719463571585,602.7,25
1719463572003,602.7,25
1719463572003,602.7,25
1719463573326,601.65,25
1719463573326,601.65,25
1719463573326,601.65,25
1719463573326,601.65,25
1719463573326,601.65,25
1719463580431,600.35,175
1719463580431,600.35,175
1719463580431,600.35,175
1719463580927,600.3,25
1719463581907,600.25,100
1719463581907,600.25,100
1719463582872,599.35,25
1719463582872,599.35,25
1719463582872,599.35,25
1719463582872,599.35,25
1719463590149,599.45,25
1719463590149,599.45,25
1719463590149,599.45,25
1719463590149,599.45,25
1719463593820,599.5,25
1719463593904,599.5,25
1719463593904,599.5,25
1719463593904,599.5,25
1719463593904,599.5,25
1719463593904,599.5,25
1719463593904,599.5,25
1719463593904,599.5,25
1719463593904,599.5,25
1719463604179,601.05,25
1719463605041,602.15,25
1719463605064,602.15,25
1719463605064,602.15,25
1719463606112,603.4,25
1719463606112,603.4,25
1719463608382,602.9,50
1719463608382,602.9,50
1719463608382,602.9,50
1719463608382,602.9,50
1719463608382,602.9,50
1719463608382,602.9,50
1719463608382,602.9,50
1719463608382,602.9,50
1719463608382,602.9,50
1719463608382,602.9,50
1719463608382,602.9,50
1719463608382,602.9,50
1719463608382,602.9,50
1719463608382,602.9,50
1719463629215,599.7,25
1719463629554,599.7,25
1719463629554,599.7,25
1719463629554,599.7,25
1719463629554,599.7,25
1719463629554,599.7,25
1719463629554,599.7,25
1719463629554,599.7,25
1719463639249,601.75,25
1719463639347,601.85,25
1719463640249,602.1,100
1719463640249,602.1,100
1719463641947,603.0,25
1719463642440,603.15,25
1719463642616,603.35,25
1719463644168,604.0,25
1719463644250,603.9,25
1719463645193,603.9,25
1719463645551,603.6,25
1719463645551,603.6,25
1719463646254,603.2,25
1719463646254,603.2,25
1719463646254,603.2,25
1719463646254,603.2,25
1719463646254,603.2,25
1719463646254,603.2,25
1719463652857,602.0,50
1719463653822,601.7,25
1719463653822,601.7,25
1719463653822,601.7,25
1719463653822,601.7,25
1719463653822,601.7,25
1719463653822,601.7,25
1719463653822,601.7,25
1719463653822,601.7,25
1719463653822,601.7,25
1719463653822,601.7,25
1719463653822,601.7,25
1719463653822,601.7,25
1719463653822,601.7,25
1719463653822,601.7,25
1719463674297,601.4,25
1719463674297,601.4,25
1719463677665,599.45,25
1719463677737,599.3,25
1719463677737,599.3,25
1719463677737,599.3,25
1719463677737,599.3,25
1719463677737,599.3,25
1719463682726,598.2,25
1719463682726,598.2,25
1719463682726,598.2,25
1719463682726,598.2,25
1719463682726,598.2,25
1719463682726,598.2,25
1719463682726,598.2,25
1719463682726,598.2,25
1719463682726,598.2,25
1719463696992,597.5,25
1719463697355,598.65,25
1719463697854,599.6,25
1719463698791,600.25,25
1719463698791,600.25,25
1719463699662,600.5,25
1719463700396,600.05,25
1719463700396,600.05,25
1719463701843,599.75,25
1719463701843,599.75,25
1719463701843,599.75,25
1719463701843,599.75,25
1719463701843,599.75,25
1719463701843,599.75,25
1719463701843,599.75,25
1719463710810,600.2,25
1719463710810,600.2,25
1719463710810,600.2,25
1719463713406,602.2,25
1719463713406,602.2,25
1719463713406,602.2,25
1719463713406,602.2,25
1719463717647,603.2,25
1719463717768,603.25,25
1719463717768,603.25,25
1719463719834,603.85,25
1719463719834,603.85,25
1719463719834,603.85,25
1719463719834,603.85,25
1719463719834,603.85,25
1719463726144,603.85,25
1719463726144,603.85,25
1719463729007,603.4,50
1719463729211,600.45,25
1719463729348,600.2,25
1719463729348,600.2,25
1719463729348,600.2,25
1719463729348,600.2,25
1719463729348,600.2,25
1719463729348,600.2,25
1719463729348,600.2,25
1719463739701,602.6,25
1719463739701,602.6,25
1719463739701,602.6,25
1719463739701,602.6,25
1719463739701,602.6,25
1719463739701,602.6,25
1719463739701,602.6,25
1719463739701,602.6,25
1719463739701,602.6,25
1719463751321,602.3,25
1719463751321,602.3,25
1719463751321,602.3,25
1719463751321,602.3,25
1719463751321,602.3,25
1719463751321,602.3,25
1719463751321,602.3,25
1719463751321,602.3,25
1719463751321,602.3,25
1719463751321,602.3,25
1719463751321,602.3,25
1719463751321,602.3,25
1719463751321,602.3,25
1719463751321,602.3,25
1719463751321,602.3,25
1719463751321,602.3,25
1719463751321,602.3,25
1719463751321,602.3,25
1719463751321,602.3,25
1719463751321,602.3,25
1719463751321,602.3,25
1719463782665,605.6,25
1719463782665,605.6,25
1719463782665,605.6,25
1719463782665,605.6,25
1719463787718,607.05,150
1719463787919,605.0,50
1719463787919,605.0,50
1719463787919,605.0,50
1719463787919,605.0,50
1719463787919,605.0,50
1719463787919,605.0,50
1719463787919,605.0,50
1719463787919,605.0,50
1719463787919,605.0,50
1719463787919,605.0,50
1719463787919,605.0,50
1719463787919,605.0,50
1719463787919,605.0,50
1719463787919,605.0,50
1719463787919,605.0,50
1719463787919,605.0,50
1719463787919,605.0,50
1719463787919,605.0,50
1719463787919,605.0,50
1719463787919,605.0,50
1719463787919,605.0,50
1719463787919,605.0,50
1719463787919,605.0,50
1719463787919,605.0,50
1719463787919,605.0,50
1719463787919,605.0,50
1719463787919,605.0,50
1719463787919,605.0,50
1719463787919,605.0,50
1719463787919,605.0,50
1719463787919,605.0,50
1719463787919,605.0,50
1719463787919,605.0,50
1719463787919,605.0,50
1719463842311,605.0,150
1719463842311,605.0,150
1719463842311,605.0,150
1719463842311,605.0,150
1719463842311,605.0,150
1719463842311,605.0,150
1719463842311,605.0,150
1719463842311,605.0,150
1719463853213,602.3,25
1719463853213,602.3,25
1719463853213,602.3,25
1719463853213,602.3,25
1719463853213,602.3,25
1719463853213,602.3,25
1719463853213,602.3,25
1719463853213,602.3,25
1719463853213,602.3,25
1719463853213,602.3,25
1719463853213,602.3,25
1719463853213,602.3,25
1719463853213,602.3,25
1719463853213,602.3,25
1719463853213,602.3,25
1719463853213,602.3,25
1719463853213,602.3,25
1719463879185,607.8,100
1719463879388,605.8,50
1719463879388,605.8,50
1719463879388,605.8,50
1719463879388,605.8,50
1719463879388,605.8,50
1719463879388,605.8,50
1719463879388,605.8,50
1719463888805,608.15,25
1719463888805,608.15,25
1719463888805,608.15,25
1719463888805,608.15,25
1719463888805,608.15,25
1719463888805,608.15,25
1719463888805,608.15,25
1719463888805,608.15,25
1719463888805,608.15,25
1719463888805,608.15,25
1719463888805,608.15,25
1719463888805,608.15,25
1719463888805,608.15,25
1719463888805,608.15,25
1719463888805,608.15,25
1719463888805,608.15,25
1719463888805,608.15,25
1719463888805,608.15,25
1719463915273,609.9,50
1719463915273,609.9,50
1719463915273,609.9,50
1719463915273,609.9,50
1719463915273,609.9,50
1719463915273,609.9,50
1719463915273,609.9,50
1719463915273,609.9,50
1719463915273,609.9,50
1719463915273,609.9,50
1719463915273,609.9,50
1719463915273,609.9,50
1719463915273,609.9,50
1719463915273,609.9,50
1719463935448,611.0,50
1719463935448,611.0,50
1719463935448,611.0,50
1719463935448,611.0,50
1719463935448,611.0,50
1719463935448,611.0,50
1719463935448,611.0,50
1719463935448,611.0,50
1719463935448,611.0,50
1719463935448,611.0,50
1719463935448,611.0,50
1719463935448,611.0,50
1719463935448,611.0,50
1719463935448,611.0,50
1719463935448,611.0,50
1719463935448,611.0,50
1719463935448,611.0,50
1719463935448,611.0,50
1719463935448,611.0,50
1719463935448,611.0,50
1719463935448,611.0,50
1719463967593,607.5,25
1719463967655,607.65,25
1719463967655,607.65,25
1719463967655,607.65,25
1719463967655,607.65,25
1719463967655,607.65,25
1719463967655,607.65,25
1719463967655,607.65,25
1719463967655,607.65,25
1719463967655,607.65,25
1719463980016,607.35,25
1719463980016,607.35,25
1719463980016,607.35,25
1719463980016,607.35,25
1719463980016,607.35,25
1719463980016,607.35,25
1719463980016,607.35,25
1719463980016,607.35,25
1719463980016,607.35,25
1719463980016,607.35,25
1719463980016,607.35,25
1719463980016,607.35,25
1719463980016,607.35,25
1719463980016,607.35,25
1719463980016,607.35,25
1719463980016,607.35,25
1719463980016,607.35,25
1719463980016,607.35,25
1719463980016,607.35,25
1719463980016,607.35,25
1719463980016,607.35,25
1719463980016,607.35,25
1719463980016,607.35,25
1719464015962,601.7,25
1719464015962,601.7,25
1719464015962,601.7,25
1719464015962,601.7,25
1719464015962,601.7,25
1719464015962,601.7,25
1719464015962,601.7,25
1719464015962,601.7,25
1719464015962,601.7,25
1719464015962,601.7,25
1719464015962,601.7,25
1719464015962,601.7,25
1719464015962,601.7,25
1719464015962,601.7,25
1719464015962,601.7,25
1719464015962,601.7,25
1719464015962,601.7,25
1719464015962,601.7,25
1719464042731,599.05,25
1719464042731,599.05,25
1719464044726,598.5,25
1719464044726,598.5,25
1719464044726,598.5,25
1719464044726,598.5,25
1719464044726,598.5,25
1719464044726,598.5,25
1719464044726,598.5,25
1719464055363,600.8,50
1719464055363,600.8,50
1719464056422,601.7,50
1719464056907,601.2,75
1719464056907,601.2,75
1719464056907,601.2,75
1719464056907,601.2,75
1719464056907,601.2,75
1719464056907,601.2,75
1719464056907,601.2,75
1719464056907,601.2,75
1719464056907,601.2,75
1719464056907,601.2,75
1719464056907,601.2,75
1719464056907,601.2,75
1719464056907,601.2,75
1719464056907,601.2,75
1719464077240,597.4,25
1719464077240,597.4,25
1719464077240,597.4,25
1719464077240,597.4,25
1719464077240,597.4,25
1719464077240,597.4,25
1719464077240,597.4,25
1719464086419,595.4,25
1719464086419,595.4,25
1719464086419,595.4,25
1719464086419,595.4,25
1719464086419,595.4,25
1719464093225,598.35,25
1719464093225,598.35,25
1719464093225,598.35,25
1719464093225,598.35,25
1719464093225,598.35,25
1719464093225,598.35,25
1719464093225,598.35,25
1719464093225,598.35,25
1719464093225,598.35,25
1719464093225,598.35,25
1719464093225,598.35,25
1719464109182,598.65,150
1719464109182,598.65,150
1719464109182,598.65,150
1719464109182,598.65,150
1719464109182,598.65,150
1719464109182,598.65,150
1719464109182,598.65,150
1719464109182,598.65,150
1719464109182,598.65,150
1719464109182,598.65,150
1719464109182,598.65,150
1719464109182,598.65,150
1719464109182,598.65,150
1719464109182,598.65,150
1719464109182,598.65,150
1719464109182,598.65,150
1719464109182,598.65,150
1719464109182,598.65,150
1719464109182,598.65,150
1719464109182,598.65,150
1719464109182,598.65,150
1719464109182,598.65,150
1719464109182,598.65,150
1719464109182,598.65,150
1719464109182,598.65,150
1719464109182,598.65,150
1719464109182,598.65,150
1719464109182,598.65,150
1719464109182,598.65,150
1719464154641,599.8,25
1719464154641,599.8,25
1719464154641,599.8,25
1719464158124,598.6,75
1719464158124,598.6,75
1719464158124,598.6,75
1719464158124,598.6,75
1719464158124,598.6,75
1719464158124,598.6,75
1719464158124,598.6,75
1719464158124,598.6,75
1719464158124,598.6,75
1719464158124,598.6,75
1719464158124,598.6,75
1719464158124,598.6,75
1719464175730,600.25,25
1719464175730,600.25,25
1719464175730,600.25,25
1719464175730,600.25,25
1719464175730,600.25,25
1719464175730,600.25,25
1719464175730,600.25,25
1719464175730,600.25,25
1719464175730,600.25,25
1719464175730,600.25,25
1719464175730,600.25,25
1719464175730,600.25,25
1719464191495,600.0,25
1719464191495,600.0,25
1719464191495,600.0,25
1719464195314,600.8,25
1719464195314,600.8,25
1719464195314,600.8,25
1719464195314,600.8,25
1719464195314,600.8,25
1719464202956,599.75,25
1719464202956,599.75,25
1719464202956,599.75,25
1719464202956,599.75,25
1719464202956,599.75,25
1719464202956,599.75,25
1719464202956,599.75,25
1719464202956,599.75,25
1719464202956,599.75,25
1719464215685,599.8,25
1719464215685,599.8,25
1719464215685,599.8,25
1719464215685,599.8,25
1719464215685,599.8,25
1719464215685,599.8,25
1719464215685,599.8,25
1719464215685,599.8,25
1719464224840,606.2,25
1719464224840,606.2,25
1719464224840,606.2,25
1719464224840,606.2,25
1719464224840,606.2,25
1719464231952,610.0,100
1719464231952,610.0,100
1719464233343,607.75,25
1719464233611,608.35,25
1719464233611,608.35,25
1719464233611,608.35,25
1719464233611,608.35,25
1719464233611,608.35,25
1719464233611,608.35,25
1719464233611,608.35,25
1719464233611,608.35,25
1719464233611,608.35,25
1719464246824,611.7,50
1719464246824,611.7,50
1719464246824,611.7,50
1719464250257,613.45,50
1719464250257,613.45,50
1719464250257,613.45,50
1719464250257,613.45,50
1719464250257,613.45,50
1719464250257,613.45,50
1719464257650,617.25,75
1719464257650,617.25,75
1719464257650,617.25,75
1719464257650,617.25,75
1719464262242,617.15,50
1719464262242,617.15,50
1719464262242,617.15,50
1719464262242,617.15,50
1719464267014,617.35,25
1719464267014,617.35,25
1719464267014,617.35,25
1719464267014,617.35,25
1719464272992,617.35,25
1719464272992,617.35,25
1719464272992,617.35,25
1719464272992,617.35,25
1719464272992,617.35,25
1719464272992,617.35,25
1719464272992,617.35,25
1719464272992,617.35,25
1719464272992,617.35,25
1719464272992,617.35,25
1719464272992,617.35,25
1719464272992,617.35,25
1719464272992,617.35,25
1719464272992,617.35,25
1719464291813,617.65,25
1719464292151,620.0,25
1719464292151,620.0,25
1719464292151,620.0,25
1719464292151,620.0,25
1719464292151,620.0,25
1719464292151,620.0,25
1719464292151,620.0,25
1719464292151,620.0,25
1719464292151,620.0,25
1719464292151,620.0,25
1719464292151,620.0,25
1719464292151,620.0,25
1719464292151,620.0,25
1719464292151,620.0,25
1719464292151,620.0,25
1719464292151,620.0,25
1719464292151,620.0,25
1719464318404,623.9,25
1719464318404,623.9,25
1719464318404,623.9,25
1719464318404,623.9,25
1719464323752,626.6,100
1719464324234,624.75,150
1719464324844,624.8,25
1719464324844,624.8,25
1719464326509,624.0,100
1719464326509,624.0,100
1719464327367,624.0,150
1719464327367,624.0,150
1719464327367,624.0,150
1719464327367,624.0,150
1719464332571,622.05,25
1719464332571,622.05,25
1719464332571,622.05,25
1719464332571,622.05,25
1719464336617,622.05,50
1719464336617,622.05,50
1719464336617,622.05,50
1719464336617,622.05,50
1719464336617,622.05,50
1719464336617,622.05,50
1719464336617,622.05,50
1719464336617,622.05,50
1719464336617,622.05,50
1719464336617,622.05,50
1719464336617,622.05,50
1719464336617,622.05,50
1719464336617,622.05,50
1719464336617,622.05,50
1719464336617,622.05,50
1719464336617,622.05,50
1719464361634,624.8,25
1719464361634,624.8,25
1719464361634,624.8,25
1719464361634,624.8,25
1719464361634,624.8,25
1719464361634,624.8,25
1719464361634,624.8,25
1719464361634,624.8,25
1719464361634,624.8,25
1719464361634,624.8,25
1719464375922,624.2,25
1719464375922,624.2,25
1719464375922,624.2,25
1719464375922,624.2,25
1719464375922,624.2,25
1719464382314,623.8,50
1719464383386,623.3,25
1719464383386,623.3,25
1719464383386,623.3,25
1719464383386,623.3,25
1719464383386,623.3,25
1719464383386,623.3,25
1719464383386,623.3,25
1719464383386,623.3,25
1719464383386,623.3,25
1719464383386,623.3,25
1719464383386,623.3,25
1719464383386,623.3,25
1719464383386,623.3,25
1719464400659,621.8,75
1719464400659,621.8,75
1719464402311,620.0,25
1719464402311,620.0,25
1719464402311,620.0,25
1719464402311,620.0,25
1719464402311,620.0,25
1719464402311,620.0,25
1719464402311,620.0,25
1719464402311,620.0,25
1719464402311,620.0,25
1719464402311,620.0,25
1719464402311,620.0,25
1719464402311,620.0,25
1719464402311,620.0,25
1719464402311,620.0,25
1719464402311,620.0,25
1719464402311,620.0,25
1719464402311,620.0,25
1719464402311,620.0,25
1719464402311,620.0,25
1719464402311,620.0,25
1719464402311,620.0,25
1719464434053,622.0,25
1719464434053,622.0,25
1719464434053,622.0,25
1719464434053,622.0,25
1719464434053,622.0,25
1719464441538,623.75,25
1719464441538,623.75,25
1719464441538,623.75,25
1719464441538,623.75,25
1719464441538,623.75,25
1719464441538,623.75,25
1719464441538,623.75,25
1719464441538,623.75,25
1719464441538,623.75,25
1719464454116,620.75,25
1719464454298,620.5,25
1719464454298,620.5,25
1719464454298,620.5,25
1719464454298,620.5,25
1719464454298,620.5,25
1719464454298,620.5,25
1719464454298,620.5,25
1719464454298,620.5,25
1719464454298,620.5,25
1719464454298,620.5,25
1719464454298,620.5,25
1719464454298,620.5,25
1719464454298,620.5,25
1719464454298,620.5,25
1719464454298,620.5,25
1719464454298,620.5,25
1719464454298,620.5,25
1719464454298,620.5,25
1719464454298,620.5,25
1719464454298,620.5,25
1719464454298,620.5,25
1719464454298,620.5,25
1719464454298,620.5,25
1719464454298,620.5,25
1719464454298,620.5,25
1719464454298,620.5,25
1719464454298,620.5,25
1719464454298,620.5,25
1719464454298,620.5,25
1719464454298,620.5,25
1719464454298,620.5,25
1719464454298,620.5,25
1719464454298,620.5,25
1719464454298,620.5,25
1719464454298,620.5,25
1719464454298,620.5,25
1719464454298,620.5,25
1719464513514,616.4,25
1719464513514,616.4,25
1719464513514,616.4,25
1719464513514,616.4,25
1719464513514,616.4,25
1719464513514,616.4,25
1719464513514,616.4,25
1719464522477,615.0,50
1719464522477,615.0,50
1719464524659,612.25,25
1719464524890,613.85,25
1719464524890,613.85,25
1719464524890,613.85,25
1719464528032,615.15,25
1719464528032,615.15,25
1719464528032,615.15,25
1719464528032,615.15,25
1719464528032,615.15,25
1719464528032,615.15,25
1719464528032,615.15,25
1719464528032,615.15,25
1719464528032,615.15,25
1719464528032,615.15,25
1719464528032,615.15,25
1719464528032,615.15,25
1719464528032,615.15,25
1719464528032,615.15,25
1719464528032,615.15,25
1719464528032,615.15,25
1719464552009,610.3,50
1719464552009,610.3,50
1719464552009,610.3,50
1719464552009,610.3,50
1719464552009,610.3,50
1719464552009,610.3,50
1719464552009,610.3,50
1719464552009,610.3,50
1719464552009,610.3,50
1719464552009,610.3,50
1719464552009,610.3,50
1719464552009,610.3,50
1719464552009,610.3,50
1719464552009,610.3,50
1719464552009,610.3,50
1719464552009,610.3,50
1719464552009,610.3,50
1719464552009,610.3,50
1719464552009,610.3,50
1719464552009,610.3,50
1719464552009,610.3,50
1719464552009,610.3,50
1719464552009,610.3,50
1719464588850,607.2,100
1719464588850,607.2,100
1719464590999,601.3,25
1719464591037,601.45,25
1719464591037,601.45,25
1719464591037,601.45,25
1719464591037,601.45,25
1719464591037,601.45,25
1719464598348,600.7,25
1719464598348,600.7,25
1719464598915,600.7,50
1719464598915,600.7,50
1719464601226,596.0,25
1719464601226,596.0,25
1719464601702,594.6,25
1719464601702,594.6,25
1719464603559,591.85,125
1719464603744,591.3,25
1719464603744,591.3,25
1719464606739,587.85,25
1719464606739,587.85,25
1719464609816,580.55,75
1719464609816,580.55,75
1719464611231,580.25,25
1719464611830,575.0,25
1719464611927,571.9,25
1719464612864,556.6,50
1719464613824,552.1,50
1719464614249,552.0,25
1719464614249,552.0,25
1719464614455,546.8,50
1719464615486,554.15,25
1719464615486,554.15,25
1719464617552,563.7,50
1719464617692,565.7,25
1719464618854,567.85,25
1719464619764,568.9,25
1719464620299,569.6,50
1719464620761,569.95,25
1719464620761,569.95,25
1719464622991,573.55,25
1719464622991,573.55,25
1719464623682,571.5,150
1719464623682,571.5,150
1719464623682,571.5,150
1719464623682,571.5,150
1719464628898,579.5,25
1719464630211,580.55,25
1719464630271,580.55,25
1719464631921,580.25,25
1719464631921,580.25,25
1719464631921,580.25,25
1719464636050,568.55,25
1719464636585,567.15,50
1719464636981,566.9,25
1719464637837,568.8,50
1719464637991,568.95,25
1719464637991,568.95,25
1719464637991,568.95,25
1719464637991,568.95,25
1719464637991,568.95,25
1719464642828,570.9,25
1719464642828,570.9,25
1719464642828,570.9,25
1719464646996,576.35,25
1719464646996,576.35,25
1719464646996,576.35,25
1719464646996,576.35,25
1719464646996,576.35,25
1719464646996,576.35,25
1719464646996,576.35,25
1719464646996,576.35,25
1719464646996,576.35,25
1719464646996,576.35,25
1719464662224,576.1,25
1719464662224,576.1,25
1719464662224,576.1,25
1719464665987,574.0,25
1719464666060,574.0,25
1719464666060,574.0,25
1719464666060,574.0,25
1719464669727,572.5,25
1719464670384,574.0,25
1719464670384,574.0,25
1719464670384,574.0,25
1719464670384,574.0,25
1719464670384,574.0,25
1719464670384,574.0,25
1719464670384,574.0,25
1719464670384,574.0,25
1719464670384,574.0,25
1719464670384,574.0,25
1719464683794,574.65,25
1719464684407,575.95,50
1719464684407,575.95,50
1719464686372,575.7,25
1719464686372,575.7,25
1719464687315,575.15,25
1719464688265,573.4,50
1719464688265,573.4,50
1719464689364,574.5,25
1719464689364,574.5,25
1719464689364,574.5,25
1719464689364,574.5,25
1719464695239,568.65,25
1719464695239,568.65,25
1719464695827,568.4,25
1719464696909,567.65,25
1719464696909,567.65,25
1719464697527,567.4,25
1719464698385,567.2,25
1719464698608,566.65,25
1719464698608,566.65,25
1719464698608,566.65,25
1719464698608,566.65,25
1719464703657,559.3,25
1719464703657,559.3,25
1719464704871,560.05,25
1719464704871,560.05,25
1719464704871,560.05,25
1719464706308,562.15,25
1719464706308,562.15,25
1719464707200,562.4,25
1719464708666,562.5,25
1719464709421,562.55,25
1719464709421,562.55,25
1719464710584,565.2,25
1719464710584,565.2,25
1719464710584,565.2,25
1719464710584,565.2,25
1719464715418,570.5,25
1719464715418,570.5,25
1719464715418,570.5,25
1719464715418,570.5,25
1719464721023,567.7,50
1719464721023,567.7,50
1719464722996,565.0,50
1719464722996,565.0,50
1719464724355,564.75,25
1719464724355,564.75,25
1719464726255,563.1,25
1719464727048,563.95,25
1719464727048,563.95,25
1719464727048,563.95,25
1719464727048,563.95,25
1719464727048,563.95,25
1719464727048,563.95,25
1719464727048,563.95,25
1719464727048,563.95,25
1719464727048,563.95,25
1719464727048,563.95,25
1719464727048,563.95,25
1719464727048,563.95,25
1719464745202,568.0,25
1719464745202,568.0,25
1719464745202,568.0,25
1719464745202,568.0,25
1719464745202,568.0,25
1719464745202,568.0,25
1719464745202,568.0,25
1719464745202,568.0,25
1719464745202,568.0,25
1719464758511,574.25,25
1719464758511,574.25,25
1719464758511,574.25,25
1719464758511,574.25,25
1719464758511,574.25,25
1719464762848,570.95,50
1719464762848,570.95,50
1719464762848,570.95,50
1719464762848,570.95,50
1719464762848,570.95,50
1719464762848,570.95,50
1719464762848,570.95,50
1719464762848,570.95,50
1719464762848,570.95,50
1719464775725,573.0,25
1719464775725,573.0,25
1719464775725,573.0,25
1719464779286,571.0,250
1719464779286,571.0,250
1719464779286,571.0,250
1719464779286,571.0,250
1719464779286,571.0,250
1719464779286,571.0,250
1719464779286,571.0,250
1719464779286,571.0,250
1719464779286,571.0,250
1719464791414,574.1,25
1719464792055,572.7,25
1719464792055,572.7,25
1719464792055,572.7,25
1719464792055,572.7,25
1719464792055,572.7,25
1719464797181,572.45,25
1719464797181,572.45,25
1719464797181,572.45,25
1719464797181,572.45,25
1719464797181,572.45,25
1719464797181,572.45,25
1719464797181,572.45,25
1719464807821,575.25,25
1719464807821,575.25,25
1719464807821,575.25,25
1719464807821,575.25,25
1719464812920,572.0,25
1719464813749,572.4,25
1719464813749,572.4,25
1719464816808,573.3,25
1719464816808,573.3,25
1719464818626,572.65,25
1719464818626,572.65,25
1719464818626,572.65,25
1719464818626,572.65,25
1719464818626,572.65,25
1719464822731,575.15,50
1719464822731,575.15,50
1719464822731,575.15,50
1719464822731,575.15,50
1719464822731,575.15,50
1719464822731,575.15,50
1719464831020,579.4,25
1719464831020,579.4,25
1719464831020,579.4,25
1719464831020,579.4,25
1719464831020,579.4,25
1719464831020,579.4,25
1719464839691,579.15,25
1719464839691,579.15,25
1719464839691,579.15,25
1719464839691,579.15,25
1719464845004,580.65,25
1719464845004,580.65,25
1719464845004,580.65,25
1719464845004,580.65,25
1719464845004,580.65,25
1719464845004,580.65,25
1719464845004,580.65,25
1719464845004,580.65,25
1719464856566,583.3,25
1719464856566,583.3,25
1719464856566,583.3,25
1719464856566,583.3,25
1719464856566,583.3,25
1719464856566,583.3,25
1719464865487,580.0,25
1719464865487,580.0,25
1719464866973,581.95,25
1719464867352,582.0,25
1719464867352,582.0,25
1719464867352,582.0,25
1719464867352,582.0,25
1719464867352,582.0,25
1719464867352,582.0,25
1719464867352,582.0,25
1719464867352,582.0,25
1719464879171,584.0,25
1719464879171,584.0,25
1719464879171,584.0,25
1719464879171,584.0,25
1719464879171,584.0,25
1719464879171,584.0,25
1719464886936,580.55,150
1719464887080,580.25,25
1719464887080,580.25,25
1719464887080,580.25,25
1719464887080,580.25,25
1719464887080,580.25,25
1719464887080,580.25,25
1719464887080,580.25,25
1719464887080,580.25,25
1719464887080,580.25,25
1719464887080,580.25,25
1719464887080,580.25,25
1719464887080,580.25,25
1719464904487,578.85,50
1719464904487,578.85,50
1719464904487,578.85,50
1719464904487,578.85,50
1719464904487,578.85,50
1719464910576,587.05,25
1719464910576,587.05,25
1719464910576,587.05,25
1719464910576,587.05,25
1719464910576,587.05,25
1719464910576,587.05,25
1719464917878,580.95,25
1719464917878,580.95,25
1719464917878,580.95,25
1719464921534,583.7,25
1719464921534,583.7,25
1719464921534,583.7,25
1719464921534,583.7,25
1719464921534,583.7,25
1719464921534,583.7,25
1719464921534,583.7,25
1719464921534,583.7,25
1719464933066,582.15,25
1719464933066,582.15,25
1719464933066,582.15,25
1719464933066,582.15,25
1719464939146,581.85,25
1719464939146,581.85,25
1719464939146,581.85,25
1719464939146,581.85,25
1719464939146,581.85,25
1719464939146,581.85,25
1719464939146,581.85,25
1719464939146,581.85,25
1719464939146,581.85,25
1719464939146,581.85,25
1719464939146,581.85,25
1719464939146,581.85,25
1719464939146,581.85,25
1719464939146,581.85,25
1719464939146,581.85,25
1719464939146,581.85,25
1719464939146,581.85,25
1719464939146,581.85,25
1719464939146,581.85,25
1719464939146,581.85,25
1719464939146,581.85,25
1719464939146,581.85,25
1719464939146,581.85,25
1719464939146,581.85,25
1719464939146,581.85,25
1719464939146,581.85,25
1719464939146,581.85,25
1719464939146,581.85,25
1719464939146,581.85,25
1719464939146,581.85,25
1719464939146,581.85,25
1719464939146,581.85,25
1719464939146,581.85,25
1719464939146,581.85,25
1719464939146,581.85,25
1719464939146,581.85,25
1719464939146,581.85,25
1719464939146,581.85,25
1719464939146,581.85,25
1719464939146,581.85,25
1719464939146,581.85,25
1719464939146,581.85,25
1719464939146,581.85,25
1719464939146,581.85,25
1719464939146,581.85,25
1719464939146,581.85,25
1719464939146,581.85,25
1719464939146,581.85,25
1719464939146,581.85,25
1719464939146,581.85,25
1719464939146,581.85,25
1719464939146,581.85,25
1719464939146,581.85,25
1719464939146,581.85,25
1719465028691,574.3,25
1719465028691,574.3,25
1719465028691,574.3,25
1719465028691,574.3,25
1719465028691,574.3,25
1719465032748,576.2,25
1719465032748,576.2,25
1719465032748,576.2,25
1719465032748,576.2,25
1719465032748,576.2,25
1719465032748,576.2,25
1719465032748,576.2,25
1719465032748,576.2,25
1719465032748,576.2,25
1719465032748,576.2,25
1719465032748,576.2,25
1719465032748,576.2,25
1719465032748,576.2,25
1719465032748,576.2,25
1719465032748,576.2,25
1719465032748,576.2,25
1719465032748,576.2,25
1719465032748,576.2,25
1719465032748,576.2,25
1719465032748,576.2,25
1719465032748,576.2,25
1719465032748,576.2,25
1719465032748,576.2,25
1719465032748,576.2,25
1719465032748,576.2,25
1719465032748,576.2,25
1719465072591,573.0,75
1719465072591,573.0,75
1719465072591,573.0,75
1719465072591,573.0,75
1719465072591,573.0,75
1719465072591,573.0,75
1719465081229,574.05,25
1719465081229,574.05,25
1719465081229,574.05,25
1719465081229,574.05,25
1719465086629,573.35,125
1719465086629,573.35,125
1719465086629,573.35,125
1719465086629,573.35,125
1719465086629,573.35,125
1719465086629,573.35,125
1719465086629,573.35,125
1719465086629,573.35,125
1719465086629,573.35,125
1719465086629,573.35,125
1719465099623,567.7,150
1719465099623,567.7,150
1719465099623,567.7,150
1719465099623,567.7,150
1719465099623,567.7,150
1719465099623,567.7,150
1719465099623,567.7,150
1719465099623,567.7,150
1719465099623,567.7,150
1719465099623,567.7,150
1719465099623,567.7,150
1719465099623,567.7,150
1719465099623,567.7,150
1719465099623,567.7,150
1719465099623,567.7,150
1719465099623,567.7,150
1719465099623,567.7,150
1719465099623,567.7,150
1719465099623,567.7,150
1719465099623,567.7,150
1719465099623,567.7,150
1719465099623,567.7,150
1719465099623,567.7,150
1719465134372,567.0,100
1719465134648,567.45,25
1719465134648,567.45,25
1719465136193,564.7,25
1719465137308,566.4,25
1719465137308,566.4,25
1719465137308,566.4,25
1719465137308,566.4,25
1719465141138,566.25,50
1719465141138,566.25,50
1719465141138,566.25,50
1719465141138,566.25,50
1719465147168,567.0,25
1719465147168,567.0,25
1719465147168,567.0,25
1719465147168,567.0,25
1719465147168,567.0,25
1719465147168,567.0,25
1719465147168,567.0,25
1719465147168,567.0,25
1719465147168,567.0,25
1719465147168,567.0,25
1719465147168,567.0,25
1719465147168,567.0,25
1719465147168,567.0,25
1719465147168,567.0,25
1719465147168,567.0,25
1719465147168,567.0,25
1719465147168,567.0,25
1719465147168,567.0,25
1719465172791,567.0,200
1719465172791,567.0,200
1719465172791,567.0,200
1719465177615,567.25,25
1719465177615,567.25,25
1719465177615,567.25,25
1719465177615,567.25,25
1719465177615,567.25,25
1719465177615,567.25,25
1719465177615,567.25,25
1719465177615,567.25,25
1719465177615,567.25,25
1719465177615,567.25,25
1719465177615,567.25,25
1719465193516,568.3,50
1719465193516,568.3,50
1719465193516,568.3,50
1719465193516,568.3,50
1719465197962,567.85,25
1719465197962,567.85,25
1719465197962,567.85,25
1719465197962,567.85,25
1719465197962,567.85,25
1719465197962,567.85,25
1719465197962,567.85,25
1719465197962,567.85,25
1719465197962,567.85,25
1719465197962,567.85,25
1719465197962,567.85,25
1719465213187,553.85,50
1719465213291,552.25,50
1719465213291,552.25,50
1719465213291,552.25,50
1719465216153,545.95,25
1719465216153,545.95,25
1719465216741,544.8,75
1719465217680,544.95,50
1719465218900,546.1,25
1719465218900,546.1,25
1719465220401,541.2,75
1719465220591,539.65,25
1719465220591,539.65,25
1719465222143,541.45,50
1719465222143,541.45,50
1719465223740,543.3,50
1719465223740,543.3,50
1719465223740,543.3,50
1719465227509,537.15,25
1719465227509,537.15,25
1719465228943,525.0,50
1719465228943,525.0,50
1719465229720,531.8,50
1719465229720,531.8,50
1719465229720,531.8,50
1719465229720,531.8,50
1719465229720,531.8,50
1719465236883,527.1,25
1719465236883,527.1,25
1719465238179,527.05,25
1719465238881,530.1,25
1719465238881,530.1,25
1719465238881,530.1,25
1719465240868,520.0,500
1719465240868,520.0,500
1719465241951,523.75,100
1719465241951,523.75,100
1719465244346,523.5,50
1719465244346,523.5,50
1719465244346,523.5,50
1719465244346,523.5,50
1719465244346,523.5,50
1719465244346,523.5,50
1719465244346,523.5,50
1719465244346,523.5,50
1719465244346,523.5,50
1719465256998,524.45,25
1719465256998,524.45,25
1719465256998,524.45,25
1719465256998,524.45,25
1719465256998,524.45,25
1719465264168,522.2,125
1719465264168,522.2,125
1719465264168,522.2,125
1719465264168,522.2,125
1719465264168,522.2,125
1719465264168,522.2,125
1719465270617,518.4,25
1719465270617,518.4,25
1719465270617,518.4,25
1719465270617,518.4,25
1719465270617,518.4,25
1719465277397,518.7,50
1719465277397,518.7,50
1719465277397,518.7,50
1719465277397,518.7,50
1719465277397,518.7,50
1719465277397,518.7,50
1719465277397,518.7,50
1719465286516,518.8,50
1719465286516,518.8,50
1719465286516,518.8,50
1719465286516,518.8,50
1719465286516,518.8,50
1719465293107,524.5,25
1719465293254,524.5,75
1719465293254,524.5,75
1719465295533,525.3,50
1719465295533,525.3,50
1719465295533,525.3,50
1719465295533,525.3,50
1719465295533,525.3,50
1719465295533,525.3,50
1719465295533,525.3,50
1719465305270,512.7,50
1719465305897,511.25,50
1719465305897,511.25,50
1719465305897,511.25,50
1719465308080,511.65,50
1719465308849,513.8,25
1719465308849,513.8,25
1719465308849,513.8,25
1719465308849,513.8,25
1719465314048,512.75,25
1719465314048,512.75,25
1719465314048,512.75,25
1719465316331,514.25,75
1719465316921,514.5,75
1719465317568,513.7,25
1719465317568,513.7,25
1719465317568,513.7,25
1719465317568,513.7,25
1719465322082,515.0,50
1719465322082,515.0,50
1719465323051,514.3,25
1719465323051,514.3,25
1719465324758,514.05,25
1719465324969,514.3,50
1719465324969,514.3,50
1719465324969,514.3,50
1719465329284,512.8,50
1719465329385,514.45,25
1719465329385,514.45,25
1719465329385,514.45,25
1719465332040,518.95,50
1719465332458,512.65,175
1719465332806,515.95,50
1719465332806,515.95,50
1719465335056,516.4,50
1719465335056,516.4,50
1719465335056,516.4,50
1719465335056,516.4,50
1719465335056,516.4,50
1719465335056,516.4,50
1719465335056,516.4,50
1719465345246,518.75,50
1719465345413,517.9,50
1719465345413,517.9,50
1719465345413,517.9,50
1719465345413,517.9,50
1719465345413,517.9,50
1719465345413,517.9,50
1719465345413,517.9,50
1719465345413,517.9,50
1719465345413,517.9,50
1719465345413,517.9,50
1719465345413,517.9,50
1719465345413,517.9,50
1719465362450,513.65,25
1719465362450,513.65,25
1719465362450,513.65,25
1719465362450,513.65,25
1719465362450,513.65,25
1719465362450,513.65,25
1719465362450,513.65,25
1719465362450,513.65,25
1719465362450,513.65,25
1719465362450,513.65,25
1719465362450,513.65,25
1719465362450,513.65,25
1719465380529,521.4,25
1719465380529,521.4,25
1719465380529,521.4,25
1719465380529,521.4,25
1719465380529,521.4,25
1719465380529,521.4,25
1719465380529,521.4,25
1719465380529,521.4,25
1719465380529,521.4,25
1719465391238,517.05,25
1719465391238,517.05,25
1719465391238,517.05,25
1719465391238,517.05,25
1719465396494,516.0,50
1719465396494,516.0,50
1719465396494,516.0,50
1719465396494,516.0,50
1719465396494,516.0,50
1719465396494,516.0,50
1719465396494,516.0,50
1719465396494,516.0,50
1719465396494,516.0,50
1719465396494,516.0,50
1719465396494,516.0,50
1719465396494,516.0,50
1719465396494,516.0,50
1719465396494,516.0,50
1719465396494,516.0,50
1719465396494,516.0,50
1719465396494,516.0,50
1719465396494,516.0,50
1719465396494,516.0,50
1719465396494,516.0,50
1719465396494,516.0,50
1719465396494,516.0,50
1719465396494,516.0,50
1719465396494,516.0,50
1719465434335,520.6,75
1719465434335,520.6,75
1719465434335,520.6,75
1719465434335,520.6,75
1719465440991,516.3,25
1719465440991,516.3,25
1719465442611,515.85,25
1719465442611,515.85,25
1719465442611,515.85,25
1719465442611,515.85,25
1719465442611,515.85,25
1719465442611,515.85,25
1719465442611,515.85,25
1719465442611,515.85,25
1719465442611,515.85,25
1719465442611,515.85,25
1719465455080,517.0,50
1719465455080,517.0,50
1719465456938,519.2,25
1719465456938,519.2,25
1719465456938,519.2,25
1719465456938,519.2,25
1719465456938,519.2,25
1719465456938,519.2,25
1719465464529,514.85,25
1719465464529,514.85,25
1719465464529,514.85,25
1719465464529,514.85,25
1719465464529,514.85,25
1719465464529,514.85,25
1719465464529,514.85,25
1719465464529,514.85,25
1719465464529,514.85,25
1719465464529,514.85,25
1719465480060,515.8,50
1719465480060,515.8,50
1719465480060,515.8,50
1719465480060,515.8,50
1719465480060,515.8,50
1719465480060,515.8,50
1719465480060,515.8,50
1719465480060,515.8,50
1719465480060,515.8,50
1719465480060,515.8,50
1719465480060,515.8,50
1719465480060,515.8,50
1719465480060,515.8,50
1719465480060,515.8,50
1719465480060,515.8,50
1719465480060,515.8,50
1719465480060,515.8,50
1719465480060,515.8,50
1719465480060,515.8,50
1719465480060,515.8,50
1719465480060,515.8,50
1719465480060,515.8,50
1719465480060,515.8,50
1719465480060,515.8,50
1719465516955,516.8,25
1719465517070,516.0,100
1719465517070,516.0,100
1719465517070,516.0,100
1719465517070,516.0,100
1719465517070,516.0,100
1719465517070,516.0,100
1719465517070,516.0,100
1719465517070,516.0,100
1719465517070,516.0,100
1719465517070,516.0,100
1719465517070,516.0,100
1719465517070,516.0,100
1719465517070,516.0,100
1719465517070,516.0,100
1719465517070,516.0,100
1719465517070,516.0,100
1719465517070,516.0,100
1719465517070,516.0,100
1719465517070,516.0,100
1719465544771,513.55,100
1719465544771,513.55,100
1719465547071,515.1,25
1719465547071,515.1,25
1719465547071,515.1,25
1719465547071,515.1,25
1719465547071,515.1,25
1719465547071,515.1,25
1719465547071,515.1,25
1719465547071,515.1,25
1719465547071,515.1,25
1719465547071,515.1,25
1719465547071,515.1,25
1719465563568,516.8,25
1719465563568,516.8,25
1719465565338,516.7,25
1719465565338,516.7,25
1719465565338,516.7,25
1719465565338,516.7,25
1719465565338,516.7,25
1719465565338,516.7,25
1719465565338,516.7,25
1719465565338,516.7,25
1719465565338,516.7,25
1719465565338,516.7,25
1719465565338,516.7,25
1719465565338,516.7,25
1719465565338,516.7,25
1719465565338,516.7,25
1719465565338,516.7,25
1719465565338,516.7,25
1719465565338,516.7,25
1719465590828,521.95,25
1719465590828,521.95,25
1719465592420,525.45,25
1719465592728,523.05,50
1719465592728,523.05,50
1719465592728,523.05,50
1719465596057,524.55,25
1719465597745,524.7,50
1719465597745,524.7,50
1719465598419,530.95,25
1719465598419,530.95,25
1719465598419,530.95,25
1719465598419,530.95,25
1719465601609,527.8,50
1719465601609,527.8,50
1719465601609,527.8,50
1719465601609,527.8,50
1719465601609,527.8,50
1719465601609,527.8,50
1719465601609,527.8,50
1719465601609,527.8,50
1719465601609,527.8,50
1719465601609,527.8,50
1719465601609,527.8,50
1719465601609,527.8,50
1719465601609,527.8,50
1719465622738,530.95,25
1719465622738,530.95,25
1719465622738,530.95,25
1719465622738,530.95,25
1719465627261,539.0,50
1719465627261,539.0,50
1719465627261,539.0,50
1719465630154,539.05,25
1719465630154,539.05,25
1719465630154,539.05,25
1719465630154,539.05,25
1719465630154,539.05,25
1719465630154,539.05,25
1719465639189,544.0,25
1719465639189,544.0,25
1719465639189,544.0,25
1719465641665,541.55,75
1719465641665,541.55,75
1719465641665,541.55,75
1719465641665,541.55,75
1719465641665,541.55,75
1719465649310,540.0,50
1719465650388,542.6,25
1719465650388,542.6,25
1719465650388,542.6,25
1719465650388,542.6,25
1719465655940,540.35,50
1719465655940,540.35,50
1719465657554,541.25,25
1719465657554,541.25,25
1719465657554,541.25,25
1719465657554,541.25,25
1719465657554,541.25,25
1719465657554,541.25,25
1719465657554,541.25,25
1719465657554,541.25,25
1719465657554,541.25,25
1719465657554,541.25,25
1719465657554,541.25,25
1719465657554,541.25,25
1719465673238,541.85,25
1719465673238,541.85,25
1719465673238,541.85,25
1719465673238,541.85,25
1719465673238,541.85,25
1719465673238,541.85,25
1719465673238,541.85,25
1719465673238,541.85,25
1719465673238,541.85,25
1719465686575,549.45,50
1719465686575,549.45,50
1719465688107,549.0,175
1719465688107,549.0,175
1719465688107,549.0,175
1719465688107,549.0,175
1719465688107,549.0,175
1719465688107,549.0,175
1719465688107,549.0,175
1719465688107,549.0,175
1719465699097,546.2,50
1719465699097,546.2,50
1719465699097,546.2,50
1719465699097,546.2,50
1719465699097,546.2,50
1719465699097,546.2,50
1719465699097,546.2,50
1719465699097,546.2,50
1719465699097,546.2,50
1719465699097,546.2,50
1719465699097,546.2,50
1719465714793,546.9,25
1719465714793,546.9,25
1719465717407,547.8,25
1719465717407,547.8,25
1719465717407,547.8,25
1719465717407,547.8,25
1719465717407,547.8,25
1719465717407,547.8,25
1719465717407,547.8,25
1719465717407,547.8,25
1719465717407,547.8,25
1719465717407,547.8,25
1719465717407,547.8,25
1719465717407,547.8,25
1719465717407,547.8,25
1719465717407,547.8,25
1719465717407,547.8,25
1719465717407,547.8,25
1719465717407,547.8,25
1719465717407,547.8,25
1719465744225,541.0,25
1719465744225,541.0,25
1719465744225,541.0,25
1719465744225,541.0,25
1719465744225,541.0,25
1719465744225,541.0,25
1719465744225,541.0,25
1719465744225,541.0,25
1719465744225,541.0,25
1719465744225,541.0,25
1719465744225,541.0,25
1719465744225,541.0,25
1719465761013,541.4,25
1719465761013,541.4,25
1719465761013,541.4,25
1719465761013,541.4,25
1719465761013,541.4,25
1719465761013,541.4,25
1719465761013,541.4,25
1719465761013,541.4,25
1719465761013,541.4,25
1719465761013,541.4,25
1719465761013,541.4,25
1719465761013,541.4,25
1719465761013,541.4,25
1719465761013,541.4,25
1719465761013,541.4,25
1719465761013,541.4,25
1719465761013,541.4,25
1719465761013,541.4,25
1719465761013,541.4,25
1719465761013,541.4,25
1719465761013,541.4,25
1719465761013,541.4,25
1719465761013,541.4,25
1719465761013,541.4,25
1719465761013,541.4,25
1719465761013,541.4,25
1719465800559,535.0,125
1719465800559,535.0,125
1719465800559,535.0,125
1719465800559,535.0,125
1719465800559,535.0,125
1719465800559,535.0,125
1719465800559,535.0,125
1719465800559,535.0,125
1719465800559,535.0,125
1719465800559,535.0,125
1719465800559,535.0,125
1719465800559,535.0,125
1719465800559,535.0,125
1719465800559,535.0,125
1719465800559,535.0,125
1719465800559,535.0,125
1719465800559,535.0,125
1719465800559,535.0,125
1719465827637,534.25,50
1719465827637,534.25,50
1719465827637,534.25,50
1719465827637,534.25,50
1719465827637,534.25,50
1719465827637,534.25,50
1719465827637,534.25,50
1719465827637,534.25,50
1719465827637,534.25,50
1719465827637,534.25,50
1719465827637,534.25,50
1719465827637,534.25,50
1719465827637,534.25,50
1719465827637,534.25,50
1719465827637,534.25,50
1719465827637,534.25,50
1719465827637,534.25,50
1719465827637,534.25,50
1719465827637,534.25,50
1719465855331,535.05,25
1719465855331,535.05,25
1719465855331,535.05,25
1719465855331,535.05,25
1719465855331,535.05,25
1719465855331,535.05,25
1719465855331,535.05,25
1719465855331,535.05,25
1719465855331,535.05,25
1719465855331,535.05,25
1719465855331,535.05,25
1719465855331,535.05,25
1719465855331,535.05,25
1719465855331,535.05,25
1719465855331,535.05,25
1719465855331,535.05,25
1719465855331,535.05,25
1719465881547,522.2,25
1719465881547,522.2,25
1719465881547,522.2,25
1719465881547,522.2,25
1719465887958,520.05,25
1719465887958,520.05,25
1719465887958,520.05,25
1719465891957,520.2,50
1719465892915,519.05,125
1719465892915,519.05,125
1719465892915,519.05,125
1719465892915,519.05,125
1719465897901,522.2,25
1719465897901,522.2,25
1719465897901,522.2,25
1719465897901,522.2,25
1719465897901,522.2,25
1719465897901,522.2,25
1719465897901,522.2,25
1719465897901,522.2,25
1719465897901,522.2,25
1719465897901,522.2,25
1719465897901,522.2,25
1719465897901,522.2,25
1719465914552,526.4,50
1719465914552,526.4,50
1719465914552,526.4,50
1719465914552,526.4,50
1719465914552,526.4,50
1719465914552,526.4,50
1719465922733,528.1,50
1719465922733,528.1,50
1719465922733,528.1,50
1719465922733,528.1,50
1719465922733,528.1,50
1719465922733,528.1,50
1719465922733,528.1,50
1719465922733,528.1,50
1719465922733,528.1,50
1719465922733,528.1,50
1719465922733,528.1,50
1719465937104,530.0,100
1719465937104,530.0,100
1719465937104,530.0,100
1719465937104,530.0,100
1719465941768,530.0,50
1719465941768,530.0,50
1719465941768,530.0,50
1719465941768,530.0,50
1719465941768,530.0,50
1719465941768,530.0,50
1719465941768,530.0,50
1719465941768,530.0,50
1719465941768,530.0,50
1719465941768,530.0,50
1719465941768,530.0,50
1719465941768,530.0,50
1719465941768,530.0,50
1719465941768,530.0,50
1719465962121,537.6,25
1719465962824,532.15,25
1719465962824,532.15,25
1719465965222,536.3,25
1719465965222,536.3,25
1719465965222,536.3,25
1719465965222,536.3,25
1719465965222,536.3,25
1719465965222,536.3,25
1719465965222,536.3,25
1719465965222,536.3,25
1719465965222,536.3,25
1719465965222,536.3,25
1719465965222,536.3,25
1719465965222,536.3,25
1719465965222,536.3,25
1719465965222,536.3,25
1719465965222,536.3,25
1719465965222,536.3,25
1719465965222,536.3,25
1719465965222,536.3,25
1719465965222,536.3,25
1719465965222,536.3,25
1719465965222,536.3,25
1719465965222,536.3,25
1719465965222,536.3,25
1719465965222,536.3,25
1719465965222,536.3,25
1719465965222,536.3,25
1719465965222,536.3,25
1719466009037,539.55,25
1719466009037,539.55,25
1719466009037,539.55,25
1719466009037,539.55,25
1719466009037,539.55,25
1719466009037,539.55,25
1719466009037,539.55,25
1719466009037,539.55,25
1719466009037,539.55,25
1719466009037,539.55,25
1719466009037,539.55,25
1719466009037,539.55,25
1719466009037,539.55,25
1719466009037,539.55,25
1719466009037,539.55,25
1719466009037,539.55,25
1719466009037,539.55,25
1719466009037,539.55,25
1719466009037,539.55,25
1719466009037,539.55,25
1719466009037,539.55,25
1719466009037,539.55,25
1719466009037,539.55,25
1719466009037,539.55,25
1719466009037,539.55,25
1719466009037,539.55,25
1719466009037,539.55,25
1719466009037,539.55,25
1719466009037,539.55,25
1719466009037,539.55,25
1719466009037,539.55,25
1719466009037,539.55,25
1719466009037,539.55,25
1719466009037,539.55,25
1719466224444,558.55,25
1719466224444,558.55,25
1719466224444,558.55,25
1719466224444,558.55,25
1719466224444,558.55,25
1719466224444,558.55,25
1719466237864,559.25,25
1719466237864,559.25,25
1719466237864,559.25,25
1719466237864,559.25,25
1719466237864,559.25,25
1719466244404,555.95,25
1719466244404,555.95,25
1719466245363,555.7,25
1719466245363,555.7,25
1719466245363,555.7,25
1719466245363,555.7,25
1719466245363,555.7,25
1719466252994,553.4,25
1719466252994,553.4,25
1719466252994,553.4,25
1719466252994,553.4,25
1719466252994,553.4,25
1719466252994,553.4,25
1719466252994,553.4,25
1719466252994,553.4,25
1719466252994,553.4,25
1719466252994,553.4,25
1719466252994,553.4,25
1719466252994,553.4,25
1719466252994,553.4,25
1719466271346,558.2,25
1719466271346,558.2,25
1719466271346,558.2,25
1719466271346,558.2,25
1719466271346,558.2,25
1719466271346,558.2,25
1719466271346,558.2,25
1719466271346,558.2,25
1719466271346,558.2,25
1719466271346,558.2,25
1719466271346,558.2,25
1719466271346,558.2,25
1719466288721,561.6,25
1719466288721,561.6,25
1719466288721,561.6,25
1719466288721,561.6,25
1719466288721,561.6,25
1719466293824,560.65,25
1719466293824,560.65,25
1719466293824,560.65,25
1719466293824,560.65,25
1719466293824,560.65,25
1719466293824,560.65,25
1719466302443,559.5,25
1719466302443,559.5,25
1719466302443,559.5,25
1719466302443,559.5,25
1719466302443,559.5,25
1719466302443,559.5,25
1719466302443,559.5,25
1719466302443,559.5,25
1719466302443,559.5,25
1719466302443,559.5,25
1719466302443,559.5,25
1719466302443,559.5,25
1719466302443,559.5,25
1719466302443,559.5,25
1719466302443,559.5,25
1719466302443,559.5,25
1719466302443,559.5,25
1719466302443,559.5,25
1719466302443,559.5,25
1719466333115,554.2,25
1719466333195,553.95,25
1719466333195,553.95,25
1719466333195,553.95,25
1719466333195,553.95,25
1719466337686,553.95,25
1719466337686,553.95,25
1719466337686,553.95,25
1719466337686,553.95,25
1719466337686,553.95,25
1719466337686,553.95,25
1719466337686,553.95,25
1719466348138,557.9,25
1719466348138,557.9,25
1719466350074,559.5,25
1719466350074,559.5,25
1719466350074,559.5,25
1719466350074,559.5,25
1719466350074,559.5,25
1719466350074,559.5,25
1719466350074,559.5,25
1719466350074,559.5,25
1719466350074,559.5,25
1719466350074,559.5,25
1719466350074,559.5,25
1719466350074,559.5,25
1719466350074,559.5,25
1719466350074,559.5,25
1719466350074,559.5,25
1719466350074,559.5,25
1719466350074,559.5,25
1719466350074,559.5,25
1719466350074,559.5,25
1719466350074,559.5,25
1719466350074,559.5,25
1719466350074,559.5,25
1719466350074,559.5,25
1719466350074,559.5,25
1719466350074,559.5,25
1719466388878,550.8,50
1719466389021,550.8,25
1719466389021,550.8,25
1719466389021,550.8,25
1719466389021,550.8,25
1719466394529,550.55,25
1719466394529,550.55,25
1719466394529,550.55,25
1719466394529,550.55,25
1719466394529,550.55,25
1719466394529,550.55,25
1719466394529,550.55,25
1719466394529,550.55,25
1719466407174,556.2,25
1719466407174,556.2,25
1719466407174,556.2,25
1719466407174,556.2,25
1719466407174,556.2,25
1719466407174,556.2,25
1719466407174,556.2,25
1719466407174,556.2,25
1719466407174,556.2,25
1719466420442,550.55,25
1719466420442,550.55,25
1719466421100,549.7,25
1719466422044,549.7,25
1719466422044,549.7,25
1719466422044,549.7,25
1719466422044,549.7,25
1719466422044,549.7,25
1719466422044,549.7,25
1719466422044,549.7,25
1719466422044,549.7,25
1719466433585,547.15,50
1719466433585,547.15,50
1719466433585,547.15,50
1719466433585,547.15,50
1719466433585,547.15,50
1719466433585,547.15,50
1719466440644,545.85,25
1719466441679,543.45,50
1719466441679,543.45,50
1719466441679,543.45,50
1719466441679,543.45,50
1719466446662,543.4,25
1719466446662,543.4,25
1719466448844,547.0,25
1719466449072,547.1,25
1719466450348,546.85,25
1719466450479,547.1,25
1719466450479,547.1,25
1719466451781,545.9,25
1719466452217,547.3,25
1719466452217,547.3,25
1719466453798,548.0,100
1719466453798,548.0,100
1719466453798,548.0,100
1719466456750,549.5,25
1719466456750,549.5,25
1719466457576,549.1,25
1719466457576,549.1,25
1719466457576,549.1,25
1719466457576,549.1,25
1719466457576,549.1,25
1719466457576,549.1,25
1719466457576,549.1,25
1719466457576,549.1,25
1719466457576,549.1,25
1719466457576,549.1,25
1719466457576,549.1,25
1719466457576,549.1,25
1719466457576,549.1,25
1719466457576,549.1,25
1719466457576,549.1,25
1719466457576,549.1,25
1719466457576,549.1,25
1719466457576,549.1,25
1719466457576,549.1,25
1719466457576,549.1,25
1719466457576,549.1,25
1719466457576,549.1,25
1719466457576,549.1,25
1719466457576,549.1,25
1719466457576,549.1,25
1719466457576,549.1,25
1719466457576,549.1,25
1719466457576,549.1,25
1719466457576,549.1,25
1719466502492,546.45,100
1719466502683,546.65,25
1719466502683,546.65,25
1719466502683,546.65,25
1719466502683,546.65,25
1719466502683,546.65,25
1719466502683,546.65,25
1719466502683,546.65,25
1719466502683,546.65,25
1719466502683,546.65,25
1719466502683,546.65,25
1719466502683,546.65,25
1719466502683,546.65,25
1719466502683,546.65,25
1719466502683,546.65,25
1719466524616,549.2,25
1719466524616,549.2,25
1719466524616,549.2,25
1719466524616,549.2,25
1719466524616,549.2,25
1719466524616,549.2,25
1719466524616,549.2,25
1719466524616,549.2,25
1719466524616,549.2,25
1719466524616,549.2,25
1719466537999,552.05,25
1719466537999,552.05,25
1719466537999,552.05,25
1719466537999,552.05,25
1719466537999,552.05,25
1719466537999,552.05,25
1719466537999,552.05,25
1719466537999,552.05,25
1719466537999,552.05,25
1719466537999,552.05,25
1719466553203,554.1,25
1719466553203,554.1,25
1719466553203,554.1,25
1719466553203,554.1,25
1719466553203,554.1,25
1719466553203,554.1,25
1719466553203,554.1,25
1719466553203,554.1,25
1719466553203,554.1,25
1719466553203,554.1,25
1719466553203,554.1,25
1719466553203,554.1,25
1719466569991,550.5,25
1719466569991,550.5,25
1719466573355,552.75,25
1719466573355,552.75,25
1719466576044,556.8,25
1719466576044,556.8,25
1719466576044,556.8,25
1719466576044,556.8,25
1719466576044,556.8,25
1719466576044,556.8,25
1719466576044,556.8,25
1719466576044,556.8,25
1719466576044,556.8,25
1719466590100,553.2,25
1719466590100,553.2,25
1719466590591,553.2,25
1719466590591,553.2,25
1719466590591,553.2,25
1719466590591,553.2,25
1719466596541,553.8,25
1719466596541,553.8,25
1719466597084,553.85,25
1719466597084,553.85,25
1719466599502,553.9,50
1719466599502,553.9,50
1719466599502,553.9,50
1719466599502,553.9,50
1719466599502,553.9,50
1719466599502,553.9,50
1719466599502,553.9,50
1719466599502,553.9,50
1719466599502,553.9,50
1719466599502,553.9,50
1719466599502,553.9,50
1719466616226,552.55,50
1719466616226,552.55,50
1719466616226,552.55,50
1719466619169,552.55,25
1719466619890,552.45,25
1719466619890,552.45,25
1719466619890,552.45,25
1719466619890,552.45,25
1719466619890,552.45,25
1719466619890,552.45,25
1719466627742,552.2,25
1719466628437,552.65,25
1719466628496,552.65,25
1719466628496,552.65,25
1719466628496,552.65,25
1719466628496,552.65,25
1719466628496,552.65,25
1719466636018,553.0,25
1719466636018,553.0,25
1719466636018,553.0,25
1719466636018,553.0,25
1719466636018,553.0,25
1719466636018,553.0,25
1719466636018,553.0,25
1719466636018,553.0,25
1719466636018,553.0,25
1719466636018,553.0,25
1719466636018,553.0,25
1719466636018,553.0,25
1719466652192,552.55,25
1719466652192,552.55,25
1719466652192,552.55,25
1719466652192,552.55,25
1719466652192,552.55,25
1719466659184,552.3,25
1719466660071,552.6,25
1719466661018,552.65,25
1719466661018,552.65,25
1719466661018,552.65,25
1719466661018,552.65,25
1719466661018,552.65,25
1719466661018,552.65,25
1719466669085,552.4,25
1719466669085,552.4,25
1719466669085,552.4,25
1719466669085,552.4,25
1719466673908,553.35,25
1719466674132,553.35,25
1719466674132,553.35,25
1719466675394,553.1,25
1719466675394,553.1,25
1719466675394,553.1,25
1719466679322,555.05,50
1719466679322,555.05,50
1719466679322,555.05,50
1719466679322,555.05,50
1719466679322,555.05,50
1719466683757,552.9,25
1719466683757,552.9,25
1719466683757,552.9,25
1719466683757,552.9,25
1719466683757,552.9,25
1719466683757,552.9,25
1719466683757,552.9,25
1719466683757,552.9,25
1719466683757,552.9,25
1719466683757,552.9,25
1719466683757,552.9,25
1719466683757,552.9,25
1719466683757,552.9,25
1719466683757,552.9,25
1719466683757,552.9,25
1719466683757,552.9,25
1719466683757,552.9,25
1719466683757,552.9,25
1719466683757,552.9,25
1719466683757,552.9,25
1719466683757,552.9,25
1719466718461,553.6,25
1719466718461,553.6,25
1719466718461,553.6,25
1719466721037,552.6,25
1719466721037,552.6,25
1719466722035,552.35,25
1719466722207,552.3,25
1719466722298,552.05,25
1719466723967,551.8,25
1719466723967,551.8,25
1719466726546,551.1,25
1719466726546,551.1,25
1719466726546,551.1,25
1719466726546,551.1,25
1719466726546,551.1,25
1719466726546,551.1,25
1719466734968,552.0,100
1719466734968,552.0,100
1719466736707,554.2,25
1719466736707,554.2,25
1719466736707,554.2,25
1719466736707,554.2,25
1719466736707,554.2,25
1719466736707,554.2,25
1719466736707,554.2,25
1719466736707,554.2,25
1719466736707,554.2,25
1719466736707,554.2,25
1719466736707,554.2,25
1719466736707,554.2,25
1719466736707,554.2,25
1719466736707,554.2,25
1719466736707,554.2,25
1719466736707,554.2,25
1719466736707,554.2,25
1719466736707,554.2,25
1719466736707,554.2,25
1719466736707,554.2,25
1719466736707,554.2,25
1719466767259,551.0,25
1719466767259,551.0,25
1719466767259,551.0,25
1719466767259,551.0,25
1719466767259,551.0,25
1719466767259,551.0,25
1719466767259,551.0,25
1719466767259,551.0,25
1719466767259,551.0,25
1719466767259,551.0,25
1719466767259,551.0,25
1719466767259,551.0,25
1719466767259,551.0,25
1719466767259,551.0,25
1719466767259,551.0,25
1719466767259,551.0,25
1719466767259,551.0,25
1719466767259,551.0,25
1719466767259,551.0,25
1719466767259,551.0,25
1719466767259,551.0,25
1719466767259,551.0,25
1719466800922,555.0,100
1719466800922,555.0,100
1719466800922,555.0,100
1719466800922,555.0,100
1719466800922,555.0,100
1719466800922,555.0,100
1719466800922,555.0,100
1719466800922,555.0,100
1719466800922,555.0,100
1719466800922,555.0,100
1719466800922,555.0,100
1719466800922,555.0,100
1719466800922,555.0,100
1719466800922,555.0,100
1719466800922,555.0,100
1719466800922,555.0,100
1719466800922,555.0,100
1719466800922,555.0,100
1719466800922,555.0,100
1719466800922,555.0,100
1719466800922,555.0,100
1719466800922,555.0,100
1719466800922,555.0,100
1719466800922,555.0,100
1719466800922,555.0,100
1719466800922,555.0,100
1719466800922,555.0,100
1719466800922,555.0,100
1719466800922,555.0,100
1719466800922,555.0,100
1719466800922,555.0,100
1719466800922,555.0,100
1719466800922,555.0,100
1719466800922,555.0,100
1719466800922,555.0,100
1719466800922,555.0,100
1719466800922,555.0,100
1719466800922,555.0,100
1719466800922,555.0,100
1719466800922,555.0,100
1719466800922,555.0,100
1719466800922,555.0,100
1719466800922,555.0,100
1719466800922,555.0,100
1719466800922,555.0,100
1719466800922,555.0,100
1719466800922,555.0,100
1719466800922,555.0,100
1719466800922,555.0,100
1719466800922,555.0,100
1719466800922,555.0,100
1719466800922,555.0,100
1719466800922,555.0,100
1719466800922,555.0,100
1719466800922,555.0,100
1719466800922,555.0,100
1719466800922,555.0,100
1719466800922,555.0,100
1719466800922,555.0,100
1719466800922,555.0,100
1719466800922,555.0,100
1719466800922,555.0,100
1719466800922,555.0,100
1719466800922,555.0,100
1719466800922,555.0,100
1719466906696,564.35,50
1719466906696,564.35,50
1719466909919,563.05,25
1719466909919,563.05,25
1719466909919,563.05,25
1719466909919,563.05,25
1719466909919,563.05,25
1719466909919,563.05,25
1719466909919,563.05,25
1719466918964,566.0,25
1719466918964,566.0,25
1719466918964,566.0,25
1719466918964,566.0,25
1719466918964,566.0,25
1719466918964,566.0,25
1719466918964,566.0,25
1719466918964,566.0,25
1719466918964,566.0,25
1719466918964,566.0,25
1719466918964,566.0,25
1719466918964,566.0,25
1719466918964,566.0,25
1719466918964,566.0,25
1719466918964,566.0,25
1719466918964,566.0,25
1719466918964,566.0,25
1719466918964,566.0,25
1719466918964,566.0,25
1719466947193,565.0,200
1719466947193,565.0,200
1719466949407,564.75,75
1719466949407,564.75,75
1719466949407,564.75,75
1719466949407,564.75,75
1719466949407,564.75,75
1719466949407,564.75,75
1719466949407,564.75,75
1719466949407,564.75,75
1719466949407,564.75,75
1719466949407,564.75,75
1719466964340,566.1,50
1719466964340,566.1,50
1719466964340,566.1,50
1719466964340,566.1,50
1719466970264,569.95,25
1719466970264,569.95,25
1719466970264,569.95,25
1719466972933,571.7,25
1719466972933,571.7,25
1719466972933,571.7,25
1719466972933,571.7,25
1719466972933,571.7,25
1719466972933,571.7,25
1719466980493,577.0,25
1719466980493,577.0,25
1719466981982,581.0,150
1719466981982,581.0,150
1719466981982,581.0,150
1719466981982,581.0,150
1719466985788,575.75,25
1719466985788,575.75,25
1719466985788,575.75,25
1719466985788,575.75,25
1719466985788,575.75,25
1719466985788,575.75,25
1719466985788,575.75,25
1719466985788,575.75,25
1719466985788,575.75,25
1719466985788,575.75,25
1719466985788,575.75,25
1719466985788,575.75,25
1719466985788,575.75,25
1719466985788,575.75,25
1719466985788,575.75,25
1719466985788,575.75,25
1719466985788,575.75,25
1719466985788,575.75,25
1719466985788,575.75,25
1719466985788,575.75,25
1719467016141,578.75,125
1719467016141,578.75,125
1719467016141,578.75,125
1719467018824,581.0,50
1719467018824,581.0,50
1719467018824,581.0,50
1719467018824,581.0,50
1719467018824,581.0,50
1719467018824,581.0,50
1719467018824,581.0,50
1719467018824,581.0,50
1719467031769,585.0,50
1719467031769,585.0,50
1719467031769,585.0,50
1719467031769,585.0,50
1719467031769,585.0,50
1719467037649,584.4,25
1719467037649,584.4,25
1719467037649,584.4,25
1719467037649,584.4,25
1719467037649,584.4,25
1719467037649,584.4,25
1719467037649,584.4,25
1719467037649,584.4,25
1719467037649,584.4,25
1719467037649,584.4,25
1719467037649,584.4,25
1719467037649,584.4,25
1719467037649,584.4,25
1719467057192,576.1,25
1719467057192,576.1,25
1719467057192,576.1,25
1719467057192,576.1,25
1719467057192,576.1,25
1719467057192,576.1,25
1719467057192,576.1,25
1719467057192,576.1,25
1719467057192,576.1,25
1719467057192,576.1,25
1719467057192,576.1,25
1719467057192,576.1,25
1719467057192,576.1,25
1719467057192,576.1,25
1719467057192,576.1,25
1719467057192,576.1,25
1719467057192,576.1,25
1719467057192,576.1,25
1719467057192,576.1,25
1719467057192,576.1,25
1719467057192,576.1,25
1719467057192,576.1,25
1719467057192,576.1,25
1719467057192,576.1,25
1719467057192,576.1,25
1719467057192,576.1,25
1719467057192,576.1,25
1719467057192,576.1,25
1719467057192,576.1,25
1719467057192,576.1,25
1719467057192,576.1,25
1719467057192,576.1,25
1719467057192,576.1,25
1719467057192,576.1,25
1719467057192,576.1,25
1719467112472,577.75,50
1719467112472,577.75,50
1719467112472,577.75,50
1719467112472,577.75,50
1719467112472,577.75,50
1719467112472,577.75,50
1719467112472,577.75,50
1719467112472,577.75,50
1719467112472,577.75,50
1719467112472,577.75,50
1719467112472,577.75,50
1719467112472,577.75,50
1719467112472,577.75,50
1719467112472,577.75,50
1719467132903,576.1,125
1719467132903,576.1,125
1719467132903,576.1,125
1719467132903,576.1,125
1719467132903,576.1,125
1719467132903,576.1,125
1719467141176,577.65,50
1719467141176,577.65,50
1719467141176,577.65,50
1719467141176,577.65,50
1719467141176,577.65,50
1719467141176,577.65,50
1719467141176,577.65,50
1719467141176,577.65,50
1719467141176,577.65,50
1719467141176,577.65,50
1719467141176,577.65,50
1719467141176,577.65,50
1719467141176,577.65,50
1719467160712,577.4,25
1719467161412,577.4,200
1719467162340,577.35,25
1719467162340,577.35,25
1719467162340,577.35,25
1719467165898,577.5,50
1719467165898,577.5,50
1719467165898,577.5,50
1719467165898,577.5,50
1719467165898,577.5,50
1719467165898,577.5,50
1719467165898,577.5,50
1719467165898,577.5,50
1719467165898,577.5,50
1719467165898,577.5,50
1719467165898,577.5,50
1719467165898,577.5,50
1719467165898,577.5,50
1719467165898,577.5,50
1719467165898,577.5,50
1719467165898,577.5,50
1719467165898,577.5,50
1719467165898,577.5,50
1719467165898,577.5,50
1719467165898,577.5,50
1719467165898,577.5,50
1719467165898,577.5,50
1719467165898,577.5,50
1719467165898,577.5,50
1719467165898,577.5,50
1719467165898,577.5,50
1719467165898,577.5,50
1719467165898,577.5,50
1719467165898,577.5,50
1719467165898,577.5,50
1719467165898,577.5,50
1719467165898,577.5,50
1719467165898,577.5,50
1719467165898,577.5,50
1719467220546,582.0,25
1719467220904,581.7,25
1719467220904,581.7,25
1719467220904,581.7,25
1719467220904,581.7,25
1719467220904,581.7,25
1719467226435,585.8,75
1719467226435,585.8,75
1719467226435,585.8,75
1719467226435,585.8,75
1719467231339,582.3,100
1719467231339,582.3,100
1719467231339,582.3,100
1719467231339,582.3,100
1719467231339,582.3,100
1719467231339,582.3,100
1719467231339,582.3,100
1719467231339,582.3,100
1719467231339,582.3,100
1719467245203,578.15,50
1719467245203,578.15,50
1719467245203,578.15,50
1719467247751,578.1,25
1719467247751,578.1,25
1719467247751,578.1,25
1719467247751,578.1,25
1719467247751,578.1,25
1719467247751,578.1,25
1719467247751,578.1,25
1719467256324,577.75,50
1719467256324,577.75,50
1719467256324,577.75,50
1719467256324,577.75,50
1719467256324,577.75,50
1719467256324,577.75,50
1719467256324,577.75,50
1719467256324,577.75,50
1719467256324,577.75,50
1719467256324,577.75,50
1719467256324,577.75,50
1719467256324,577.75,50
1719467256324,577.75,50
1719467256324,577.75,50
1719467256324,577.75,50
1719467256324,577.75,50
1719467256324,577.75,50
1719467256324,577.75,50
1719467256324,577.75,50
1719467256324,577.75,50
1719467256324,577.75,50
1719467256324,577.75,50
1719467256324,577.75,50
1719467256324,577.75,50
1719467256324,577.75,50
1719467256324,577.75,50
1719467256324,577.75,50
1719467256324,577.75,50
1719467256324,577.75,50
1719467256324,577.75,50
1719467256324,577.75,50
1719467256324,577.75,50
1719467256324,577.75,50
1719467256324,577.75,50
1719467256324,577.75,50
1719467256324,577.75,50
1719467256324,577.75,50
1719467256324,577.75,50
1719467316221,576.55,25
1719467316221,576.55,25
1719467316221,576.55,25
1719467316221,576.55,25
1719467316221,576.55,25
1719467316221,576.55,25
1719467316221,576.55,25
1719467316221,576.55,25
1719467316221,576.55,25
1719467316221,576.55,25
1719467316221,576.55,25
1719467333341,570.0,50
1719467333341,570.0,50
1719467333341,570.0,50
1719467337611,566.25,25
1719467337782,567.0,50
1719467337782,567.0,50
1719467337782,567.0,50
1719467337782,567.0,50
1719467337782,567.0,50
1719467337782,567.0,50
1719467337782,567.0,50
1719467337782,567.0,50
1719467337782,567.0,50
1719467349931,564.75,50
1719467349931,564.75,50
1719467349931,564.75,50
1719467352812,560.9,50
1719467353321,557.7,25
1719467353321,557.7,25
1719467355046,558.1,25
1719467355621,557.85,25
1719467355849,558.2,25
1719467355849,558.2,25
1719467356987,559.65,75
1719467356987,559.65,75
1719467356987,559.65,75
1719467356987,559.65,75
1719467356987,559.65,75
1719467356987,559.65,75
1719467356987,559.65,75
1719467367342,561.9,900
1719467367521,561.55,25
1719467367521,561.55,25
1719467367521,561.55,25
1719467367521,561.55,25
1719467367521,561.55,25
1719467367521,561.55,25
1719467367521,561.55,25
1719467375379,559.7,50
1719467375379,559.7,50
1719467375379,559.7,50
1719467375379,559.7,50
1719467375379,559.7,50
1719467375379,559.7,50
1719467375379,559.7,50
1719467385717,562.0,100
1719467385717,562.0,100
1719467385717,562.0,100
1719467385717,562.0,100
1719467385717,562.0,100
1719467385717,562.0,100
1719467385717,562.0,100
1719467385717,562.0,100
1719467396840,556.3,50
1719467396840,556.3,50
1719467397744,556.65,25
1719467397744,556.65,25
1719467397744,556.65,25
1719467397744,556.65,25
1719467397744,556.65,25
1719467397744,556.65,25
1719467397744,556.65,25
1719467397744,556.65,25
1719467407990,559.4,25
1719467408711,560.3,50
1719467408711,560.3,50
1719467408711,560.3,50
1719467408711,560.3,50
1719467408711,560.3,50
1719467408711,560.3,50
1719467408711,560.3,50
1719467408711,560.3,50
1719467408711,560.3,50
1719467408711,560.3,50
1719467408711,560.3,50
1719467408711,560.3,50
1719467408711,560.3,50
1719467408711,560.3,50
1719467408711,560.3,50
1719467408711,560.3,50
1719467408711,560.3,50
1719467408711,560.3,50
1719467436537,560.3,25
1719467436537,560.3,25
1719467436537,560.3,25
1719467436537,560.3,25
1719467436537,560.3,25
1719467436537,560.3,25
1719467436537,560.3,25
1719467436537,560.3,25
1719467436537,560.3,25
1719467436537,560.3,25
1719467436537,560.3,25
1719467436537,560.3,25
1719467436537,560.3,25
1719467436537,560.3,25
1719467436537,560.3,25
1719467436537,560.3,25
1719467436537,560.3,25
1719467436537,560.3,25
1719467436537,560.3,25
1719467436537,560.3,25
1719467436537,560.3,25
1719467436537,560.3,25
1719467436537,560.3,25
1719467436537,560.3,25
1719467436537,560.3,25
1719467436537,560.3,25
1719467436537,560.3,25
1719467436537,560.3,25
1719467436537,560.3,25
1719467436537,560.3,25
1719467436537,560.3,25
1719467436537,560.3,25
1719467436537,560.3,25
1719467436537,560.3,25
1719467436537,560.3,25
1719467491231,560.3,50
1719467491569,559.05,25
1719467491569,559.05,25
1719467491569,559.05,25
1719467496204,558.65,25
1719467496204,558.65,25
1719467499441,558.85,25
1719467499441,558.85,25
1719467499441,558.85,25
1719467499441,558.85,25
1719467503394,565.0,100
1719467503465,564.4,50
1719467503465,564.4,50
1719467503465,564.4,50
1719467503465,564.4,50
1719467503465,564.4,50
1719467503465,564.4,50
1719467503465,564.4,50
1719467503465,564.4,50
1719467503465,564.4,50
1719467503465,564.4,50
1719467503465,564.4,50
1719467503465,564.4,50
1719467520790,566.85,25
1719467520790,566.85,25
1719467520790,566.85,25
1719467588345,572.8,25
1719467712265,583.95,25
1719467712265,583.95,25
1719467712265,583.95,25
1719467712265,583.95,25
1719467712265,583.95,25
1719467712265,583.95,25
1719467712265,583.95,25
1719467712265,583.95,25
1719467712265,583.95,25
1719467712265,583.95,25
1719467712265,583.95,25
1719467712265,583.95,25
1719467712265,583.95,25
1719467765533,585.0,50
1719467765533,585.0,50
1719467765533,585.0,50
1719467765533,585.0,50
1719467770707,581.95,50
1719467770707,581.95,50
1719467770707,581.95,50
1719467770707,581.95,50
1719467770707,581.95,50
1719467770707,581.95,50
1719467770707,581.95,50
1719467770707,581.95,50
1719467770707,581.95,50
1719467770707,581.95,50
1719467770707,581.95,50
1719467770707,581.95,50
1719467770707,581.95,50
1719467770707,581.95,50
1719467770707,581.95,50
1719467770707,581.95,50
1719467770707,581.95,50
1719467770707,581.95,50
1719467770707,581.95,50
1719468091464,584.5,125
1719468091464,584.5,125
1719468091464,584.5,125
1719468094589,585.0,125
1719468094589,585.0,125
1719468096652,583.55,50
1719468096652,583.55,50
1719468096652,583.55,50
1719468096652,583.55,50
1719468096652,583.55,50
1719468102792,585.0,25
1719468103851,587.0,25
1719468103851,587.0,25
1719468104756,588.0,25
1719468104756,588.0,25
1719468107151,586.45,75
1719468107584,586.2,50
1719468107584,586.2,50
1719468108849,582.75,50
1719468108849,582.75,50
1719468108849,582.75,50
1719468112022,585.85,75
1719468112455,585.85,50
1719468112455,585.85,50
1719468113588,586.75,25
1719468113588,586.75,25
1719468115862,587.7,50
1719468115862,587.7,50
1719468115862,587.7,50
1719468115862,587.7,50
1719468119577,587.25,75
1719468119577,587.25,75
1719468119577,587.25,75
1719468121597,587.65,25
1719468122453,588.35,25
1719468122453,588.35,25
1719468123009,588.7,25
1719468123009,588.7,25
1719468125600,588.45,25
1719468125600,588.45,25
1719468125600,588.45,25
1719468126590,588.55,25
1719468126590,588.55,25
1719468127892,587.65,25
1719468127892,587.65,25
1719468127892,587.65,25
1719468127892,587.65,25
1719468127892,587.65,25
1719468127892,587.65,25
1719468127892,587.65,25
1719468127892,587.65,25
1719468127892,587.65,25
1719468127892,587.65,25
1719468127892,587.65,25
1719468127892,587.65,25
1719468127892,587.65,25
1719468127892,587.65,25
1719468127892,587.65,25
1719468127892,587.65,25
1719468127892,587.65,25
1719468127892,587.65,25
1719468154575,587.55,50
1719468154575,587.55,50
1719468154575,587.55,50
1719468154575,587.55,50
1719468154575,587.55,50
1719468154575,587.55,50
1719468154575,587.55,50
1719468154575,587.55,50
1719468154575,587.55,50
1719468154575,587.55,50
1719468154575,587.55,50
1719468154575,587.55,50
1719468154575,587.55,50
1719468154575,587.55,50
1719468154575,587.55,50
1719468154575,587.55,50
1719468154575,587.55,50
1719468154575,587.55,50
1719468154575,587.55,50
1719468154575,587.55,50
1719468154575,587.55,50
1719468154575,587.55,50
1719468154575,587.55,50
1719468154575,587.55,50
1719468154575,587.55,50
1719468154575,587.55,50
1719468194827,581.0,100
1719468194827,581.0,100
1719468194827,581.0,100
1719468194827,581.0,100
1719468194827,581.0,100
1719468201538,581.0,25
1719468201538,581.0,25
1719468201538,581.0,25
1719468201538,581.0,25
1719468201538,581.0,25
1719468201538,581.0,25
1719468201538,581.0,25
1719468201538,581.0,25
1719468201538,581.0,25
1719468201538,581.0,25
1719468201538,581.0,25
1719468201538,581.0,25
1719468201538,581.0,25
1719468220218,578.25,50
1719468220218,578.25,50
1719468220218,578.25,50
1719468220218,578.25,50
1719468220218,578.25,50
1719468220218,578.25,50
1719468220218,578.25,50
1719468220218,578.25,50
1719468220218,578.25,50
1719468220218,578.25,50
1719468220218,578.25,50
1719468237123,583.0,25
1719468237123,583.0,25
1719468237123,583.0,25
1719468237123,583.0,25
1719468237123,583.0,25
1719468237123,583.0,25
1719468237123,583.0,25
1719468237123,583.0,25
1719468237123,583.0,25
1719468237123,583.0,25
1719468237123,583.0,25
1719468237123,583.0,25
1719468237123,583.0,25
1719468237123,583.0,25
1719468237123,583.0,25
1719468237123,583.0,25
1719468237123,583.0,25
1719468237123,583.0,25
1719468237123,583.0,25
1719468237123,583.0,25
1719468237123,583.0,25
1719468237123,583.0,25
1719468237123,583.0,25
1719468237123,583.0,25
1719468237123,583.0,25
1719468237123,583.0,25
1719468237123,583.0,25
1719468237123,583.0,25
1719468237123,583.0,25
1719468237123,583.0,25
1719468237123,583.0,25
1719468285453,577.3,125
1719468285453,577.3,125
1719468285453,577.3,125
1719468285453,577.3,125
1719468285453,577.3,125
1719468285453,577.3,125
1719468285453,577.3,125
1719468285453,577.3,125
1719468285453,577.3,125
1719468285453,577.3,125
1719468285453,577.3,125
1719468285453,577.3,125
1719468302458,577.95,50
1719468302458,577.95,50
1719468302458,577.95,50
1719468302458,577.95,50
1719468302458,577.95,50
1719468302458,577.95,50
1719468302458,577.95,50
1719468302458,577.95,50
1719468302458,577.95,50
1719468302458,577.95,50
1719468302458,577.95,50
1719468302458,577.95,50
1719468302458,577.95,50
1719468302458,577.95,50
1719468302458,577.95,50
1719468302458,577.95,50
1719468302458,577.95,50
1719468302458,577.95,50
1719468302458,577.95,50
1719468302458,577.95,50
1719468302458,577.95,50
1719468302458,577.95,50
1719468302458,577.95,50
1719468302458,577.95,50
1719468302458,577.95,50
1719468302458,577.95,50
1719468302458,577.95,50
1719468302458,577.95,50
1719468302458,577.95,50
1719468349709,574.45,50
1719468349709,574.45,50
1719468349709,574.45,50
1719468349709,574.45,50
1719468349709,574.45,50
1719468349709,574.45,50
1719468349709,574.45,50
1719468349709,574.45,50
1719468349709,574.45,50
1719468349709,574.45,50
1719468349709,574.45,50
1719468349709,574.45,50
1719468349709,574.45,50
1719468349709,574.45,50
1719468349709,574.45,50
1719468349709,574.45,50
1719468349709,574.45,50
1719468349709,574.45,50
1719468349709,574.45,50
1719468349709,574.45,50
1719468349709,574.45,50
1719468349709,574.45,50
1719468349709,574.45,50
1719468349709,574.45,50
1719468349709,574.45,50
1719468349709,574.45,50
1719468349709,574.45,50
1719468349709,574.45,50
1719468349709,574.45,50
1719468349709,574.45,50
1719468349709,574.45,50
1719468349709,574.45,50
1719468349709,574.45,50
1719468349709,574.45,50
1719468349709,574.45,50
1719468349709,574.45,50
1719468407828,584.0,50
1719468407828,584.0,50
1719468407828,584.0,50
1719468407828,584.0,50
1719468407828,584.0,50
1719468407828,584.0,50
1719468407828,584.0,50
1719468407828,584.0,50
1719468407828,584.0,50
1719468407828,584.0,50
1719468407828,584.0,50
1719468407828,584.0,50
1719468407828,584.0,50
1719468407828,584.0,50
1719468407828,584.0,50
1719468407828,584.0,50
1719468407828,584.0,50
1719468407828,584.0,50
1719468407828,584.0,50
1719468407828,584.0,50
1719468407828,584.0,50
1719468730741,589.15,25
1719468730741,589.15,25
1719468730741,589.15,25
1719468733512,590.0,175
1719468733512,590.0,175
1719468733512,590.0,175
1719468733512,590.0,175
1719469575711,598.3,50
1719469578967,598.2,25
1719469578967,598.2,25
1719469578967,598.2,25
1719469578967,598.2,25
1719469763975,607.4,50
1719469763975,607.4,50
1719469763975,607.4,50
1719469763975,607.4,50
1719469763975,607.4,50
1719469763975,607.4,50
1719469763975,607.4,50
1719469763975,607.4,50
1719469763975,607.4,50
1719469763975,607.4,50
1719469763975,607.4,50
1719469763975,607.4,50
1719469763975,607.4,50
1719469763975,607.4,50
1719469763975,607.4,50
1719469789815,610.0,75
1719469790380,609.0,200
1719469790380,609.0,200
1719469790380,609.0,200
1719469790380,609.0,200
1719469931492,608.8,50
1719469931492,608.8,50
1719469931492,608.8,50
1719469931492,608.8,50
1719469931492,608.8,50
1719469931492,608.8,50
1719469931492,608.8,50
1719469931492,608.8,50
1719469931492,608.8,50
1719469968069,610.2,25
1719469968069,610.2,25
1719469968069,610.2,25
1719469968069,610.2,25
1719469968069,610.2,25
1719469968069,610.2,25
1719469968069,610.2,25
1719469968069,610.2,25
1719469968069,610.2,25
1719469968069,610.2,25
1719469968069,610.2,25
1719469968069,610.2,25
1719469968069,610.2,25
1719469968069,610.2,25
1719469968069,610.2,25
1719469968069,610.2,25
1719469968069,610.2,25
1719469968069,610.2,25
1719469968069,610.2,25
1719469968069,610.2,25
1719469968069,610.2,25
1719469968069,610.2,25
1719469968069,610.2,25
1719469968069,610.2,25
1719469968069,610.2,25
1719469968069,610.2,25
