time,price,volume
1719461501868,296.45,50
1719461501868,296.45,50
1719461504745,295.15,25
1719461504745,295.15,25
1719461504745,295.15,25
1719461507992,294.1,25
1719461508501,294.9,25
1719461508501,294.9,25
1719461508501,294.9,25
1719461508501,294.9,25
1719461513848,295.55,25
1719461513848,295.55,25
1719461513848,295.55,25
1719461516351,292.45,50
1719461516351,292.45,50
1719461516351,292.45,50
1719461516351,292.45,50
1719461522084,296.1,25
1719461522084,296.1,25
1719461522966,295.95,50
1719461523236,293.95,25
1719461524186,297.9,75
1719461524540,296.65,50
1719461525020,296.55,50
1719461526931,297.85,25
1719461526931,297.85,25
1719461526931,297.85,25
1719461526931,297.85,25
1719461526931,297.85,25
1719461526931,297.85,25
1719461535068,297.75,25
1719461535068,297.75,25
1719461537060,297.8,25
1719461537060,297.8,25
1719461539098,297.85,50
1719461539098,297.85,50
1719461539098,297.85,50
1719461541849,299.55,50
1719461541849,299.55,50
1719461544140,300.2,25
1719461544140,300.2,25
1719461544140,300.2,25
1719461546550,302.0,25
1719461546550,302.0,25
1719461548618,299.65,25
1719461548618,299.65,25
1719461548618,299.65,25
1719461548618,299.65,25
1719461548618,299.65,25
1719461554487,299.75,25
1719461555542,299.5,25
1719461555542,299.5,25
1719461556581,300.0,25
1719461556581,300.0,25
1719461558436,299.15,25
1719461558534,299.2,50
1719461558534,299.2,50
1719461558534,299.2,50
1719461562075,299.95,25
1719461562075,299.95,25
1719461563056,301.0,50
1719461563737,301.3,25
1719461564338,302.45,25
1719461564338,302.45,25
1719461565088,303.1,25
1719461565088,303.1,25
1719461565088,303.1,25
1719461567797,302.8,25
1719461567797,302.8,25
1719461569928,301.35,150
1719461569928,301.35,150
1719461569928,301.35,150
1719461569928,301.35,150
1719461569928,301.35,150
1719461569928,301.35,150
1719461569928,301.35,150
1719461569928,301.35,150
1719461569928,301.35,150
1719461569928,301.35,150
1719461569928,301.35,150
1719461569928,301.35,150
1719461569928,301.35,150
1719461588069,301.8,50
1719461588075,302.9,25
1719461588075,302.9,25
1719461588075,302.9,25
1719461591767,302.95,25
1719461592384,303.35,50
1719461592757,302.4,275
1719461593799,302.0,50
1719461593799,302.0,50
1719461594848,300.8,50
1719461594848,300.8,50
1719461595906,300.9,250
1719461596995,300.3,125
1719461596995,300.3,125
1719461598026,299.55,50
1719461599120,300.45,50
1719461599120,300.45,50
1719461600154,300.6,175
1719461600154,300.6,175
1719461601194,300.1,125
1719461602287,300.5,50
1719461602287,300.5,50
1719461602287,300.5,50
1719461602287,300.5,50
1719461602287,300.5,50
1719461602287,300.5,50
1719461612507,301.15,25
1719461612507,301.15,25
1719461614960,301.65,50
1719461615158,301.75,50
1719461615158,301.75,50
1719461616321,301.8,25
1719461616321,301.8,25
1719461619243,302.2,50
1719461619243,302.2,50
1719461619243,302.2,50
1719461619243,302.2,50
1719461624493,298.0,25
1719461625276,297.65,25
1719461625276,297.65,25
1719461625276,297.65,25
1719461625276,297.65,25
1719461625276,297.65,25
1719461625276,297.65,25
1719461633851,297.15,25
1719461633851,297.15,25
1719461633851,297.15,25
1719461633851,297.15,25
1719461633851,297.15,25
1719461633851,297.15,25
1719461633851,297.15,25
1719461633851,297.15,25
1719461633851,297.15,25
1719461633851,297.15,25
1719461633851,297.15,25
1719461633851,297.15,25
1719461652467,298.3,25
1719461652467,298.3,25
1719461652467,298.3,25
1719461652467,298.3,25
1719461652467,298.3,25
1719461652467,298.3,25
1719461652467,298.3,25
1719461652467,298.3,25
1719461663924,300.55,25
1719461663924,300.55,25
1719461663924,300.55,25
1719461668043,298.0,25
1719461668043,298.0,25
1719461668043,298.0,25
1719461668043,298.0,25
1719461668043,298.0,25
1719461668043,298.0,25
1719461668043,298.0,25
1719461668043,298.0,25
1719461668043,298.0,25
1719461681874,298.15,25
1719461682054,297.75,25
1719461682054,297.75,25
1719461683836,297.5,25
1719461683836,297.5,25
1719461683836,297.5,25
1719461683836,297.5,25
1719461683836,297.5,25
1719461689465,298.15,25
1719461689465,298.15,25
1719461689465,298.15,25
1719461689465,298.15,25
1719461695478,297.55,25
1719461695478,297.55,25
1719461695478,297.55,25
1719461695478,297.55,25
1719461695478,297.55,25
1719461701766,296.4,25
1719461702415,295.35,25
1719461702415,295.35,25
1719461702969,296.1,50
1719461704412,295.85,25
1719461704412,295.85,25
1719461705195,297.2,25
1719461705195,297.2,25
1719461707751,300.0,775
1719461707751,300.0,775
1719461707751,300.0,775
1719461707751,300.0,775
1719461707751,300.0,775
1719461707751,300.0,775
1719461707751,300.0,775
1719461707751,300.0,775
1719461707751,300.0,775
1719461707751,300.0,775
1719461707751,300.0,775
1719461749195,290.05,25
1719461749195,290.05,25
1719461749195,290.05,25
1719461749195,290.05,25
1719461749195,290.05,25
1719461755759,289.85,25
1719461756017,289.55,25
1719461756017,289.55,25
1719461756017,289.55,25
1719461758365,291.4,25
1719461758365,291.4,25
1719461760699,289.9,25
1719461760699,289.9,25
1719461760699,289.9,25
1719461762208,288.3,25
1719461762208,288.3,25
1719461762208,288.3,25
1719461765305,288.85,25
1719461765305,288.85,25
1719461765305,288.85,25
1719461768611,291.0,25
1719461768611,291.0,25
1719461768611,291.0,25
1719461771510,289.7,25
1719461772484,290.85,25
1719461772484,290.85,25
1719461772484,290.85,25
1719461775869,291.2,25
1719461775869,291.2,25
1719461775869,291.2,25
1719461775869,291.2,25
1719461775869,291.2,25
1719461775869,291.2,25
1719461783455,290.6,50
1719461783455,290.6,50
1719461786004,289.45,50
1719461786004,289.45,50
1719461787792,286.5,25
1719461788102,286.0,25
1719461788102,286.0,25
1719461788102,286.0,25
1719461788102,286.0,25
1719461791435,287.75,25
1719461791435,287.75,25
1719461791435,287.75,25
1719461795204,288.0,25
1719461795204,288.0,25
1719461796710,288.65,50
1719461796710,288.65,50
1719461798192,287.65,25
1719461798673,287.0,25
1719461798673,287.0,25
1719461798673,287.0,25
1719461798673,287.0,25
1719461803605,287.25,25
1719461803605,287.25,25
1719461806109,287.25,25
1719461806109,287.25,25
1719461806915,287.95,50
1719461806915,287.95,50
1719461806915,287.95,50
1719461810871,287.25,25
1719461810871,287.25,25
1719461810871,287.25,25
1719461810871,287.25,25
1719461810871,287.25,25
1719461816721,289.35,50
1719461817878,289.7,25
1719461817878,289.7,25
1719461817878,289.7,25
1719461820429,290.95,50
1719461820920,289.85,25
1719461820920,289.85,25
1719461820920,289.85,25
1719461821529,290.5,50
1719461822645,290.95,25
1719461822645,290.95,25
1719461822645,290.95,25
1719461826732,291.55,50
1719461826732,291.55,50
1719461826732,291.55,50
1719461830386,291.95,25
1719461831115,292.65,25
1719461831115,292.65,25
1719461831115,292.65,25
1719461831115,292.65,25
1719461835200,290.4,50
1719461835200,290.4,50
1719461835200,290.4,50
1719461835200,290.4,50
1719461835200,290.4,50
1719461842232,292.7,25
1719461842232,292.7,25
1719461842232,292.7,25
1719461842232,292.7,25
1719461842232,292.7,25
1719461842232,292.7,25
1719461842232,292.7,25
1719461842232,292.7,25
1719461842232,292.7,25
1719461842232,292.7,25
1719461842232,292.7,25
1719461842232,292.7,25
1719461858290,293.0,25
1719461858290,293.0,25
1719461858290,293.0,25
1719461858290,293.0,25
1719461858290,293.0,25
1719461858290,293.0,25
1719461858290,293.0,25
1719461858290,293.0,25
1719461858290,293.0,25
1719461858290,293.0,25
1719461858290,293.0,25
1719461858290,293.0,25
1719461876654,295.25,25
1719461876654,295.25,25
1719461876654,295.25,25
1719461880145,294.25,50
1719461880145,294.25,50
1719461880145,294.25,50
1719461882104,296.2,25
1719461882781,295.55,25
1719461882781,295.55,25
1719461882781,295.55,25
1719461886358,295.05,50
1719461886358,295.05,50
1719461886358,295.05,50
1719461886358,295.05,50
1719461892259,295.75,25
1719461892738,295.95,25
1719461892738,295.95,25
1719461893990,295.75,50
1719461894068,296.45,50
1719461894068,296.45,50
1719461894927,295.7,175
1719461895972,295.95,25
1719461895972,295.95,25
1719461897005,295.7,25
1719461898104,295.65,25
1719461898104,295.65,25
1719461899148,296.4,25
1719461899148,296.4,25
1719461900191,295.8,25
1719461901278,295.2,175
1719461901278,295.2,175
1719461902394,294.5,75
1719461902394,294.5,75
1719461902394,294.5,75
1719461902394,294.5,75
1719461907067,296.35,25
1719461907067,296.35,25
1719461907067,296.35,25
1719461907067,296.35,25
1719461911339,298.0,25
1719461912984,296.95,50
1719461912984,296.95,50
1719461912984,296.95,50
1719461915296,297.15,25
1719461915296,297.15,25
1719461917038,297.95,25
1719461917038,297.95,25
1719461917038,297.95,25
1719461920628,296.55,25
1719461920628,296.55,25
1719461920628,296.55,25
1719461920628,296.55,25
1719461920628,296.55,25
1719461926961,295.2,25
1719461927562,295.8,50
1719461927562,295.8,50
1719461927562,295.8,50
1719461927562,295.8,50
1719461927562,295.8,50
1719461927562,295.8,50
1719461927562,295.8,50
1719461927562,295.8,50
1719461927562,295.8,50
1719461927562,295.8,50
1719461927562,295.8,50
1719461943067,295.7,100
1719461943067,295.7,100
1719461943067,295.7,100
1719461943067,295.7,100
1719461943067,295.7,100
1719461943067,295.7,100
1719461943067,295.7,100
1719461943067,295.7,100
1719461954922,294.15,25
1719461955795,293.55,25
1719461956302,293.0,25
1719461956302,293.0,25
1719461956302,293.0,25
1719461956302,293.0,25
1719461960082,290.75,25
1719461960505,290.3,25
1719461960505,290.3,25
1719461960505,290.3,25
1719461960505,290.3,25
1719461960505,290.3,25
1719461966805,289.75,300
1719461967953,290.25,25
1719461967953,290.25,25
1719461967953,290.25,25
1719461967953,290.25,25
1719461967953,290.25,25
1719461971797,288.95,25
1719461971797,288.95,25
1719461971797,288.95,25
1719461971797,288.95,25
1719461971797,288.95,25
1719461971797,288.95,25
1719461971797,288.95,25
1719461982843,289.5,25
1719461982843,289.5,25
1719461983216,288.95,25
1719461983216,288.95,25
1719461983216,288.95,25
1719461983216,288.95,25
1719461988223,288.95,50
1719461988223,288.95,50
1719461990737,289.2,100
1719461990737,289.2,100
1719461990737,289.2,100
1719461990737,289.2,100
1719461995173,288.5,25
1719461995173,288.5,25
1719461995173,288.5,25
1719461998406,289.15,25
1719461998406,289.15,25
1719461998406,289.15,25
1719461998406,289.15,25
1719462002298,287.9,250
1719462002298,287.9,250
1719462003429,288.3,25
1719462004418,288.8,175
1719462004418,288.8,175
1719462005515,288.15,50
1719462005515,288.15,50
1719462006620,287.9,25
1719462007056,286.45,50
1719462007698,287.05,275
1719462008728,286.7,50
1719462008728,286.7,50
1719462008728,286.7,50
1719462012809,287.25,25
1719462012809,287.25,25
1719462014245,287.05,50
1719462014245,287.05,50
1719462014774,287.15,25
1719462014774,287.15,25
1719462016480,285.95,100
1719462017468,286.2,100
1719462017468,286.2,100
1719462018576,286.1,175
1719462019665,286.3,250
1719462020466,285.0,25
1719462020751,286.15,25
1719462020751,286.15,25
1719462021789,287.0,75
1719462022921,288.25,50
1719462024000,288.2,25
1719462024000,288.2,25
1719462025085,289.7,50
1719462026121,288.8,25
1719462026344,288.35,25
1719462026344,288.35,25
1719462027206,289.2,200
1719462027206,289.2,200
1719462027206,289.2,200
1719462027206,289.2,200
1719462031008,288.1,25
1719462031008,288.1,25
1719462031008,288.1,25
1719462031008,288.1,25
1719462036075,288.4,25
1719462036075,288.4,25
1719462036353,288.1,25
1719462036353,288.1,25
1719462036353,288.1,25
1719462036353,288.1,25
1719462036353,288.1,25
1719462043599,288.9,25
1719462043599,288.9,25
1719462043599,288.9,25
1719462047314,289.35,50
1719462047553,289.55,25
1719462047553,289.55,25
1719462047553,289.55,25
1719462047553,289.55,25
1719462047553,289.55,25
1719462054768,287.75,50
1719462054768,287.75,50
1719462055050,288.2,25
1719462055050,288.2,25
1719462055050,288.2,25
1719462055050,288.2,25
1719462055050,288.2,25
1719462055050,288.2,25
1719462062080,287.8,25
1719462062080,287.8,25
1719462064336,289.7,25
1719462064336,289.7,25
1719462064336,289.7,25
1719462064336,289.7,25
1719462064336,289.7,25
1719462070057,289.25,100
1719462071108,289.55,250
1719462071108,289.55,250
1719462072172,289.45,50
1719462072172,289.45,50
1719462073237,289.55,25
1719462074334,289.0,25
1719462074334,289.0,25
1719462075368,289.35,300
1719462075368,289.35,300
1719462076461,289.05,300
1719462077514,289.15,50
1719462077514,289.15,50
1719462078556,288.65,25
1719462079604,289.1,75
1719462080098,288.95,25
1719462080098,288.95,25
1719462082743,291.5,25
1719462082756,291.8,100
1719462083049,291.5,25
1719462083049,291.5,25
1719462083049,291.5,25
1719462083049,291.5,25
1719462083049,291.5,25
1719462083049,291.5,25
1719462083049,291.5,25
1719462092763,291.4,25
1719462093813,291.15,25
1719462094605,292.2,25
1719462094906,292.75,25
1719462095939,290.75,25
1719462095939,290.75,25
1719462097055,291.3,200
1719462097055,291.3,200
1719462098101,291.75,50
1719462098201,292.55,25
1719462099201,291.3,225
1719462099922,291.15,75
1719462100259,290.35,75
1719462101353,291.0,50
1719462101353,291.0,50
1719462102464,290.1,25
1719462102464,290.1,25
1719462103551,291.1,25
1719462103551,291.1,25
1719462103551,291.1,25
1719462107271,291.4,25
1719462107745,291.8,25
1719462108521,290.35,50
1719462109688,290.0,25
1719462109688,290.0,25
1719462109688,290.0,25
1719462112844,288.75,50
1719462112844,288.75,50
1719462112844,288.75,50
1719462112844,288.75,50
1719462112844,288.75,50
1719462118663,291.35,50
1719462118663,291.35,50
1719462118663,291.35,50
1719462118663,291.35,50
1719462122952,292.35,50
1719462122952,292.35,50
1719462122952,292.35,50
1719462122952,292.35,50
1719462122952,292.35,50
1719462122952,292.35,50
1719462122952,292.35,50
1719462122952,292.35,50
1719462122952,292.35,50
1719462122952,292.35,50
1719462122952,292.35,50
1719462140694,293.9,25
1719462140694,293.9,25
1719462140694,293.9,25
1719462140694,293.9,25
1719462140694,293.9,25
1719462147297,292.35,25
1719462147297,292.35,25
1719462147297,292.35,25
1719462147297,292.35,25
1719462147297,292.35,25
1719462147297,292.35,25
1719462147297,292.35,25
1719462155967,293.0,25
1719462155967,293.0,25
1719462155967,293.0,25
1719462155967,293.0,25
1719462155967,293.0,25
1719462162952,294.4,25
1719462162952,294.4,25
1719462162952,294.4,25
1719462162952,294.4,25
1719462169271,295.0,25
1719462169554,295.0,225
1719462169554,295.0,225
1719462169554,295.0,225
1719462172725,294.7,25
1719462172908,294.9,25
1719462172908,294.9,25
1719462172908,294.9,25
1719462175682,292.35,25
1719462175682,292.35,25
1719462175682,292.35,25
1719462175682,292.35,25
1719462175682,292.35,25
1719462175682,292.35,25
1719462175682,292.35,25
1719462184718,296.8,25
1719462184733,296.8,25
1719462184733,296.8,25
1719462184733,296.8,25
1719462184733,296.8,25
1719462184733,296.8,25
1719462184733,296.8,25
1719462184733,296.8,25
1719462184733,296.8,25
1719462184733,296.8,25
1719462184733,296.8,25
1719462200787,296.15,25
1719462200787,296.15,25
1719462201809,294.9,125
1719462201809,294.9,125
1719462201809,294.9,125
1719462201809,294.9,125
1719462207203,293.65,50
1719462207203,293.65,50
1719462208659,294.75,150
1719462208659,294.75,150
1719462210790,295.15,25
1719462210790,295.15,25
1719462210790,295.15,25
1719462210790,295.15,25
1719462210790,295.15,25
1719462210790,295.15,25
1719462210790,295.15,25
1719462210790,295.15,25
1719462210790,295.15,25
1719462210790,295.15,25
1719462210790,295.15,25
1719462210790,295.15,25
1719462210790,295.15,25
1719462210790,295.15,25
1719462210790,295.15,25
1719462210790,295.15,25
1719462210790,295.15,25
1719462210790,295.15,25
1719462237794,296.0,100
1719462237794,296.0,100
1719462239033,296.4,25
1719462239033,296.4,25
1719462239033,296.4,25
1719462239033,296.4,25
1719462242144,295.0,25
1719462243106,294.5,50
1719462243106,294.5,50
1719462243106,294.5,50
1719462243106,294.5,50
1719462246715,292.95,25
1719462246715,292.95,25
1719462246715,292.95,25
1719462246715,292.95,25
1719462252039,295.0,100
1719462252039,295.0,100
1719462252039,295.0,100
1719462252039,295.0,100
1719462252039,295.0,100
1719462259276,295.55,25
1719462259276,295.55,25
1719462259276,295.55,25
1719462259276,295.55,25
1719462264166,293.65,25
1719462264166,293.65,25
1719462265222,293.9,25
1719462265222,293.9,25
1719462267956,293.75,50
1719462267956,293.75,50
1719462267956,293.75,50
1719462267956,293.75,50
1719462267956,293.75,50
1719462267956,293.75,50
1719462267956,293.75,50
1719462267956,293.75,50
1719462277507,292.0,25
1719462277507,292.0,25
1719462278654,291.6,25
1719462278654,291.6,25
1719462278654,291.6,25
1719462282430,290.3,25
1719462282430,290.3,25
1719462285002,292.3,25
1719462285002,292.3,25
1719462285002,292.3,25
1719462288539,292.2,50
1719462289853,290.0,100
1719462290966,289.35,25
1719462290966,289.35,25
1719462292284,288.8,25
1719462292284,288.8,25
1719462293909,289.85,50
1719462294750,291.15,50
1719462294750,291.15,50
1719462298265,290.85,25
1719462298265,290.85,25
1719462298265,290.85,25
1719462300380,290.0,25
1719462300380,290.0,25
1719462300380,290.0,25
1719462303210,290.3,75
1719462303210,290.3,75
1719462303210,290.3,75
1719462303210,290.3,75
1719462309584,290.6,50
1719462309862,290.8,75
1719462309862,290.8,75
1719462312152,287.35,25
1719462313172,287.1,25
1719462313172,287.1,25
1719462313678,287.1,50
1719462313678,287.1,50
1719462316353,288.35,25
1719462316353,288.35,25
1719462316353,288.35,25
1719462316353,288.35,25
1719462316353,288.35,25
1719462316353,288.35,25
1719462316353,288.35,25
1719462326815,288.1,50
1719462326815,288.1,50
1719462327012,287.95,300
1719462327012,287.95,300
1719462327012,287.95,300
1719462327012,287.95,300
1719462327012,287.95,300
1719462327012,287.95,300
1719462327012,287.95,300
1719462327012,287.95,300
1719462327012,287.95,300
1719462327012,287.95,300
1719462327012,287.95,300
1719462327012,287.95,300
1719462327012,287.95,300
1719462327012,287.95,300
1719462327012,287.95,300
1719462327012,287.95,300
1719462327012,287.95,300
1719462327012,287.95,300
1719462354068,289.05,125
1719462354068,289.05,125
1719462354068,289.05,125
1719462358383,288.95,25
1719462358764,289.05,25
1719462358764,289.05,25
1719462358764,289.05,25
1719462358764,289.05,25
1719462358764,289.05,25
1719462358764,289.05,25
1719462358764,289.05,25
1719462358764,289.05,25
1719462369410,289.75,25
1719462369410,289.75,25
1719462369410,289.75,25
1719462369410,289.75,25
1719462369410,289.75,25
1719462369410,289.75,25
1719462378067,289.0,200
1719462378067,289.0,200
1719462380013,290.1,25
1719462380013,290.1,25
1719462381805,291.65,25
1719462381805,291.65,25
1719462382864,290.65,25
1719462382864,290.65,25
1719462382864,290.65,25
1719462382864,290.65,25
1719462382864,290.65,25
1719462382864,290.65,25
1719462382864,290.65,25
1719462382864,290.65,25
1719462382864,290.65,25
1719462382864,290.65,25
1719462382864,290.65,25
1719462382864,290.65,25
1719462399852,286.75,50
1719462400098,285.0,250
1719462400098,285.0,250
1719462400862,282.95,50
1719462400862,282.95,50
1719462402064,282.2,125
1719462403136,282.0,50
1719462403136,282.0,50
1719462403136,282.0,50
1719462405511,282.0,25
1719462405511,282.0,25
1719462408111,280.0,25
1719462408470,279.55,50
1719462409007,278.95,25
1719462409007,278.95,25
1719462411153,280.25,50
1719462411153,280.25,50
1719462412506,279.95,50
1719462412870,279.2,50
1719462412870,279.2,50
1719462413707,279.75,50
1719462414819,278.0,25
1719462414819,278.0,25
1719462416525,276.0,25
1719462416631,276.9,75
1719462416989,276.0,75
1719462418240,276.1,50
1719462418449,276.0,25
1719462419072,275.0,25
1719462419615,275.0,25
1719462419615,275.0,25
1719462420715,273.5,25
1719462420715,273.5,25
1719462421758,272.0,125
1719462422181,270.15,25
1719462423132,271.25,25
1719462423132,271.25,25
1719462423132,271.25,25
1719462425803,273.2,225
1719462426406,273.0,25
1719462426738,273.0,50
1719462426738,273.0,50
1719462428251,274.9,50
1719462428251,274.9,50
1719462428251,274.9,50
1719462428251,274.9,50
1719462434863,272.4,25
1719462434863,272.4,25
1719462435686,272.8,225
1719462435686,272.8,225
1719462435686,272.8,225
1719462435686,272.8,225
1719462441451,272.4,25
1719462441451,272.4,25
1719462442501,271.95,75
1719462442501,271.95,75
1719462443649,272.4,25
1719462444612,271.0,25
1719462444612,271.0,25
1719462445440,270.0,25
1719462445440,270.0,25
1719462447209,271.2,75
1719462447800,271.8,175
1719462447800,271.8,175
1719462447800,271.8,175
1719462450931,272.8,25
1719462451426,272.45,50
1719462451426,272.45,50
1719462452932,273.45,100
1719462452932,273.45,100
1719462452932,273.45,100
1719462452932,273.45,100
1719462457387,271.85,50
1719462457387,271.85,50
1719462459576,271.9,25
1719462459576,271.9,25
1719462459576,271.9,25
1719462459576,271.9,25
1719462463585,270.15,50
1719462465128,270.2,25
1719462465128,270.2,25
1719462466080,268.0,25
1719462466080,268.0,25
1719462466080,268.0,25
1719462470347,266.2,25
1719462470732,264.8,25
1719462470732,264.8,25
1719462470732,264.8,25
1719462473684,261.85,100
1719462473684,261.85,100
1719462473684,261.85,100
1719462477193,261.0,100
1719462477193,261.0,100
1719462479319,262.85,25
1719462479319,262.85,25
1719462479319,262.85,25
1719462481083,259.95,75
1719462481083,259.95,75
1719462482194,259.75,25
1719462483121,258.6,25
1719462483121,258.6,25
1719462484298,260.3,50
1719462485344,259.4,75
1719462485972,260.5,75
1719462485972,260.5,75
1719462488390,261.65,25
1719462488390,261.65,25
1719462489839,260.3,125
1719462489839,260.3,125
1719462489839,260.3,125
1719462489839,260.3,125
1719462495093,261.0,50
1719462495093,261.0,50
1719462495093,261.0,50
1719462495093,261.0,50
1719462499509,262.6,50
1719462499509,262.6,50
1719462499509,262.6,50
1719462502300,261.2,25
1719462502300,261.2,25
1719462504715,260.0,25
1719462504715,260.0,25
1719462504715,260.0,25
1719462508694,259.4,25
1719462509064,259.2,25
1719462509666,259.25,125
1719462509666,259.25,125
1719462509666,259.25,125
1719462513154,257.55,50
1719462513154,257.55,50
1719462514290,257.7,25
1719462514961,258.15,50
1719462514961,258.15,50
1719462518825,259.65,50
1719462518825,259.65,50
1719462518825,259.65,50
1719462518825,259.65,50
1719462523214,260.15,25
1719462523214,260.15,25
1719462524015,261.2,175
1719462525390,261.0,25
1719462525390,261.0,25
1719462527559,260.3,50
1719462528487,261.55,50
1719462528636,261.6,50
1719462528636,261.6,50
1719462528636,261.6,50
1719462528636,261.6,50
1719462528636,261.6,50
1719462528636,261.6,50
1719462528636,261.6,50
1719462538295,260.05,50
1719462538295,260.05,50
1719462539437,259.3,25
1719462539437,259.3,25
1719462539437,259.3,25
1719462539437,259.3,25
1719462539437,259.3,25
1719462544055,260.0,375
1719462545132,259.3,25
1719462545132,259.3,25
1719462546359,259.65,50
1719462546359,259.65,50
1719462546359,259.65,50
1719462549232,260.3,125
1719462549232,260.3,125
1719462549232,260.3,125
1719462552358,259.5,25
1719462553676,259.3,25
1719462553676,259.3,25
1719462554038,259.35,25
1719462554916,259.45,25
1719462554916,259.45,25
1719462554916,259.45,25
1719462557538,258.3,25
1719462557538,258.3,25
1719462557538,258.3,25
1719462561329,258.15,25
1719462561329,258.15,25
1719462563153,258.45,75
1719462563153,258.45,75
1719462563153,258.45,75
1719462567028,258.05,25
1719462567028,258.05,25
1719462567892,257.35,50
1719462568530,258.25,25
1719462569291,257.3,25
1719462570104,257.85,25
1719462570104,257.85,25
1719462570104,257.85,25
1719462571192,257.8,25
1719462571721,257.2,25
1719462571721,257.2,25
1719462571721,257.2,25
1719462571721,257.2,25
1719462575731,258.35,25
1719462576849,259.2,300
1719462577126,259.15,100
1719462577126,259.15,100
1719462578252,260.15,25
1719462578252,260.15,25
1719462579750,260.6,25
1719462579750,260.6,25
1719462579750,260.6,25
1719462582768,260.6,25
1719462582768,260.6,25
1719462582768,260.6,25
1719462586269,259.1,250
1719462586269,259.1,250
1719462586269,259.1,250
1719462588966,258.5,125
1719462589799,258.65,25
1719462589799,258.65,25
1719462589799,258.65,25
1719462592492,258.6,75
1719462592492,258.6,75
1719462592492,258.6,75
1719462595991,258.55,25
1719462597000,258.75,25
1719462597000,258.75,25
1719462597165,258.75,125
1719462597681,258.7,25
1719462597681,258.7,25
1719462597681,258.7,25
1719462600615,256.2,50
1719462600615,256.2,50
1719462601036,255.0,50
1719462601036,255.0,50
1719462601036,255.0,50
1719462604750,257.8,25
1719462604750,257.8,25
1719462606017,258.15,25
1719462606080,258.2,25
1719462606455,258.3,25
1719462606455,258.3,25
1719462606455,258.3,25
1719462609022,256.7,25
1719462609022,256.7,25
1719462612023,258.4,100
1719462612185,259.1,25
1719462612418,258.9,300
1719462612565,258.05,25
1719462612565,258.05,25
1719462612565,258.05,25
1719462617086,257.3,175
1719462617086,257.3,175
1719462617508,257.65,200
1719462618671,258.0,25
1719462618671,258.0,25
1719462619985,258.1,50
1719462621121,257.85,25
1719462621121,257.85,25
1719462621121,257.85,25
1719462624008,258.65,275
1719462624008,258.65,275
1719462626091,259.4,75
1719462627228,259.3,25
1719462627228,259.3,25
1719462628329,258.1,50
1719462628676,258.15,50
1719462629353,258.0,25
1719462629688,258.3,25
1719462629688,258.3,25
1719462629688,258.3,25
1719462632093,257.8,25
1719462632093,257.8,25
1719462632093,257.8,25
1719462632093,257.8,25
1719462638560,256.65,50
1719462638560,256.65,50
1719462638560,256.65,50
1719462642254,257.3,25
1719462642254,257.3,25
1719462642254,257.3,25
1719462644677,257.8,25
1719462645140,257.3,25
1719462645490,257.0,25
1719462645490,257.0,25
1719462645490,257.0,25
1719462649858,256.8,25
1719462649858,256.8,25
1719462651478,257.0,25
1719462651478,257.0,25
1719462652520,256.85,25
1719462652520,256.85,25
1719462654678,257.15,50
1719462654678,257.15,50
1719462654678,257.15,50
1719462657678,255.95,25
1719462657678,255.95,25
1719462660145,254.15,25
1719462660766,253.0,50
1719462661267,253.35,25
1719462661267,253.35,25
1719462662848,252.4,25
1719462705059,249.5,25
1719462705059,249.5,25
1719462707287,249.0,25
1719462707287,249.0,25
1719462707287,249.0,25
1719462707287,249.0,25
1719462711202,249.5,25
1719462711609,249.05,50
1719462712393,249.0,25
1719462713840,248.25,25
1719462713840,248.25,25
1719462713840,248.25,25
1719462716748,247.95,75
1719462716748,247.95,75
1719462716748,247.95,75
1719462719863,248.0,25
1719462720003,247.25,50
1719462720003,247.25,50
1719462720003,247.25,50
1719462721100,245.0,100
1719462721100,245.0,100
1719462722742,243.1,25
1719462722742,243.1,25
1719462724678,243.05,50
1719462724678,243.05,50
1719462726187,244.25,50
1719462726187,244.25,50
1719462727828,244.15,25
1719462727828,244.15,25
1719462727828,244.15,25
1719462730636,244.7,75
1719462731540,244.4,75
1719462731540,244.4,75
1719462733678,245.3,25
1719462733678,245.3,25
1719462733678,245.3,25
1719462733678,245.3,25
1719462737427,246.2,25
1719462738239,246.3,25
1719462738239,246.3,25
1719462738239,246.3,25
1719462738239,246.3,25
1719462743712,245.7,75
1719462743712,245.7,75
1719462744465,246.35,50
1719462744465,246.35,50
1719462746020,245.0,25
1719462746429,245.7,25
1719462746429,245.7,25
1719462747505,245.7,100
1719462747505,245.7,100
1719462749854,245.75,100
1719462749854,245.75,100
1719462749854,245.75,100
1719462751836,245.6,25
1719462751836,245.6,25
1719462752914,245.0,25
1719462752914,245.0,25
1719462754457,245.45,75
1719462754457,245.45,75
1719462756739,245.2,75
1719462756920,244.7,75
1719462756920,244.7,75
1719462756920,244.7,75
1719462759181,245.2,25
1719462759181,245.2,25
1719462761002,245.0,100
1719462761002,245.0,100
1719462761002,245.0,100
1719462761002,245.0,100
1719462761002,245.0,100
1719462768132,245.0,450
1719462768132,245.0,450
1719462769997,244.5,25
1719462769997,244.5,25
1719462770778,244.25,25
1719462771770,241.7,25
1719462771770,241.7,25
1719462772519,241.1,50
1719462773291,240.25,25
1719462773291,240.25,25
1719462774268,240.95,25
1719462774594,240.7,50
1719462774594,240.7,50
1719462776077,239.65,75
1719462776852,240.2,50
1719462778535,241.05,25
1719462778933,240.6,25
1719462778933,240.6,25
1719462778933,240.6,25
1719462778933,240.6,25
1719462781716,239.6,25
1719462781716,239.6,25
1719462781716,239.6,25
1719462785100,237.85,50
1719462785100,237.85,50
1719462785798,238.45,25
1719462786221,238.65,25
1719462786221,238.65,25
1719462788014,238.0,50
1719462788014,238.0,50
1719462789619,238.1,25
1719462789846,238.0,25
1719462789846,238.0,25
1719462793020,237.5,125
1719462793020,237.5,125
1719462795066,237.9,25
1719462795066,237.9,25
1719462796896,237.95,100
1719462797092,238.0,25
1719462797092,238.0,25
1719462797092,238.0,25
1719462797092,238.0,25
1719462800845,237.5,25
1719462801214,237.6,100
1719462801214,237.6,100
1719462801214,237.6,100
1719462804672,238.0,50
1719462805370,238.15,25
1719462805370,238.15,25
1719462806260,238.3,50
1719462806260,238.3,50
1719462808237,240.0,50
1719462808237,240.0,50
1719462809430,240.0,25
1719462809430,240.0,25
1719462809430,240.0,25
1719462812191,241.5,25
1719462813346,240.25,25
1719462813578,240.4,50
1719462814337,240.35,25
1719462814337,240.35,25
1719462814337,240.35,25
1719462817963,240.65,125
1719462817963,240.65,125
1719462819730,241.9,25
1719462819853,242.65,25
1719462819853,242.65,25
1719462822256,242.9,75
1719462822256,242.9,75
1719462822974,242.5,25
1719462823922,242.25,50
1719462823922,242.25,50
1719462823922,242.25,50
1719462823922,242.25,50
1719462827397,242.25,25
1719462828097,242.4,25
1719462828794,243.0,50
1719462828794,243.0,50
1719462830516,241.3,50
1719462830516,241.3,50
1719462830760,241.7,50
1719462832168,242.4,25
1719462833177,241.8,25
1719462833177,241.8,25
1719462833177,241.8,25
1719462836587,242.9,25
1719462836587,242.9,25
1719462838181,242.0,100
1719462838181,242.0,100
1719462839653,241.5,300
1719462840238,240.65,125
1719462840238,240.65,125
1719462840238,240.65,125
1719462840238,240.65,125
1719462842786,241.4,25
1719462842786,241.4,25
1719462844579,241.5,25
1719462844579,241.5,25
1719462844579,241.5,25
1719462847935,243.55,100
1719462847935,243.55,100
1719462849492,243.7,25
1719462849492,243.7,25
1719462851488,243.1,25
1719462851889,242.6,25
1719462851889,242.6,25
1719462851889,242.6,25
1719462851889,242.6,25
1719462856190,242.95,50
1719462856190,242.95,50
1719462857957,243.05,125
1719462857957,243.05,125
1719462860187,242.65,25
1719462860187,242.65,25
1719462860187,242.65,25
1719462860187,242.65,25
1719462865525,241.5,75
1719462865525,241.5,75
1719462865525,241.5,75
1719462869682,243.4,75
1719463129815,241.35,50
1719463129815,241.35,50
1719463129815,241.35,50
1719463319062,237.55,50
1719463321098,236.85,150
1719463322640,236.0,100
1719463322640,236.0,100
1719463324856,237.0,200
1719463327105,237.0,25
1719463327844,237.35,25
1719463328097,237.85,75
1719463328097,237.85,75
1719463330804,237.45,100
1719463331020,237.8,125
1719463331020,237.8,125
1719463332302,237.15,25
1719463333463,237.4,25
1719463333463,237.4,25
1719463333463,237.4,25
1719463337411,236.85,25
1719463337411,236.85,25
1719463339037,237.35,50
1719463339037,237.35,50
1719463339037,237.35,50
1719463342455,237.45,25
1719463342455,237.45,25
1719463342455,237.45,25
1719463344881,238.5,50
1719463344881,238.5,50
1719463346420,237.7,75
1719463346420,237.7,75
1719463348858,239.35,50
1719463349331,237.75,50
1719463349331,237.75,50
1719463349331,237.75,50
1719463351090,237.4,25
1719463351090,237.4,25
1719463351090,237.4,25
1719463355200,236.5,100
1719463356140,236.0,125
1719463357033,235.0,25
1719463357033,235.0,25
1719463358311,234.6,25
1719463359134,234.95,25
1719463359438,234.95,175
1719463359438,234.95,175
1719463361178,234.15,150
1719463361178,234.15,150
1719463361178,234.15,150
1719463361178,234.15,150
1719463367474,236.6,25
1719463367474,236.6,25
1719463368232,236.3,75
1719463368384,236.3,100
1719463368384,236.3,100
1719463370269,236.4,50
1719463370269,236.4,50
1719463372654,235.75,25
1719463372654,235.75,25
1719463373949,234.9,25
1719463373949,234.9,25
1719463373949,234.9,25
1719463376568,236.0,25
1719463377882,235.85,25
1719463377959,236.0,450
1719463377959,236.0,450
1719463377959,236.0,450
1719463380989,237.9,25
1719463380989,237.9,25
1719463382909,238.55,25
1719463382909,238.55,25
1719463382909,238.55,25
1719463384529,237.15,25
1719463384529,237.15,25
1719463385551,237.25,100
1719463386302,237.25,25
1719463386876,236.4,150
1719463386876,236.4,150
1719463387975,236.45,50
1719463388839,236.65,75
1719463388839,236.65,75
1719463388839,236.65,75
1719463392395,238.45,25
1719463392395,238.45,25
1719463392395,238.45,25
1719463395618,238.4,25
1719463395775,239.3,25
1719463395775,239.3,25
1719463395775,239.3,25
1719463395775,239.3,25
1719463395775,239.3,25
1719463395775,239.3,25
1719463404257,239.4,50
1719463404323,240.0,25
1719463404323,240.0,25
1719463405261,239.0,150
1719463405261,239.0,150
1719463406772,240.3,25
1719463407327,241.4,75
1719463407327,241.4,75
1719463408003,241.3,100
1719463409073,241.5,150
1719463409073,241.5,150
1719463410453,242.25,100
1719463410453,242.25,100
1719463410453,242.25,100
1719463411310,241.65,100
1719463411310,241.65,100
1719463413799,240.85,25
1719463413799,240.85,25
1719463413799,240.85,25
1719463413799,240.85,25
1719463418222,241.6,25
1719463418222,241.6,25
1719463418222,241.6,25
1719463421757,241.2,175
1719463421757,241.2,175
1719463423022,242.0,150
1719463423520,242.6,25
1719463423520,242.6,25
1719463425623,242.35,50
1719463426066,242.2,100
1719463426283,242.5,25
1719463426756,242.15,25
1719463428686,246.0,225
1719463428791,245.8,50
1719463428791,245.8,50
1719463430256,245.1,100
1719463430256,245.1,100
1719463430256,245.1,100
1719463432980,247.85,75
1719463433447,247.1,50
1719463433447,247.1,50
1719463433447,247.1,50
1719463433447,247.1,50
1719463438589,246.5,50
1719463438809,245.35,100
1719463438809,245.35,100
1719463440741,245.2,50
1719463440741,245.2,50
1719463441113,245.3,25
1719463441485,245.9,25
1719463442463,244.65,25
1719463443864,244.2,25
1719463443864,244.2,25
1719463443864,244.2,25
1719463443864,244.2,25
1719463448535,243.75,75
1719463448535,243.75,75
1719463448535,243.75,75
1719463448535,243.75,75
1719463452955,244.2,75
1719463453720,245.0,150
1719463453720,245.0,150
1719463455571,243.85,275
1719463455571,243.85,275
1719463455571,243.85,275
1719463458089,244.05,100
1719463458688,243.6,25
1719463459663,244.0,100
1719463459663,244.0,100
1719463460865,244.95,25
1719463460865,244.95,25
1719463461843,245.3,25
1719463461843,245.3,25
1719463463732,244.05,25
1719463463732,244.05,25
1719463463732,244.05,25
1719463463732,244.05,25
1719463468521,244.4,25
1719463468521,244.4,25
1719463470245,242.35,25
1719463470245,242.35,25
1719463470245,242.35,25
1719463471388,241.2,25
1719463471388,241.2,25
1719463471388,241.2,25
1719463475307,241.6,25
1719463475307,241.6,25
1719463475307,241.6,25
1719463479209,243.25,200
1719463479209,243.25,200
1719463479209,243.25,200
1719463481338,244.7,25
1719463481338,244.7,25
1719463483803,244.65,25
1719463483803,244.65,25
1719463486280,244.4,75
1719463486280,244.4,75
1719463486280,244.4,75
1719463486280,244.4,75
1719463490910,245.05,25
1719463490910,245.05,25
1719463491458,245.75,25
1719463492712,246.0,25
1719463492712,246.0,25
1719463496000,244.9,25
1719463496000,244.9,25
1719463496895,245.3,25
1719463496895,245.3,25
1719463498593,244.45,25
1719463498593,244.45,25
1719463498593,244.45,25
1719463498593,244.45,25
1719463498593,244.45,25
1719463498593,244.45,25
1719463505555,244.95,50
1719463505781,245.0,25
1719463506135,246.0,25
1719463506831,245.85,25
1719463506831,245.85,25
1719463509518,244.1,25
1719463509518,244.1,25
1719463510072,244.5,25
1719463510072,244.5,25
1719463510072,244.5,25
1719463510072,244.5,25
1719463515109,245.0,50
1719463515954,246.0,75
1719463515954,246.0,75
1719463515954,246.0,75
1719463518648,246.2,25
1719463518648,246.2,25
1719463518648,246.2,25
1719463518648,246.2,25
1719463523458,244.1,50
1719463524469,243.7,25
1719463524672,242.8,25
1719463525236,242.8,25
1719463525980,242.8,25
1719463525980,242.8,25
1719463525980,242.8,25
1719463528797,242.8,150
1719463528797,242.8,150
1719463530225,242.25,25
1719463530674,241.55,25
1719463530674,241.55,25
1719463530674,241.55,25
1719463531392,241.65,25
1719463532843,241.6,25
1719463533585,242.35,25
1719463533585,242.35,25
1719463535638,241.35,75
1719463535638,241.35,75
1719463537467,240.55,25
1719463537467,240.55,25
1719463539087,240.4,25
1719463539439,241.05,25
1719463539439,241.05,25
1719463539439,241.05,25
1719463541732,241.4,25
1719463541732,241.4,25
1719463543045,240.05,25
1719463544012,240.75,25
1719463544543,240.4,25
1719463544543,240.4,25
1719463544543,240.4,25
1719463544543,240.4,25
1719463544543,240.4,25
1719463544543,240.4,25
1719463551634,239.4,25
1719463551634,239.4,25
1719463553037,239.95,25
1719463553932,240.2,225
1719463553932,240.2,225
1719463555075,241.35,25
1719463555872,240.6,25
1719463555872,240.6,25
1719463556768,240.95,75
1719463556768,240.95,75
1719463556768,240.95,75
1719463556768,240.95,75
1719463556768,240.95,75
1719463556768,240.95,75
1719463564115,242.0,100
1719463564115,242.0,100
1719463564115,242.0,100
1719463564115,242.0,100
1719463569094,242.45,25
1719463569501,242.45,25
1719463569501,242.45,25
1719463571140,242.8,50
1719463571140,242.8,50
1719463571140,242.8,50
1719463573234,243.1,25
1719463573234,243.1,25
1719463573234,243.1,25
1719463573234,243.1,25
1719463579177,244.1,25
1719463579177,244.1,25
1719463579919,244.05,75
1719463581087,244.25,50
1719463582189,244.45,25
1719463582189,244.45,25
1719463582189,244.45,25
1719463582189,244.45,25
1719463586442,244.7,25
1719463586442,244.7,25
1719463588606,244.35,25
1719463588606,244.35,25
1719463588606,244.35,25
1719463588606,244.35,25
1719463592253,244.7,50
1719463592433,244.3,50
1719463592433,244.3,50
1719463592433,244.3,50
1719463592433,244.3,50
1719463592433,244.3,50
1719463599500,245.2,125
1719463600601,245.2,100
1719463600601,245.2,100
1719463603000,243.95,25
1719463603914,242.8,800
1719463603914,242.8,800
1719463603914,242.8,800
1719463607712,241.6,125
1719463608430,242.2,25
1719463609305,242.75,125
1719463609305,242.75,125
1719463610352,243.4,25
1719463611087,243.35,100
1719463611087,243.35,100
1719463611087,243.35,100
1719463611087,243.35,100
1719463611087,243.35,100
1719463611087,243.35,100
1719463619072,244.75,25
1719463619072,244.75,25
1719463619072,244.75,25
1719463619072,244.75,25
1719463622201,245.85,100
1719463622245,245.6,50
1719463622245,245.6,50
1719463622245,245.6,50
1719463626171,245.65,50
1719463626171,245.65,50
1719463626171,245.65,50
1719463626171,245.65,50
1719463626171,245.65,50
1719463631846,244.35,25
1719463631846,244.35,25
1719463633403,244.45,25
1719463633747,243.65,50
1719463633747,243.65,50
1719463633747,243.65,50
1719463633747,243.65,50
1719463633747,243.65,50
1719463633747,243.65,50
1719463633747,243.65,50
1719463644155,242.0,100
1719463644155,242.0,100
1719463644155,242.0,100
1719463644155,242.0,100
1719463644155,242.0,100
1719463644155,242.0,100
1719463651151,243.95,50
1719463651151,243.95,50
1719463651151,243.95,50
1719463653459,244.75,50
1719463653459,244.75,50
1719463655783,244.8,100
1719463655783,244.8,100
1719463655783,244.8,100
1719463658976,245.8,75
1719463658976,245.8,75
1719463658976,245.8,75
1719463658976,245.8,75
1719463658976,245.8,75
1719463658976,245.8,75
1719463658976,245.8,75
1719463658976,245.8,75
1719463658976,245.8,75
1719463658976,245.8,75
1719463673452,244.8,50
1719463673452,244.8,50
1719463676209,246.05,75
1719463676209,246.05,75
1719463676209,246.05,75
1719463676209,246.05,75
1719463676209,246.05,75
1719463676209,246.05,75
1719463676209,246.05,75
1719463676209,246.05,75
1719463686084,245.4,125
1719463686084,245.4,125
1719463686084,245.4,125
1719463688932,245.7,125
1719463688932,245.7,125
1719463690748,245.65,25
1719463691158,246.0,25
1719463691630,246.0,75
1719463691630,246.0,75
1719463691630,246.0,75
1719463695724,245.25,75
1719463695724,245.25,75
1719463697833,244.9,125
1719463697833,244.9,125
1719463699039,244.0,100
1719463699039,244.0,100
1719463700397,244.95,125
1719463700861,245.1,25
1719463700861,245.1,25
1719463701709,245.0,125
1719463702852,245.0,175
1719463702903,245.0,125
1719463703189,245.0,225
1719463704445,244.55,25
1719463704445,244.55,25
1719463704445,244.55,25
1719463704445,244.55,25
1719463704445,244.55,25
1719463709715,243.75,100
1719463709715,243.75,100
1719463709715,243.75,100
1719463709715,243.75,100
1719463709715,243.75,100
1719463715426,243.65,125
1719463715426,243.65,125
1719463715426,243.65,125
1719463715426,243.65,125
1719463719838,241.75,75
1719463719838,241.75,75
1719463721686,241.6,25
1719463721686,241.6,25
1719463723981,241.35,125
1719463723981,241.35,125
1719463724968,241.9,25
1719463725178,241.75,25
1719463726257,241.95,175
1719463726257,241.95,175
1719463726257,241.95,175
1719463729003,242.9,25
1719463729257,243.85,325
1719463729257,243.85,325
1719463730742,243.6,25
1719463730742,243.6,25
1719463732666,244.15,25
1719463732666,244.15,25
1719463733646,243.6,50
1719463733646,243.6,50
1719463733646,243.6,50
1719463733646,243.6,50
1719463733646,243.6,50
1719463739784,242.4,25
1719463739950,242.45,25
1719463741248,242.3,25
1719463741248,242.3,25
1719463741248,242.3,25
1719463741248,242.3,25
1719463745055,242.65,100
1719463746277,242.8,50
1719463746277,242.8,50
1719463746717,243.3,175
1719463746717,243.3,175
1719463749715,242.95,25
1719463749715,242.95,25
1719463749715,242.95,25
1719463749715,242.95,25
1719463749715,242.95,25
1719463749715,242.95,25
1719463758944,240.7,100
1719463759883,240.0,25
1719463759883,240.0,25
1719463760302,239.95,25
1719463760302,239.95,25
1719463760302,239.95,25
1719463763957,239.4,75
1719463764897,239.95,50
1719463766298,240.05,25
1719463766298,240.05,25
1719463766298,240.05,25
1719463766298,240.05,25
1719463766298,240.05,25
1719463771410,241.35,25
1719463772700,241.15,50
1719463772700,241.15,50
1719463772700,241.15,50
1719463775413,239.4,50
1719463775413,239.4,50
1719463777598,238.9,25
1719463777598,238.9,25
1719463778526,239.75,25
1719463778526,239.75,25
1719463780904,240.15,25
1719463780904,240.15,25
1719463780904,240.15,25
1719463780904,240.15,25
1719463780904,240.15,25
1719463780904,240.15,25
1719463780904,240.15,25
1719463780904,240.15,25
1719463780904,240.15,25
1719463793620,238.4,25
1719463793620,238.4,25
1719463793620,238.4,25
1719463793620,238.4,25
1719463793620,238.4,25
1719463793620,238.4,25
1719463793620,238.4,25
1719463793620,238.4,25
1719463803221,239.6,25
1719463803221,239.6,25
1719463803221,239.6,25
1719463803221,239.6,25
1719463803221,239.6,25
1719463810416,239.1,50
1719463810837,238.4,50
1719463810837,238.4,50
1719463810837,238.4,50
1719463810837,238.4,50
1719463815124,236.9,50
1719463816584,236.8,25
1719463816584,236.8,25
1719463816848,236.75,25
1719463817310,238.0,50
1719463817310,238.0,50
1719463819078,239.25,25
1719463819366,238.25,125
1719463819366,238.25,125
1719463819366,238.25,125
1719463823298,238.35,50
1719463824708,238.05,50
1719463824896,237.9,50
1719463824896,237.9,50
1719463824896,237.9,50
1719463828703,238.65,25
1719463828886,239.15,50
1719463828886,239.15,50
1719463830112,240.8,50
1719463830112,240.8,50
1719463830112,240.8,50
1719463831943,238.05,100
1719463832251,238.55,25
1719463832251,238.55,25
1719463832251,238.55,25
1719463832251,238.55,25
1719463837287,240.2,50
1719463837287,240.2,50
1719463837287,240.2,50
1719463837287,240.2,50
1719463842001,241.6,150
1719463843063,242.25,25
1719463844031,242.5,75
1719463844695,242.1,75
1719463846277,242.25,100
1719463846573,242.3,100
1719463846654,242.3,100
1719463847760,241.7,25
1719463848919,242.25,75
1719463849199,242.5,125
1719463850402,242.4,100
1719463850402,242.4,100
1719463850402,242.4,100
1719463850402,242.4,100
1719463850402,242.4,100
1719463850402,242.4,100
1719463858961,240.8,25
1719463858961,240.8,25
1719463860241,239.65,50
1719463860399,239.95,25
1719463860399,239.95,25
1719463862637,239.7,75
1719463862637,239.7,75
1719463864632,240.2,25
1719463864632,240.2,25
1719463866001,241.1,25
1719463866648,241.25,75
1719463866648,241.25,75
1719463866648,241.25,75
1719463866648,241.25,75
1719463870290,240.7,25
1719463870640,240.55,25
1719463870640,240.55,25
1719463872284,240.4,25
1719463872284,240.4,25
1719463872284,240.4,25
1719463872284,240.4,25
1719463872284,240.4,25
1719463878707,239.95,50
1719463878707,239.95,50
1719463878707,239.95,50
1719463878707,239.95,50
1719463878707,239.95,50
1719463878707,239.95,50
1719463888203,238.75,25
1719463888203,238.75,25
1719463890488,238.55,25
1719463890488,238.55,25
1719463890488,238.55,25
1719463890488,238.55,25
1719463893737,238.8,25
1719463894191,238.8,25
1719463894560,239.15,25
1719463894560,239.15,25
1719463896557,240.5,25
1719463896557,240.5,25
1719463897461,241.1,25
1719463897461,241.1,25
1719463897461,241.1,25
1719463897461,241.1,25
1719463897461,241.1,25
1719463897461,241.1,25
1719463897461,241.1,25
1719463897461,241.1,25
1719463909915,238.65,25
1719463909915,238.65,25
1719463911355,238.1,25
1719463911355,238.1,25
1719463913095,237.95,300
1719463913095,237.95,300
1719463913409,237.95,25
1719463913409,237.95,25
1719463915382,238.1,175
1719463915756,238.35,25
1719463915756,238.35,25
1719463915756,238.35,25
1719463915756,238.35,25
1719463915756,238.35,25
1719463915756,238.35,25
1719463915756,238.35,25
1719463915756,238.35,25
1719463915756,238.35,25
1719463915756,238.35,25
1719463929220,239.7,100
1719463929220,239.7,100
1719463929220,239.7,100
1719463929220,239.7,100
1719463929220,239.7,100
1719463935499,235.8,50
1719463935499,235.8,50
1719463935499,235.8,50
1719463935499,235.8,50
1719463935499,235.8,50
1719463935499,235.8,50
1719463935499,235.8,50
1719463935499,235.8,50
1719463948404,239.2,25
1719463948404,239.2,25
1719463948404,239.2,25
1719463948404,239.2,25
1719463948404,239.2,25
1719463953111,239.6,25
1719463953111,239.6,25
1719463953111,239.6,25
1719463953111,239.6,25
1719463958460,240.45,50
1719463958460,240.45,50
1719463958460,240.45,50
1719463958460,240.45,50
1719463958460,240.45,50
1719463958460,240.45,50
1719463958460,240.45,50
1719463958460,240.45,50
1719463958460,240.45,50
1719463958460,240.45,50
1719463974267,241.05,100
1719463974267,241.05,100
1719463974267,241.05,100
1719463977251,240.7,25
1719463978324,240.7,100
1719463978324,240.7,100
1719463978324,240.7,100
1719463978324,240.7,100
1719463978324,240.7,100
1719463978324,240.7,100
1719463978324,240.7,100
1719463978324,240.7,100
1719463978324,240.7,100
1719463978324,240.7,100
1719463978324,240.7,100
1719463993615,241.0,25
1719463993615,241.0,25
1719463993615,241.0,25
1719463993615,241.0,25
1719463993615,241.0,25
1719464000323,241.2,50
1719464001051,242.1,50
1719464001051,242.1,50
1719464001051,242.1,50
1719464004392,241.8,50
1719464004392,241.8,50
1719464004392,241.8,50
1719464004392,241.8,50
1719464004392,241.8,50
1719464004392,241.8,50
1719464004392,241.8,50
1719464004392,241.8,50
1719464014416,242.65,50
1719464014416,242.65,50
1719464014416,242.65,50
1719464014416,242.65,50
1719464014416,242.65,50
1719464020933,241.0,125
1719464021382,240.75,100
1719464021382,240.75,100
1719464021382,240.75,100
1719464021382,240.75,100
1719464021382,240.75,100
1719464029782,241.55,100
1719464030317,241.6,100
1719464030317,241.6,100
1719464030317,241.6,100
1719464033003,242.05,25
1719464033387,242.75,75
1719464033387,242.75,75
1719464033387,242.75,75
1719464036091,242.9,100
1719464036091,242.9,100
1719464036091,242.9,100
1719464039450,243.45,100
1719464039450,243.45,100
1719464039450,243.45,100
1719464039450,243.45,100
1719464039450,243.45,100
1719464044852,244.5,25
1719464044852,244.5,25
1719464045626,243.6,150
1719464046865,244.6,25
1719464046865,244.6,25
1719464048295,244.4,25
1719464048707,244.4,25
1719464049078,244.35,25
1719464049872,244.4,25
1719464049872,244.4,25
1719464051666,244.7,25
1719464051666,244.7,25
1719464051666,244.7,25
1719464053938,244.3,25
1719464055363,243.0,25
1719464055369,242.9,25
1719464056087,243.35,50
1719464056772,241.95,200
1719464056772,241.95,200
1719464056772,241.95,200
1719464060693,244.4,25
1719464060997,244.3,25
1719464060997,244.3,25
1719464060997,244.3,25
1719464064442,245.0,25
1719464064442,245.0,25
1719464065830,244.1,100
1719464065830,244.1,100
1719464065830,244.1,100
1719464065830,244.1,100
1719464065830,244.1,100
1719464065830,244.1,100
1719464065830,244.1,100
1719464065830,244.1,100
1719464065830,244.1,100
1719464065830,244.1,100
1719464065830,244.1,100
1719464065830,244.1,100
1719464083290,245.6,25
1719464083290,245.6,25
1719464084375,246.0,450
1719464084375,246.0,450
1719464084375,246.0,450
1719464087874,246.2,25
1719464087942,246.2,50
1719464087942,246.2,50
1719464089148,246.2,50
1719464089940,245.5,50
1719464089940,245.5,50
1719464089940,245.5,50
1719464092798,244.1,25
1719464092798,244.1,25
1719464094522,242.35,50
1719464094522,242.35,50
1719464094522,242.35,50
1719464094522,242.35,50
1719464094522,242.35,50
1719464094522,242.35,50
1719464094522,242.35,50
1719464094522,242.35,50
1719464094522,242.35,50
1719464094522,242.35,50
1719464094522,242.35,50
1719464094522,242.35,50
1719464094522,242.35,50
1719464094522,242.35,50
1719464114079,244.5,25
1719464114079,244.5,25
1719464114079,244.5,25
1719464114079,244.5,25
1719464114079,244.5,25
1719464114079,244.5,25
1719464123781,243.95,25
1719464124332,243.8,25
1719464124332,243.8,25
1719464124332,243.8,25
1719464127149,244.0,25
1719464127776,243.3,25
1719464127776,243.3,25
1719464129805,243.4,50
1719464129805,243.4,50
1719464129805,243.4,50
1719464129805,243.4,50
1719464129805,243.4,50
1719464129805,243.4,50
1719464129805,243.4,50
1719464129805,243.4,50
1719464129805,243.4,50
1719464129805,243.4,50
1719464129805,243.4,50
1719464143983,244.4,25
1719464145174,243.1,50
1719464145174,243.1,50
1719464145174,243.1,50
1719464145174,243.1,50
1719464150334,244.2,25
1719464150334,244.2,25
1719464150878,243.2,100
1719464150878,243.2,100
1719464150878,243.2,100
1719464150878,243.2,100
1719464155849,244.8,100
1719464155849,244.8,100
1719464158126,244.95,100
1719464158126,244.95,100
1719464158126,244.95,100
1719464158126,244.95,100
1719464162849,244.65,25
1719464162849,244.65,25
1719464162849,244.65,25
1719464166752,244.35,25
1719464167135,244.65,25
1719464167171,244.45,25
1719464168152,244.65,25
1719464168518,244.8,25
1719464169030,244.35,25
1719464169030,244.35,25
1719464169030,244.35,25
1719464173408,243.2,25
1719464173408,243.2,25
1719464173408,243.2,25
1719464173408,243.2,25
1719464177292,244.35,75
1719464177292,244.35,75
1719464180331,243.7,125
1719464180331,243.7,125
1719464180331,243.7,125
1719464180331,243.7,125
1719464180331,243.7,125
1719464180331,243.7,125
1719464188289,244.0,25
1719464188289,244.0,25
1719464190200,244.4,100
1719464190200,244.4,100
1719464190200,244.4,100
1719464191495,244.8,25
1719464192063,244.6,100
1719464192063,244.6,100
1719464193672,245.15,25
1719464193672,245.15,25
1719464193672,245.15,25
1719464193672,245.15,25
1719464193672,245.15,25
1719464193672,245.15,25
1719464193672,245.15,25
1719464205369,244.4,100
1719464205505,244.45,25
1719464205838,244.2,50
1719464206481,244.5,25
1719464207380,244.2,100
1719464207380,244.2,100
1719464208944,244.65,25
1719464210196,243.3,225
1719464210440,243.3,25
1719464210440,243.3,25
1719464210440,243.3,25
1719464210440,243.3,25
1719464210440,243.3,25
1719464216609,243.65,75
1719464216609,243.65,75
1719464216609,243.65,75
1719464219074,241.45,25
1719464219553,241.65,25
1719464219553,241.65,25
1719464219553,241.65,25
1719464221594,241.1,25
1719464221594,241.1,25
1719464221594,241.1,25
1719464224569,241.8,75
1719464224826,241.05,25
1719464225420,241.45,50
1719464226068,240.0,25
1719464226068,240.0,25
1719464228803,239.0,100
1719464228803,239.0,100
1719464228803,239.0,100
1719464228803,239.0,100
1719464228803,239.0,100
1719464235253,238.9,75
1719464235253,238.9,75
1719464235980,238.8,25
1719464236930,239.05,25
1719464237364,238.4,25
1719464237364,238.4,25
1719464237364,238.4,25
1719464237364,238.4,25
1719464237364,238.4,25
1719464244601,238.5,25
1719464244601,238.5,25
1719464246752,237.05,50
1719464247020,236.0,75
1719464247020,236.0,75
1719464248306,234.35,25
1719464248306,234.35,25
1719464248306,234.35,25
1719464250774,233.05,25
1719464250774,233.05,25
1719464251257,232.35,50
1719464251950,234.25,150
1719464252764,234.05,25
1719464253346,232.95,150
1719464254243,232.1,50
1719464254243,232.1,50
1719464256599,233.05,75
1719464256792,234.0,300
1719464258839,231.8,25
1719464258839,231.8,25
1719464259719,232.15,25
1719464259719,232.15,25
1719464261927,233.0,25
1719464261927,233.0,25
1719464261927,233.0,25
1719464261927,233.0,25
1719464261927,233.0,25
1719464261927,233.0,25
1719464268928,232.8,25
1719464270647,232.9,75
1719464270647,232.9,75
1719464270647,232.9,75
1719464270647,232.9,75
1719464270647,232.9,75
1719464275811,233.85,25
1719464275937,233.0,50
1719464276895,232.8,25
1719464276895,232.8,25
1719464278185,233.9,25
1719464278185,233.9,25
1719464279953,235.0,150
1719464279953,235.0,150
1719464280859,234.1,250
1719464280859,234.1,250
1719464280859,234.1,250
1719464282345,232.3,150
1719464282345,232.3,150
1719464282345,232.3,150
1719464282345,232.3,150
1719464282345,232.3,150
1719464282345,232.3,150
1719464292202,231.0,100
1719464292202,231.0,100
1719464294966,231.45,75
1719464295380,231.9,25
1719464295380,231.9,25
1719464295380,231.9,25
1719464295380,231.9,25
1719464300213,231.6,75
1719464300213,231.6,75
1719464300213,231.6,75
1719464302811,231.85,25
1719464302811,231.85,25
1719464302811,231.85,25
1719464307191,232.35,75
1719464307191,232.35,75
1719464308422,232.25,75
1719464308604,231.35,50
1719464308604,231.35,50
1719464309609,231.0,50
1719464310381,229.65,25
1719464310942,230.75,25
1719464311005,230.05,25
1719464311662,230.85,25
1719464314080,230.15,25
1719464314080,230.15,25
1719464314295,229.0,25
1719464314295,229.0,25
1719464316215,229.1,150
1719464316215,229.1,150
1719464316215,229.1,150
1719464319773,229.0,25
1719464320034,229.75,25
1719464320034,229.75,25
1719464321644,228.35,25
1719464321644,228.35,25
1719464322564,229.35,25
1719464323960,228.7,50
1719464323960,228.7,50
1719464326709,229.15,25
1719464326709,229.15,25
1719464328278,231.05,100
1719464328278,231.05,100
1719464329995,233.0,25
1719464329995,233.0,25
1719464331773,231.4,25
1719464331773,231.4,25
1719464333414,230.5,25
1719464333702,230.35,25
1719464334226,230.2,25
1719464334226,230.2,25
1719464334226,230.2,25
1719464338396,230.9,25
1719464338396,230.9,25
1719464338396,230.9,25
1719464338396,230.9,25
1719464342293,231.0,25
1719464343517,231.4,50
1719464343517,231.4,50
1719464343517,231.4,50
1719464345953,231.55,25
1719464345953,231.55,25
1719464347831,230.2,50
1719464347831,230.2,50
1719464349644,230.95,25
1719464350086,231.0,25
1719464350423,230.45,25
1719464350926,231.3,25
1719464350926,231.3,25
1719464350926,231.3,25
1719464355348,231.5,25
1719464355348,231.5,25
1719464355348,231.5,25
1719464355348,231.5,25
1719464360344,230.55,75
1719464360344,230.55,75
1719464361435,230.0,25
1719464361435,230.0,25
1719464361435,230.0,25
1719464361435,230.0,25
1719464367395,230.85,250
1719464368819,230.9,100
1719464368819,230.9,100
1719464369333,231.1,25
1719464369333,231.1,25
1719464369333,231.1,25
1719464369333,231.1,25
1719464373364,231.1,25
1719464373364,231.1,25
1719464375049,230.1,25
1719464375049,230.1,25
1719464376776,230.95,75
1719464377442,230.95,25
1719464377442,230.95,25
1719464378053,231.1,900
1719464379174,231.25,225
1719464379174,231.25,225
1719464379174,231.25,225
1719464381428,230.7,100
1719464382179,231.4,100
1719464382179,231.4,100
1719464384059,231.85,675
1719464384185,231.75,50
1719464384952,231.8,75
1719464384952,231.8,75
1719464386227,232.45,25
1719464386581,232.45,250
1719464386581,232.45,250
1719464387992,232.55,25
1719464388492,232.3,100
1719464388492,232.3,100
1719464388492,232.3,100
1719464388492,232.3,100
1719464394080,231.15,25
1719464394080,231.15,25
1719464394676,232.1,25
1719464394676,232.1,25
1719464396105,231.45,50
1719464396105,231.45,50
1719464398068,231.0,50
1719464398068,231.0,50
1719464400875,231.55,25
1719464401956,232.25,50
1719464401956,232.25,50
1719464403006,232.65,75
1719464403314,232.2,50
1719464404199,232.25,25
1719464404819,231.15,25
1719464405793,230.85,25
1719464405911,230.6,25
1719464406720,230.4,25
1719464406720,230.4,25
1719464408973,231.15,25
1719464408973,231.15,25
1719464408973,231.15,25
1719464411965,231.65,75
1719464411965,231.65,75
1719464413355,232.15,50
1719464413355,232.15,50
1719464414446,231.9,25
1719464414446,231.9,25
1719464414446,231.9,25
1719464414446,231.9,25
1719464414446,231.9,25
1719464420985,231.95,100
1719464420985,231.95,100
1719464424127,231.95,50
1719464425001,231.9,100
1719464425786,231.65,100
1719464425786,231.65,100
1719464425786,231.65,100
1719464429299,231.55,25
1719464429864,231.65,550
1719464429864,231.65,550
1719464432250,230.9,25
1719464432250,230.9,25
1719464433891,231.65,50
1719464433891,231.65,50
1719464435546,230.4,250
1719464435546,230.4,250
1719464435546,230.4,250
1719464438043,230.0,25
1719464438043,230.0,25
1719464440486,229.95,25
1719464440486,229.95,25
1719464440486,229.95,25
1719464444135,231.45,50
1719464444135,231.45,50
1719464444135,231.45,50
1719464446055,230.45,100
1719464446055,230.45,100
1719464447923,231.65,100
1719464448919,231.0,25
1719464448919,231.0,25
1719464448919,231.0,25
1719464448919,231.0,25
1719464448919,231.0,25
1719464448919,231.0,25
1719464448919,231.0,25
1719464448919,231.0,25
1719464460871,232.0,100
1719464460871,232.0,100
1719464463095,233.2,100
1719464463342,233.5,150
1719464463342,233.5,150
1719464463342,233.5,150
1719464463342,233.5,150
1719464463342,233.5,150
1719464463342,233.5,150
1719464463342,233.5,150
1719464474034,231.4,25
1719464474261,231.35,125
1719464474261,231.35,125
1719464474261,231.35,125
1719464474261,231.35,125
1719464474261,231.35,125
1719464480310,232.5,25
1719464480310,232.5,25
1719464482003,233.65,75
1719464482211,232.9,75
1719464482211,232.9,75
1719464482211,232.9,75
1719464485115,232.55,25
1719464485893,232.85,25
1719464487357,232.45,125
1719464488952,233.05,25
1719464488952,233.05,25
1719464488952,233.05,25
1719464488952,233.05,25
1719464488952,233.05,25
1719464488952,233.05,25
1719464494926,233.0,100
1719464495256,233.25,125
1719464495913,232.75,75
1719464495913,232.75,75
1719464496765,232.15,25
1719464496765,232.15,25
1719464499147,232.4,25
1719464499147,232.4,25
1719464499473,232.0,25
1719464499473,232.0,25
1719464501528,231.3,50
1719464502301,231.55,50
1719464502301,231.55,50
1719464504064,231.55,25
1719464504064,231.55,25
1719464504064,231.55,25
1719464506111,232.9,100
1719464506205,232.95,150
1719464506205,232.95,150
1719464506205,232.95,150
1719464509618,232.95,100
1719464509618,232.95,100
1719464509618,232.95,100
1719464509618,232.95,100
1719464515894,233.35,75
1719464515894,233.35,75
1719464516667,233.05,200
1719464516667,233.05,200
1719464517781,233.15,25
1719464518311,233.15,125
1719464518311,233.15,125
1719464518311,233.15,125
1719464522002,233.5,100
1719464522656,234.75,25
1719464523967,235.1,75
1719464523967,235.1,75
1719464525097,234.45,100
1719464525541,233.9,50
1719464525541,233.9,50
1719464525541,233.9,50
1719464525541,233.9,50
1719464525541,233.9,50
1719464531527,233.9,25
1719464531527,233.9,25
1719464531527,233.9,25
1719464531527,233.9,25
1719464531527,233.9,25
1719464538254,234.4,75
1719464538254,234.4,75
1719464538254,234.4,75
1719464538254,234.4,75
1719464543059,235.4,25
1719464543059,235.4,25
1719464545909,236.45,25
1719464545909,236.45,25
1719464545909,236.45,25
1719464545909,236.45,25
1719464549568,235.95,50
1719464550701,237.1,150
1719464550701,237.1,150
1719464550701,237.1,150
1719464551959,237.1,75
1719464551959,237.1,75
1719464551959,237.1,75
1719464551959,237.1,75
1719464556196,235.4,25
1719464556196,235.4,25
1719464556196,235.4,25
1719464556196,235.4,25
1719464556196,235.4,25
1719464563009,235.75,25
1719464563658,236.45,50
1719464563658,236.45,50
1719464565182,236.9,100
1719464565361,237.1,100
1719464566031,236.45,25
1719464566193,236.25,100
1719464566485,236.4,100
1719464566485,236.4,100
1719464568289,237.25,25
1719464569297,236.6,100
1719464570475,236.55,100
1719464570637,236.5,75
1719464570637,236.5,75
1719464572150,236.0,100
1719464572465,236.95,250
1719464573412,236.25,100
1719464574296,236.4,25
1719464574859,236.05,75
1719464575907,236.95,50
1719464576470,237.5,50
1719464576966,236.65,100
1719464577750,236.3,75
1719464578070,236.45,75
1719464578070,236.45,75
1719464580746,236.85,25
1719464580746,236.85,25
1719464580746,236.85,25
1719464581780,237.3,75
1719464581780,237.3,75
1719464582891,236.8,25
1719464584402,237.1,25
1719464584402,237.1,25
1719464584402,237.1,25
1719464588853,238.35,75
1719464588853,238.35,75
1719464590852,239.85,125
1719464591120,240.55,25
1719464591999,241.0,25
1719464592559,241.3,125
1719464593370,241.35,175
1719464594276,241.25,75
1719464594276,241.25,75
1719464594276,241.25,75
1719464597189,240.45,25
1719464597189,240.45,25
1719464597189,240.45,25
1719464599681,243.0,1800
1719464600965,244.0,200
1719464601462,246.0,100
1719464602237,247.0,25
1719464603420,246.85,200
1719464604373,247.1,200
1719464604373,247.1,200
1719464604815,246.85,25
1719464604815,246.85,25
1719464606380,246.8,175
1719464607399,252.0,25
1719464607399,252.0,25
1719464608300,250.8,225
1719464609383,252.35,50
1719464610510,254.7,25
1719464610913,254.5,50
1719464611672,257.65,300
1719464611883,260.0,50
1719464611883,260.0,50
1719464611883,260.0,50
1719464612364,262.15,225
1719464612364,262.15,225
1719464612906,270.0,125
1719464612906,270.0,125
1719464613311,276.75,75
1719464613698,279.55,100
1719464613698,279.55,100
1719464619000,262.8,200
1719464615022,273.85,25
1719464616644,268.5,50
1719464616644,268.5,50
1719464618258,265.8,100
1719464622168,261.9,25
1719464622815,261.1,25
1719464623361,259.9,100
1719464624374,259.9,100
1719464624472,258.8,100
1719464625245,258.15,125
1719464625916,258.9,25
1719464626347,259.35,175
1719464627779,260.45,25
1719464627779,260.45,25
1719464628396,258.85,100
1719464629281,256.45,50
1719464629598,257.05,175
1719464630141,256.65,25
1719464630141,256.65,25
1719464631325,257.25,150
1719464632552,258.35,25
1719464632798,258.55,25
1719464633446,259.25,125
1719464633446,259.25,125
1719464634761,262.0,25
1719464635344,262.25,75
1719464635990,263.65,25
1719464636208,265.3,150
1719464637619,266.4,100
1719464637619,266.4,100
1719464638560,264.5,100
1719464638709,265.55,25
1719464639684,263.1,25
1719464640326,263.25,100
1719464640326,263.25,100
1719464640326,263.25,100
1719464641294,265.0,100
1719464642825,263.35,200
1719464643394,262.9,25
1719464643492,263.6,125
1719464643492,263.6,125
1719464646633,261.2,75
1719464647022,259.4,125
1719464647853,259.85,25
1719464648124,259.2,25
1719464648965,259.75,25
1719464649555,259.85,25
1719464650238,261.1,25
1719464650619,261.3,25
1719464650619,261.3,25
1719464652823,261.1,25
1719464652823,261.1,25
1719464653216,261.6,100
1719464654281,264.2,25
1719464654281,264.2,25
1719464656012,262.95,75
1719464656012,262.95,75
1719464656351,262.8,25
1719464656351,262.8,25
1719464659349,261.1,100
1719464659349,261.1,100
1719464660373,258.5,150
1719464660373,258.5,150
1719464661817,259.45,125
1719464662836,260.1,25
1719464663065,261.5,25
1719464664365,262.8,100
1719464664365,262.8,100
1719464665504,263.1,250
1719464665504,263.1,250
1719464666635,262.05,25
1719464667758,261.65,25
1719464667758,261.65,25
1719464668318,262.95,75
1719464669508,263.4,25
1719464670453,261.7,25
1719464670720,260.5,25
1719464671021,260.35,25
1719464671379,260.65,25
1719464672436,259.85,25
1719464672436,259.85,25
1719464672436,259.85,25
1719464672436,259.85,25
1719464677253,260.6,25
1719464677253,260.6,25
1719464677253,260.6,25
1719464680005,260.9,100
1719464680327,261.9,25
1719464681208,263.0,25
1719464681208,263.0,25
1719464681208,263.0,25
1719464684398,260.85,150
1719464684722,260.95,25
1719464685976,260.45,75
1719464685976,260.45,75
1719464687218,261.3,25
1719464687218,261.3,25
1719464687941,263.15,25
1719464687941,263.15,25
1719464689780,261.75,25
1719464691127,263.35,75
1719464691127,263.35,75
1719464691127,263.35,75
1719464695444,267.15,300
1719464695444,267.15,300
1719464697368,267.55,25
1719464697764,266.9,100
1719464698565,267.65,50
1719464699079,269.0,25
1719464699710,270.0,25
1719464700446,270.55,25
1719464700446,270.55,25
1719464700446,270.55,25
1719464701980,273.3,100
1719464702414,273.5,100
1719464702414,273.5,100
1719464703553,273.8,50
1719464704527,274.7,25
1719464704527,274.7,25
1719464705653,272.35,125
1719464706244,271.65,50
1719464706244,271.65,50
1719464707412,271.7,25
1719464707601,270.75,100
1719464707601,270.75,100
1719464708640,270.05,75
1719464710321,268.8,25
1719464710818,268.15,25
1719464711610,268.85,100
1719464711990,268.05,225
1719464712701,267.8,25
1719464713174,268.9,25
1719464714266,268.15,50
1719464714266,268.15,50
1719464715418,265.65,25
1719464715919,265.2,25
1719464716573,264.95,50
1719464717649,267.0,100
1719464717649,267.0,100
1719464718620,266.5,25
1719464719178,266.15,25
1719464719178,266.15,25
1719464721392,267.35,75
1719464721392,267.35,75
1719464723810,269.6,25
1719464724008,269.8,200
1719464724008,269.8,200
1719464725366,268.5,75
1719464725568,268.7,25
1719464725568,268.7,25
1719464727253,269.4,25
1719464727943,269.75,25
1719464728024,269.75,50
1719464729329,271.05,25
1719464729329,271.05,25
1719464729329,271.05,25
1719464729329,271.05,25
1719464732438,269.25,25
1719464732438,269.25,25
1719464733104,267.9,50
1719464733104,267.9,50
1719464734977,267.15,100
1719464735397,267.95,50
1719464735397,267.95,50
1719464736546,268.3,50
1719464736546,268.3,50
1719464738242,267.0,100
1719464738432,266.95,25
1719464738870,266.7,25
1719464738870,266.7,25
1719464740102,267.5,125
1719464740570,267.75,25
1719464741594,265.95,25
1719464742303,266.85,100
1719464742303,266.85,100
1719464743832,266.6,150
1719464744061,266.8,100
1719464744061,266.8,100
1719464745237,266.8,25
1719464745237,266.8,25
1719464746470,267.05,50
1719464747319,265.55,150
1719464747319,265.55,150
1719464748892,266.15,25
1719464749408,264.3,25
1719464749408,264.3,25
1719464749408,264.3,25
1719464752904,263.85,75
1719464752904,263.85,75
1719464752904,263.85,75
1719464755439,263.75,25
1719464755936,262.35,25
1719464756469,261.25,25
1719464757051,260.0,25
1719464757666,260.55,100
1719464757666,260.55,100
1719464759109,261.3,50
1719464759109,261.3,50
1719464760505,260.9,50
1719464760745,261.25,25
1719464761012,261.95,50
1719464761012,261.95,50
1719464762415,263.55,25
1719464762794,264.35,25
1719464763340,263.45,25
1719464763340,263.45,25
1719464763340,263.45,25
1719464763340,263.45,25
1719464763340,263.45,25
1719464763340,263.45,25
1719464763340,263.45,25
1719464773363,261.65,25
1719464774595,263.45,25
1719464774595,263.45,25
1719464774595,263.45,25
1719464774595,263.45,25
1719464779141,265.0,25
1719464779141,265.0,25
1719464780876,264.4,25
1719464780876,264.4,25
1719464780876,264.4,25
1719464783744,264.6,50
1719464783744,264.6,50
1719464783744,264.6,50
1719464786775,260.6,175
1719464787061,260.0,25
1719464787061,260.0,25
1719464788469,259.9,125
1719464788469,259.9,125
1719464790258,260.5,100
1719464790258,260.5,100
1719464791019,261.1,225
1719464791019,261.1,225
1719464791695,262.75,175
1719464792804,265.0,25
1719464792926,264.7,25
1719464792926,264.7,25
1719464792926,264.7,25
1719464792926,264.7,25
1719464792926,264.7,25
1719464799864,262.15,50
1719464799864,262.15,50
1719464799864,262.15,50
1719464803274,261.2,25
1719464803274,261.2,25
1719464804963,263.85,225
1719464804963,263.85,225
1719464804963,263.85,225
1719464804963,263.85,225
1719464810279,262.05,25
1719464811236,263.1,25
1719464811236,263.1,25
1719464813514,264.55,25
1719464813514,264.55,25
1719464814828,262.9,150
1719464814828,262.9,150
1719464814828,262.9,150
1719464814828,262.9,150
1719464814828,262.9,150
1719464814828,262.9,150
1719464822494,261.3,200
1719464822821,262.2,50
1719464823394,262.05,75
1719464823935,263.0,25
1719464825504,263.95,125
1719464826303,264.3,25
1719464826303,264.3,25
1719464826713,265.1,25
1719464826713,265.1,25
1719464828898,263.3,200
1719464829081,261.85,25
1719464829081,261.85,25
1719464830526,260.0,25
1719464831026,258.2,100
1719464831225,258.0,150
1719464832383,258.2,50
1719464832383,258.2,50
1719464833487,258.35,125
1719464833487,258.35,125
1719464835563,259.8,175
1719464835563,259.8,175
1719464835563,259.8,175
1719464838983,259.65,25
1719464838983,259.65,25
1719464838983,259.65,25
1719464841267,258.55,100
1719464841267,258.55,100
1719464843011,258.5,25
1719464843655,257.55,125
1719464844125,257.9,75
1719464844125,257.9,75
1719464845714,257.45,100
1719464845714,257.45,100
1719464846958,256.8,275
1719464846958,256.8,275
1719464848931,257.4,125
1719464848931,257.4,125
1719464848931,257.4,125
1719464848931,257.4,125
1719464848931,257.4,125
1719464854071,256.55,125
1719464854071,256.55,125
1719464854071,256.55,125
1719464856682,256.0,50
1719464857354,254.9,25
1719464857772,254.0,25
1719464857772,254.0,25
1719464859295,255.05,75
1719464859295,255.05,75
1719464860624,255.1,50
1719464860624,255.1,50
1719464860624,255.1,50
1719464860624,255.1,50
1719464864549,258.85,25
1719464865570,257.5,25
1719464865570,257.5,25
1719464865570,257.5,25
1719464865570,257.5,25
1719464865570,257.5,25
1719464871830,255.35,75
1719464871830,255.35,75
1719464871830,255.35,75
1719464874874,255.3,25
1719464875720,255.5,150
1719464875973,255.5,875
1719464876628,254.05,100
1719464876628,254.05,100
1719464879298,256.3,100
1719464879298,256.3,100
1719464879298,256.3,100
1719464881090,257.5,25
1719464882168,257.05,100
1719464882168,257.05,100
1719464882168,257.05,100
1719464884514,257.5,50
1719464884514,257.5,50
1719464884514,257.5,50
1719464889113,257.55,25
1719464889302,257.5,25
1719464889302,257.5,25
1719464890650,257.45,25
1719464890650,257.45,25
1719464892660,260.85,50
1719464892660,260.85,50
1719464895843,260.25,25
1719464895843,260.25,25
1719464895843,260.25,25
1719464899286,260.65,25
1719464901097,262.0,25
1719464901097,262.0,25
1719464901097,262.0,25
1719464903276,260.2,25
1719464904287,259.1,25
1719464904287,259.1,25
1719464904615,257.6,25
1719464905485,256.9,25
1719464905930,255.75,25
1719464906508,255.0,50
1719464907557,255.85,25
1719464907557,255.85,25
1719464908511,256.05,25
1719464909200,256.55,25
1719464909512,256.2,25
1719464910982,252.3,25
1719464911182,252.8,25
1719464911754,253.7,25
1719464912358,253.1,25
1719464912358,253.1,25
1719464913485,253.4,25
1719464914280,253.25,25
1719464914280,253.25,25
1719464917651,257.05,25
1719464918562,256.15,25
1719464918562,256.15,25
1719464919750,255.25,25
1719464920482,254.6,25
1719464920482,254.6,25
1719464920482,254.6,25
1719464920482,254.6,25
1719464920482,254.6,25
1719464920482,254.6,25
1719464929493,257.05,100
1719464929493,257.05,100
1719464929493,257.05,100
1719464934208,258.7,50
1719464934208,258.7,50
1719464934208,258.7,50
1719464937269,259.75,25
1719464937269,259.75,25
1719464938869,258.85,75
1719464939272,257.35,25
1719464939272,257.35,25
1719464939272,257.35,25
1719464941880,256.0,25
1719464942759,256.5,100
1719464942759,256.5,100
1719464942759,256.5,100
1719464942759,256.5,100
1719464947508,257.8,175
1719464947508,257.8,175
1719464947508,257.8,175
1719464949771,259.65,150
1719464949771,259.65,150
1719464952347,261.8,50
1719464952347,261.8,50
1719464952347,261.8,50
1719464956277,259.25,25
1719464957925,258.0,25
1719464957925,258.0,25
1719464957925,258.0,25
1719464957925,258.0,25
1719464961878,259.65,25
1719464962433,259.35,25
1719464962433,259.35,25
1719464964227,260.3,75
1719464964227,260.3,75
1719464964227,260.3,75
1719464964227,260.3,75
1719464969518,260.0,50
1719464969518,260.0,50
1719464970128,260.4,50
1719464970698,261.05,50
1719464970698,261.05,50
1719464970698,261.05,50
1719464970698,261.05,50
1719464974284,259.35,25
1719464974284,259.35,25
1719464975932,260.45,50
1719464975932,260.45,50
1719464976795,260.2,50
1719464976795,260.2,50
1719464978093,260.8,25
1719464979635,260.6,50
1719464980456,260.7,25
1719464980456,260.7,25
1719464980456,260.7,25
1719464982989,260.0,25
1719464983607,260.6,25
1719464983862,260.75,25
1719464983862,260.75,25
1719464983862,260.75,25
1719464983862,260.75,25
1719464988323,260.75,100
1719464989073,260.25,125
1719464989656,262.0,100
1719464989990,260.95,50
1719464991085,261.95,25
1719464991085,261.95,25
1719464992498,262.2,50
1719464992672,262.5,25
1719464992672,262.5,25
1719464994750,261.0,125
1719464994750,261.0,125
1719464995418,260.95,75
1719464995418,260.95,75
1719464997612,261.45,75
1719464997612,261.45,75
1719464998864,261.25,25
1719464998864,261.25,25
1719465000266,260.5,100
1719465000266,260.5,100
1719465000266,260.5,100
1719465000266,260.5,100
1719465003289,261.0,50
1719465003289,261.0,50
1719465003289,261.0,50
1719465007537,260.4,50
1719465007537,260.4,50
1719465009505,260.45,175
1719465009825,261.75,75
1719465009848,261.35,75
1719465009848,261.35,75
1719465009848,261.35,75
1719465009848,261.35,75
1719465015286,262.4,125
1719465015286,262.4,125
1719465015286,262.4,125
1719465020188,260.1,250
1719465023120,263.75,150
1719465023120,263.75,150
1719465024611,265.0,25
1719465024611,265.0,25
1719465027290,265.35,125
1719465027450,264.75,75
1719465027882,263.55,175
1719465028459,262.55,100
1719465028459,262.55,100
1719465028459,262.55,100
1719465031332,262.25,25
1719465031332,262.25,25
1719465031332,262.25,25
1719465035766,260.45,25
1719465035766,260.45,25
1719465036549,259.9,75
1719465036549,259.9,75
1719465036549,259.9,75
1719465040312,261.0,25
1719465040312,261.0,25
1719465041550,261.65,50
1719465041550,261.65,50
1719465041550,261.65,50
1719465046473,261.5,25
1719465046625,260.9,25
1719465046625,260.9,25
1719465046625,260.9,25
1719465046625,260.9,25
1719465051928,259.6,25
1719465052086,260.5,125
1719465052086,260.5,125
1719465054061,258.15,25
1719465054061,258.15,25
1719465055784,260.5,100
1719465056371,260.9,125
1719465056371,260.9,125
1719465057826,263.5,25
1719465057826,263.5,25
1719465057826,263.5,25
1719465059736,265.75,25
1719465059736,265.75,25
1719465059736,265.75,25
1719465059736,265.75,25
1719465063351,264.75,75
1719465063351,264.75,75
1719465063351,264.75,75
1719465063351,264.75,75
1719465069405,265.05,25
1719465069405,265.05,25
1719465070615,265.4,100
1719465070615,265.4,100
1719465072595,265.05,75
1719465072595,265.05,75
1719465072595,265.05,75
1719465072595,265.05,75
1719465077019,265.1,25
1719465077019,265.1,25
1719465079942,263.0,75
1719465079942,263.0,75
1719465082263,264.05,75
1719465082263,264.05,75
1719465082263,264.05,75
1719465086610,264.95,75
1719465086610,264.95,75
1719465086610,264.95,75
1719465090437,265.45,25
1719465090437,265.45,25
1719465090437,265.45,25
1719465090437,265.45,25
1719465093397,267.0,25
1719465093397,267.0,25
1719465093397,267.0,25
1719465093397,267.0,25
1719465098885,266.8,50
1719465099251,268.0,50
1719465099251,268.0,50
1719465099251,268.0,50
1719465101862,269.15,50
1719465103385,270.0,25
1719465103581,269.45,25
1719465103581,269.45,25
1719465103581,269.45,25
1719465103581,269.45,25
1719465108730,268.25,100
1719465108730,268.25,100
1719465111471,267.0,125
1719465111471,267.0,125
1719465112050,268.0,100
1719465113076,270.0,25
1719465113635,268.6,100
1719465113646,268.5,100
1719465113646,268.5,100
1719465115051,269.8,50
1719465115051,269.8,50
1719465118128,270.0,50
1719465118128,270.0,50
1719465118128,270.0,50
1719465118128,270.0,50
1719465118128,270.0,50
1719465118128,270.0,50
1719465124646,266.0,100
1719465124646,266.0,100
1719465125220,266.8,50
1719465125220,266.8,50
1719465125220,266.8,50
1719465125220,266.8,50
1719465125220,266.8,50
1719465131970,269.05,25
1719465131970,269.05,25
1719465134624,267.75,25
1719465134624,267.75,25
1719465134624,267.75,25
1719465136915,268.75,25
1719465136915,268.75,25
1719465136915,268.75,25
1719465136915,268.75,25
1719465136915,268.75,25
1719465136915,268.75,25
1719465136915,268.75,25
1719465136915,268.75,25
1719465136915,268.75,25
1719465136915,268.75,25
1719465136915,268.75,25
1719465136915,268.75,25
1719465136915,268.75,25
1719465155704,265.65,25
1719465155704,265.65,25
1719465155704,265.65,25
1719465155704,265.65,25
1719465155704,265.65,25
1719465155704,265.65,25
1719465155704,265.65,25
1719465165306,264.25,25
1719465165306,264.25,25
1719465165306,264.25,25
1719465165306,264.25,25
1719465165306,264.25,25
1719465173448,267.4,50
1719465173448,267.4,50
1719465173448,267.4,50
1719465177002,267.15,100
1719465177002,267.15,100
1719465177002,267.15,100
1719465177002,267.15,100
1719465177002,267.15,100
1719465177002,267.15,100
1719465177002,267.15,100
1719465185874,266.05,75
1719465185874,266.05,75
1719465185874,266.05,75
1719465185874,266.05,75
1719465192310,265.95,25
1719465192310,265.95,25
1719465193467,265.0,25
1719465194240,265.95,25
1719465194240,265.95,25
1719465194240,265.95,25
1719465194240,265.95,25
1719465198615,267.0,25
1719465199312,267.35,25
1719465199312,267.35,25
1719465199312,267.35,25
1719465201680,269.5,200
1719465202691,271.0,50
1719465203304,273.0,50
1719465203472,272.9,75
1719465204466,272.6,100
1719465204466,272.6,100
1719465207924,274.0,50
1719465208156,273.9,25
1719465208156,273.9,25
1719465208156,273.9,25
1719465208156,273.9,25
1719465211007,271.65,25
1719465211007,271.65,25
1719465211826,272.75,25
1719465212562,273.9,50
1719465213321,277.25,25
1719465213627,276.55,75
1719465213627,276.55,75
1719465215177,277.1,25
1719465215532,277.8,25
1719465216159,284.0,25
1719465216159,284.0,25
1719465216707,286.1,50
1719465218032,285.25,50
1719465218797,284.3,125
1719465218797,284.3,125
1719465220555,287.95,100
1719465221522,290.75,25
1719465221522,290.75,25
1719465221958,287.7,25
1719465223057,286.85,25
1719465223057,286.85,25
1719465224646,288.2,300
1719465225767,286.85,100
1719465226102,287.5,675
1719465226772,288.4,25
1719465227956,292.0,100
1719465228251,293.9,100
1719465228399,293.65,175
1719465228938,300.9,50
1719465229181,300.85,25
1719465231009,293.2,100
1719465231414,290.85,25
1719465231768,293.45,25
1719465232393,289.8,25
1719465232393,289.8,25
1719465233916,292.25,25
1719465234445,291.2,25
1719465234892,291.65,125
1719465235637,293.65,100
1719465235637,293.65,100
1719465235637,293.65,100
1719465238381,296.85,25
1719465239074,297.85,25
1719465239074,297.85,25
1719465240017,297.5,25
1719465240551,300.0,50
1719465241501,303.55,25
1719465241827,302.1,75
1719465242837,300.05,25
1719465243230,301.45,25
1719465243568,300.15,25
1719465244469,299.05,25
1719465244469,299.05,25
1719465246311,299.45,50
1719465246311,299.45,50
1719465247271,298.2,50
1719465248229,297.0,125
1719465248592,297.75,25
1719465248883,297.3,75
1719465249764,299.35,50
1719465250000,299.85,75
1719465250000,299.85,75
1719465251459,300.05,75
1719465252661,301.45,100
1719465253607,305.2,25
1719465253632,304.4,50
1719465254304,302.35,50
1719465254304,302.35,50
1719465255346,301.85,50
1719465256793,300.0,100
1719465257822,299.75,25
1719465257967,299.7,75
1719465259078,301.5,150
1719465259078,301.5,150
1719465261376,301.1,100
1719465261572,302.3,25
1719465261572,302.3,25
1719465262640,300.05,50
1719465263479,302.4,100
1719465263479,302.4,100
1719465264988,301.0,25
1719465264988,301.0,25
1719465265506,300.45,25
1719465266719,298.4,100
1719465267435,298.2,25
1719465267435,298.2,25
1719465269355,299.45,125
1719465269355,299.45,125
1719465270263,303.15,100
1719465270625,304.6,25
1719465270625,304.6,25
1719465271544,304.25,100
1719465271544,304.25,100
1719465272435,304.45,25
1719465272435,304.45,25
1719465274190,305.55,25
1719465274190,305.55,25
1719465275840,303.05,25
1719465276134,304.35,25
1719465276134,304.35,25
1719465277758,302.3,125
1719465278578,303.6,50
1719465278923,303.15,75
1719465278923,303.15,75
1719465281019,304.15,200
1719465281534,301.85,125
1719465281534,301.85,125
1719465282000,301.6,25
1719465283561,299.05,25
1719465283561,299.05,25
1719465284903,301.55,25
1719465284903,301.55,25
1719465285544,302.45,25
1719465285544,302.45,25
1719465286952,301.55,125
1719465287713,300.15,75
1719465288464,299.55,125
1719465289535,300.8,25
1719465289967,301.45,50
1719465290444,302.4,25
1719465291597,301.35,25
1719465291597,301.35,25
1719465292878,300.1,25
1719465293393,299.85,25
1719465293708,299.45,25
1719465294843,299.35,75
1719465294843,299.35,75
1719465295452,300.1,25
1719465295452,300.1,25
1719465296951,299.05,25
1719465297438,300.45,75
1719465297438,300.45,75
1719465299214,300.65,50
1719465299618,300.65,25
1719465299618,300.65,25
1719465299618,300.65,25
1719465301535,303.6,100
1719465301535,303.6,100
1719465302331,303.75,75
1719465303119,305.0,50
1719465303119,305.0,50
1719465305158,307.1,50
1719465305376,307.2,25
1719465306710,310.25,25
1719465307715,308.8,75
1719465308096,308.55,75
1719465308096,308.55,75
1719465308096,308.55,75
1719465311312,310.05,25
1719465311312,310.05,25
1719465312013,311.0,25
1719465312806,310.05,25
1719465313153,310.0,50
1719465313689,309.25,25
1719465314626,309.6,75
1719465314959,308.65,100
1719465315653,308.0,25
1719465316791,308.05,50
1719465316791,308.05,50
1719465317425,305.85,25
1719465317425,305.85,25
1719465317425,305.85,25
1719465320469,306.8,75
1719465321215,306.25,25
1719465321215,306.25,25
1719465322121,305.9,200
1719465323386,307.75,25
1719465323386,307.75,25
1719465324098,307.45,75
1719465324830,306.35,75
1719465325269,306.05,25
1719465325332,304.6,25
1719465325332,304.6,25
1719465327204,306.75,50
1719465327204,306.75,50
1719465328760,308.4,50
1719465328760,308.4,50
1719465330551,305.0,25
1719465330551,305.0,25
1719465331830,303.15,25
1719465332530,306.9,25
1719465332530,306.9,25
1719465332530,306.9,25
1719465332530,306.9,25
1719465337046,305.0,50
1719465337587,306.8,75
1719465338132,308.75,25
1719465338832,308.8,100
1719465339926,311.8,100
1719465340293,311.3,25
1719465340847,309.95,75
1719465341178,307.85,50
1719465341178,307.85,50
1719465342983,306.0,325
1719465342983,306.0,325
1719465342983,306.0,325
1719465346385,302.5,25
1719465346804,302.45,25
1719465346804,302.45,25
1719465346804,302.45,25
1719465349153,302.75,75
1719465349413,302.6,75
1719465349413,302.6,75
1719465350802,300.3,25
1719465351561,300.55,100
1719465352670,301.55,100
1719465352670,301.55,100
1719465352670,301.55,100
1719465352670,301.55,100
1719465357814,304.75,25
1719465357814,304.75,25
1719465358921,305.05,100
1719465360333,304.2,25
1719465360333,304.2,25
1719465360333,304.2,25
1719465360333,304.2,25
1719465361967,306.0,100
1719465363539,305.85,100
1719465363539,305.85,100
1719465363984,304.15,50
1719465365216,302.6,50
1719465365216,302.6,50
1719465366320,303.2,25
1719465367150,302.0,25
1719465367150,302.0,25
1719465367150,302.0,25
1719465367150,302.0,25
1719465367150,302.0,25
1719465374239,300.35,25
1719465374239,300.35,25
1719465376494,300.0,25
1719465376494,300.0,25
1719465377844,301.65,75
1719465377995,300.75,225
1719465379036,299.95,50
1719465379036,299.95,50
1719465379036,299.95,50
1719465382683,300.45,175
1719465383027,298.0,25
1719465383027,298.0,25
1719465385312,297.7,75
1719465385793,297.65,25
1719465386931,297.75,75
1719465387056,298.95,25
1719465387056,298.95,25
1719465388393,297.9,25
1719465388393,297.9,25
1719465389835,298.85,25
1719465390044,299.9,25
1719465390044,299.9,25
1719465390044,299.9,25
1719465391483,302.5,25
1719465391483,302.5,25
1719465392703,304.2,50
1719465393480,305.65,75
1719465393997,305.0,25
1719465393997,305.0,25
1719465395984,304.1,25
1719465397082,304.0,25
1719465397916,302.35,25
1719465397916,302.35,25
1719465397916,302.35,25
1719465400459,300.75,25
1719465400459,300.75,25
1719465402743,300.0,50
1719465402743,300.0,50
1719465402743,300.0,50
1719465402743,300.0,50
1719465408078,301.0,50
1719465408078,301.0,50
1719465408078,301.0,50
1719465408078,301.0,50
1719465408078,301.0,50
1719465414020,300.2,25
1719465414666,299.35,75
1719465414666,299.35,75
1719465415445,300.35,25
1719465415445,300.35,25
1719465415445,300.35,25
1719465419303,300.75,25
1719465419303,300.75,25
1719465419303,300.75,25
1719465421284,302.65,25
1719465421284,302.65,25
1719465421284,302.65,25
1719465424700,303.25,75
1719465424700,303.25,75
1719465425858,303.15,75
1719465426862,303.25,75
1719465426862,303.25,75
1719465428114,302.65,75
1719465428114,302.65,75
1719465429809,304.45,75
1719465430086,305.0,50
1719465430477,304.0,25
1719465430477,304.0,25
1719465432461,300.2,75
1719465432461,300.2,75
1719465434904,300.55,25
1719465434904,300.55,25
1719465435881,301.45,75
1719465435881,301.45,75
1719465438318,302.5,25
1719465438514,303.15,50
1719465438514,303.15,50
1719465438514,303.15,50
1719465438514,303.15,50
1719465442843,304.7,75
1719465443455,304.5,75
1719465443796,304.95,25
1719465443796,304.95,25
1719465443796,304.95,25
1719465443796,304.95,25
1719465443796,304.95,25
1719465443796,304.95,25
1719465451895,305.05,25
1719465451895,305.05,25
1719465451895,305.05,25
1719465451895,305.05,25
1719465456875,302.5,25
1719465456875,302.5,25
1719465457214,302.6,25
1719465457214,302.6,25
1719465459306,305.55,50
1719465459981,306.0,250
1719465460007,306.55,75
1719465460007,306.55,75
1719465460007,306.55,75
1719465460007,306.55,75
1719465460007,306.55,75
1719465460007,306.55,75
1719465460007,306.55,75
1719465470397,305.45,25
1719465471519,306.5,25
1719465471519,306.5,25
1719465471519,306.5,25
1719465475314,306.75,25
1719465475375,307.75,50
1719465475375,307.75,50
1719465475375,307.75,50
1719465475375,307.75,50
1719465478964,306.25,25
1719465479787,307.35,25
1719465479787,307.35,25
1719465479787,307.35,25
1719465479787,307.35,25
1719465479787,307.35,25
1719465483873,304.3,25
1719465484544,305.25,25
1719465484544,305.25,25
1719465484544,305.25,25
1719465484544,305.25,25
1719465488863,308.9,50
1719465489689,307.05,25
1719465490087,307.35,25
1719465490614,307.35,275
1719465490614,307.35,275
1719465492303,305.1,100
1719465492576,306.35,25
1719465493062,306.5,25
1719465493837,305.25,25
1719465494435,305.4,25
1719465495220,305.25,25
1719465495722,304.85,25
1719465495722,304.85,25
1719465495722,304.85,25
1719465495722,304.85,25
1719465501951,304.8,25
1719465501951,304.8,25
1719465503115,304.85,75
1719465503115,304.85,75
1719465503770,303.8,25
1719465504087,303.75,75
1719465504845,303.75,25
1719465504845,303.75,25
1719465504845,303.75,25
1719465504845,303.75,25
1719465504845,303.75,25
1719465504845,303.75,25
1719465511720,306.25,25
1719465511720,306.25,25
1719465511720,306.25,25
1719465511720,306.25,25
1719465511720,306.25,25
1719465511720,306.25,25
1719465511720,306.25,25
1719465511720,306.25,25
1719465511720,306.25,25
1719465511720,306.25,25
1719465511720,306.25,25
1719465527525,303.25,25
1719465528792,303.35,25
1719465528796,303.5,25
1719465528796,303.5,25
1719465531239,304.1,25
1719465531479,304.15,25
1719465531479,304.15,25
1719465532782,304.45,25
1719465532782,304.45,25
1719465534517,305.6,25
1719465534517,305.6,25
1719465535693,307.1,25
1719465535693,307.1,25
1719465535693,307.1,25
1719465539596,307.6,25
1719465539596,307.6,25
1719465540850,307.7,25
1719465540850,307.7,25
1719465540850,307.7,25
1719465540850,307.7,25
1719465540850,307.7,25
1719465547086,304.3,25
1719465547086,304.3,25
1719465547086,304.3,25
1719465547086,304.3,25
1719465553761,306.5,25
1719465553761,306.5,25
1719465553761,306.5,25
1719465553761,306.5,25
1719465557959,304.15,25
1719465558313,304.0,50
1719465558313,304.0,50
1719465558313,304.0,50
1719465563623,303.5,25
1719465563623,303.5,25
1719465565143,303.7,25
1719465565143,303.7,25
1719465566560,304.25,25
1719465566560,304.25,25
1719465566560,304.25,25
1719465566560,304.25,25
1719465566560,304.25,25
1719465566560,304.25,25
1719465566560,304.25,25
1719465566560,304.25,25
1719465576318,303.3,25
1719465576318,303.3,25
1719465576318,303.3,25
1719465576318,303.3,25
1719465581134,303.3,25
1719465581134,303.3,25
1719465582952,304.0,25
1719465583790,304.1,25
1719465584665,303.55,25
1719465584665,303.55,25
1719465584665,303.55,25
1719465588537,301.65,100
1719465588537,301.65,100
1719465588986,301.1,25
1719465588986,301.1,25
1719465591415,297.8,25
1719465591415,297.8,25
1719465592991,296.25,100
1719465592991,296.25,100
1719465594862,297.3,25
1719465594862,297.3,25
1719465596644,297.45,50
1719465597099,297.5,25
1719465598014,293.3,25
1719465598620,291.2,100
1719465598620,291.2,100
1719465599849,290.65,50
1719465600314,292.0,25
1719465600742,291.0,100
1719465600742,291.0,100
1719465601861,292.8,25
1719465602483,293.2,75
1719465603598,295.0,25
1719465605045,293.25,25
1719465605045,293.25,25
1719465606408,293.55,200
1719465606569,293.8,25
1719465606569,293.8,25
1719465606569,293.8,25
1719465606569,293.8,25
1719465612022,292.3,75
1719465612022,292.3,75
1719465613691,291.1,75
1719465613691,291.1,75
1719465613691,291.1,75
1719465613691,291.1,75
1719465619532,292.15,25
1719465619532,292.15,25
1719465621007,295.0,50
1719465622197,294.0,25
1719465622197,294.0,25
1719465622748,293.05,75
1719465622748,293.05,75
1719465624020,291.0,225
1719465624843,289.25,25
1719465624843,289.25,25
1719465626251,287.35,75
1719465626251,287.35,75
1719465627401,283.95,25
1719465628396,285.75,75
1719465628835,284.35,25
1719465628835,284.35,25
1719465628835,284.35,25
1719465628835,284.35,25
1719465628835,284.35,25
1719465633179,286.8,25
1719465633772,287.85,25
1719465633772,287.85,25
1719465633772,287.85,25
1719465633772,287.85,25
1719465638206,283.9,175
1719465638797,282.75,25
1719465638797,282.75,25
1719465640718,281.75,50
1719465640718,281.75,50
1719465642989,285.2,100
1719465643877,284.25,50
1719465643877,284.25,50
1719465645649,286.95,50
1719465645649,286.95,50
1719465645649,286.95,50
1719465645649,286.95,50
1719465651933,285.0,25
1719465651933,285.0,25
1719465651933,285.0,25
1719465654130,284.25,25
1719465654130,284.25,25
1719465655913,285.75,50
1719465656425,285.65,50
1719465656425,285.65,50
1719465660355,281.4,25
1719465660355,281.4,25
1719465660355,281.4,25
1719465662233,283.85,50
1719465662233,283.85,50
1719465662571,283.5,175
1719465663187,284.2,25
1719465664685,284.15,50
1719465665294,284.25,175
1719465665294,284.25,175
1719465665294,284.25,175
1719465667643,285.65,75
1719465668875,285.0,175
1719465669649,284.95,25
1719465669649,284.95,25
1719465670620,285.15,75
1719465670620,285.15,75
1719465670620,285.15,75
1719465675278,284.1,150
1719465675278,284.1,150
1719465675278,284.1,150
1719465675278,284.1,150
1719465678459,283.95,75
1719465678844,284.1,25
1719465678844,284.1,25
1719465679761,284.45,25
1719465679761,284.45,25
1719465680873,283.05,225
1719465680873,283.05,225
1719465680873,283.05,225
1719465684856,283.9,25
1719465684856,283.9,25
1719465686467,280.05,25
1719465686722,277.8,50
1719465686722,277.8,50
1719465688573,278.9,100
1719465688573,278.9,100
1719465689469,280.6,100
1719465689469,280.6,100
1719465689469,280.6,100
1719465691009,281.45,100
1719465691710,280.5,125
1719465691710,280.5,125
1719465692614,281.2,25
1719465692614,281.2,25
1719465695249,280.6,100
1719465695249,280.6,100
1719465696913,281.3,100
1719465697216,281.35,225
1719465697216,281.35,225
1719465698783,282.55,75
1719465698783,282.55,75
1719465698783,282.55,75
1719465700959,280.8,25
1719465701392,280.3,25
1719465701392,280.3,25
1719465702501,282.15,100
1719465702501,282.15,100
1719465704065,281.1,25
1719465704596,281.05,25
1719465705299,279.7,125
1719465705299,279.7,125
1719465706154,279.0,25
1719465706154,279.0,25
1719465706154,279.0,25
1719465709426,279.85,50
1719465709857,281.0,125
1719465709857,281.0,125
1719465711506,280.1,25
1719465712314,280.5,100
1719465712611,281.05,25
1719465713810,281.7,50
1719465713810,281.7,50
1719465715494,281.3,175
1719465716098,280.25,50
1719465717080,280.55,50
1719465717080,280.55,50
1719465717080,280.55,50
1719465717080,280.55,50
1719465717080,280.55,50
1719465717080,280.55,50
1719465717080,280.55,50
1719465717080,280.55,50
1719465717080,280.55,50
1719465717080,280.55,50
1719465717080,280.55,50
1719465731703,284.4,75
1719465731703,284.4,75
1719465732688,284.0,50
1719465732688,284.0,50
1719465735216,284.0,25
1719465735216,284.0,25
1719465735216,284.0,25
1719465735216,284.0,25
1719465735216,284.0,25
1719465740850,283.5,25
1719465740850,283.5,25
1719465743229,285.0,25
1719465744025,285.55,50
1719465744297,284.9,25
1719465744297,284.9,25
1719465746952,286.2,25
1719465746952,286.2,25
1719465748358,286.9,25
1719465748358,286.9,25
1719465748358,286.9,25
1719465748358,286.9,25
1719465748358,286.9,25
1719465748358,286.9,25
1719465748358,286.9,25
1719465748358,286.9,25
1719465758472,285.3,100
1719465758472,285.3,100
1719465758472,285.3,100
1719465761806,286.15,125
1719465761806,286.15,125
1719465761806,286.15,125
1719465764458,287.0,25
1719465765572,290.0,75
1719465765784,290.05,25
1719465765784,290.05,25
1719465765784,290.05,25
1719465770299,285.65,50
1719465770299,285.65,50
1719465770299,285.65,50
1719465772885,285.95,25
1719465773407,286.25,75
1719465773407,286.25,75
1719465773407,286.25,75
1719465776842,287.75,50
1719465777072,287.3,50
1719465777072,287.3,50
1719465778358,287.55,25
1719465779556,287.2,225
1719465779556,287.2,225
1719465779556,287.2,225
1719465782318,288.7,50
1719465782320,288.8,100
1719465782320,288.8,100
1719465785094,286.95,50
1719465785094,286.95,50
1719465785094,286.95,50
1719465785094,286.95,50
1719465789524,286.9,25
1719465790719,288.0,150
1719465790719,288.0,150
1719465790719,288.0,150
1719465790719,288.0,150
1719465795749,286.2,150
1719465795749,286.2,150
1719465795749,286.2,150
1719465795749,286.2,150
1719465795749,286.2,150
1719465795749,286.2,150
1719465795749,286.2,150
1719465804238,290.5,250
1719465804238,290.5,250
1719465804238,290.5,250
1719465807454,289.65,75
1719465807454,289.65,75
1719465809568,289.0,25
1719465809568,289.0,25
1719465809568,289.0,25
1719465809568,289.0,25
1719465809568,289.0,25
1719465809568,289.0,25
1719465809568,289.0,25
1719465809568,289.0,25
1719465820164,290.1,25
1719465820164,290.1,25
1719465820164,290.1,25
1719465823802,289.45,125
1719465823802,289.45,125
1719465824707,289.5,125
1719465825183,290.15,100
1719465825183,290.15,100
1719465825183,290.15,100
1719465825183,290.15,100
1719465829960,290.2,50
1719465830708,289.45,25
1719465830708,289.45,25
1719465830708,289.45,25
1719465830708,289.45,25
1719465830708,289.45,25
1719465838050,291.05,25
1719465838050,291.05,25
1719465838050,291.05,25
1719465838050,291.05,25
1719465841517,288.9,50
1719465841850,290.15,25
1719465841850,290.15,25
1719465841850,290.15,25
1719465844796,290.4,275
1719465844796,290.4,275
1719465844796,290.4,275
1719465848071,290.1,100
1719465848071,290.1,100
1719465848071,290.1,100
1719465848071,290.1,100
1719465853354,290.65,25
1719465853354,290.65,25
1719465855044,290.7,75
1719465855044,290.7,75
1719465855044,290.7,75
1719465857607,296.0,75
1719465858929,299.3,75
1719465858929,299.3,75
1719465859471,298.5,25
1719465859471,298.5,25
1719465859471,298.5,25
1719465859471,298.5,25
1719465864462,297.2,25
1719465864462,297.2,25
1719465867215,298.45,25
1719465867215,298.45,25
1719465867215,298.45,25
1719465867215,298.45,25
1719465867215,298.45,25
1719465867215,298.45,25
1719465872579,298.4,25
1719465873752,299.05,50
1719465873752,299.05,50
1719465875410,298.45,25
1719465875410,298.45,25
1719465875410,298.45,25
1719465877686,298.6,75
1719465877686,298.6,75
1719465877686,298.6,75
1719465881568,302.1,25
1719465882143,303.25,50
1719465882143,303.25,50
1719465882143,303.25,50
1719465884180,305.0,25
1719465884940,305.2,25
1719465884940,305.2,25
1719465885845,304.35,25
1719465885845,304.35,25
1719465888317,302.45,75
1719465888867,302.55,275
1719465888867,302.55,275
1719465889907,303.85,25
1719465889907,303.85,25
1719465889907,303.85,25
1719465889907,303.85,25
1719465889907,303.85,25
1719465896072,302.95,125
1719465896072,302.95,125
1719465898811,303.25,25
1719465898811,303.25,25
1719465898811,303.25,25
1719465898811,303.25,25
1719465898811,303.25,25
1719465898811,303.25,25
1719465904535,299.75,25
1719465904535,299.75,25
1719465904535,299.75,25
1719465904535,299.75,25
1719465904535,299.75,25
1719465910859,300.85,25
1719465910859,300.85,25
1719465912397,298.0,25
1719465912397,298.0,25
1719465912397,298.0,25
1719465917246,297.65,50
1719465917246,297.65,50
1719465917246,297.65,50
1719465917246,297.65,50
1719465922777,297.65,25
1719465922777,297.65,25
1719465922777,297.65,25
1719465922777,297.65,25
1719465922777,297.65,25
1719465929759,300.3,25
1719465929759,300.3,25
1719465929759,300.3,25
1719465929759,300.3,25
1719465929759,300.3,25
1719465929759,300.3,25
1719465929759,300.3,25
1719465929759,300.3,25
1719465929759,300.3,25
1719465929759,300.3,25
1719465929759,300.3,25
1719465929759,300.3,25
1719465929759,300.3,25
1719465929759,300.3,25
1719465949417,295.2,50
1719465949624,295.1,25
1719465950582,295.75,25
1719465950582,295.75,25
1719465951783,295.55,75
1719465951783,295.55,75
1719465951783,295.55,75
1719465951783,295.55,75
1719465951783,295.55,75
1719465957429,296.05,175
1719465957429,296.05,175
1719465959563,295.4,25
1719465959921,295.6,50
1719465959921,295.6,50
1719465960826,294.2,275
1719465960826,294.2,275
1719465960826,294.2,275
1719465962838,293.95,50
1719465962838,293.95,50
1719465962838,293.95,50
1719465962838,293.95,50
1719465962838,293.95,50
1719465962838,293.95,50
1719465962838,293.95,50
1719465962838,293.95,50
1719465962838,293.95,50
1719465962838,293.95,50
1719465962838,293.95,50
1719465979681,286.4,25
1719465979910,287.0,25
1719465980658,286.2,25
1719465980658,286.2,25
1719465981905,286.2,175
1719465981905,286.2,175
1719465981905,286.2,175
1719465984638,287.1,25
1719465984638,287.1,25
1719465984638,287.1,25
1719465984638,287.1,25
1719465984638,287.1,25
1719465984638,287.1,25
1719465984638,287.1,25
1719465984638,287.1,25
1719465984638,287.1,25
1719465984638,287.1,25
1719465984638,287.1,25
1719465999649,285.0,25
1719465999649,285.0,25
1719465999649,285.0,25
1719465999649,285.0,25
1719466004352,289.95,25
1719466004352,289.95,25
1719466004352,289.95,25
1719466004352,289.95,25
1719466004352,289.95,25
1719466004352,289.95,25
1719466004352,289.95,25
1719466004352,289.95,25
1719466004352,289.95,25
1719466004352,289.95,25
1719466004352,289.95,25
1719466004352,289.95,25
1719466004352,289.95,25
1719466004352,289.95,25
1719466026562,285.0,25
1719466026562,285.0,25
1719466026562,285.0,25
1719466026562,285.0,25
1719466026562,285.0,25
1719466026562,285.0,25
1719466026562,285.0,25
1719466026562,285.0,25
1719466026562,285.0,25
1719466026562,285.0,25
1719466026562,285.0,25
1719466026562,285.0,25
1719466026562,285.0,25
1719466026562,285.0,25
1719466048384,285.45,25
1719466049282,286.0,25
1719466049282,286.0,25
1719466049282,286.0,25
1719466052250,286.45,25
1719466052250,286.45,25
1719466053447,287.85,75
1719466053447,287.85,75
1719466056824,284.0,175
1719466060358,280.3,25
1719466060358,280.3,25
1719466062090,281.85,75
1719466062090,281.85,75
1719466227331,275.6,50
1719466227331,275.6,50
1719466231388,273.05,250
1719466231388,273.05,250
1719466234399,274.55,25
1719466234399,274.55,25
1719466234399,274.55,25
1719466234399,274.55,25
1719466234399,274.55,25
1719466234399,274.55,25
1719466242068,275.1,25
1719466242068,275.1,25
1719466242068,275.1,25
1719466242068,275.1,25
1719466242068,275.1,25
1719466249197,277.95,25
1719466249197,277.95,25
1719466249197,277.95,25
1719466249197,277.95,25
1719466249197,277.95,25
1719466249197,277.95,25
1719466249197,277.95,25
1719466249197,277.95,25
1719466249197,277.95,25
1719466249197,277.95,25
1719466249197,277.95,25
1719466249197,277.95,25
1719466249197,277.95,25
1719466267375,276.7,25
1719466267375,276.7,25
1719466267375,276.7,25
1719466267375,276.7,25
1719466271442,273.15,100
1719466271442,273.15,100
1719466274085,271.15,25
1719466274085,271.15,25
1719466274085,271.15,25
1719466274085,271.15,25
1719466274085,271.15,25
1719466279815,270.0,100
1719466279815,270.0,100
1719466281271,271.0,25
1719466281271,271.0,25
1719466281271,271.0,25
1719466281271,271.0,25
1719466287152,271.15,50
1719466287152,271.15,50
1719466287152,271.15,50
1719466290691,270.35,125
1719466290829,269.95,25
1719466290829,269.95,25
1719466290829,269.95,25
1719466294270,270.65,50
1719466294270,270.65,50
1719466294270,270.65,50
1719466296324,272.0,25
1719466296324,272.0,25
1719466296324,272.0,25
1719466299939,270.65,25
1719466299939,270.65,25
1719466299939,270.65,25
1719466299939,270.65,25
1719466299939,270.65,25
1719466306784,271.7,25
1719466306784,271.7,25
1719466309481,272.45,25
1719466309652,271.45,25
1719466309652,271.45,25
1719466309652,271.45,25
1719466309652,271.45,25
1719466309652,271.45,25
1719466309652,271.45,25
1719466309652,271.45,25
1719466319782,274.75,50
1719466319782,274.75,50
1719466319782,274.75,50
1719466322607,276.4,25
1719466322607,276.4,25
1719466323979,276.3,25
1719466323979,276.3,25
1719466323979,276.3,25
1719466323979,276.3,25
1719466328403,277.0,25
1719466328903,277.5,25
1719466328903,277.5,25
1719466328903,277.5,25
1719466328903,277.5,25
1719466328903,277.5,25
1719466328903,277.5,25
1719466328903,277.5,25
1719466328903,277.5,25
1719466328903,277.5,25
1719466328903,277.5,25
