time,price,volume
1719461503095,453.5,25
1719461503095,453.5,25
1719461504967,453.25,50
1719461504967,453.25,50
1719461504967,453.25,50
1719461508182,453.15,25
1719461508182,453.15,25
1719461508182,453.15,25
1719461508182,453.15,25
1719461511613,453.55,25
1719461511866,453.65,25
1719461511866,453.65,25
1719461511866,453.65,25
1719461511866,453.65,25
1719461515829,455.0,25
1719461515829,455.0,25
1719461515829,455.0,25
1719461519017,451.25,25
1719461519017,451.25,25
1719461519017,451.25,25
1719461520668,452.05,25
1719461520668,452.05,25
1719461520668,452.05,25
1719461520668,452.05,25
1719461524004,450.45,25
1719461524160,448.15,25
1719461524160,448.15,25
1719461524160,448.15,25
1719461526581,449.25,50
1719461527437,447.2,25
1719461527437,447.2,25
1719461528240,445.2,125
1719461528240,445.2,125
1719461528984,446.0,50
1719461529778,447.8,25
1719461529778,447.8,25
1719461529778,447.8,25
1719461529778,447.8,25
1719461533844,448.45,25
1719461533844,448.45,25
1719461533844,448.45,25
1719461533844,448.45,25
1719461537473,446.75,25
1719461537473,446.75,25
1719461537473,446.75,25
1719461537473,446.75,25
1719461537473,446.75,25
1719461542266,446.0,25
1719461542266,446.0,25
1719461543145,444.0,50
1719461543145,444.0,50
1719461543145,444.0,50
1719461546195,440.0,25
1719461546195,440.0,25
1719461548635,445.0,50
1719461548635,445.0,50
1719461548635,445.0,50
1719461548635,445.0,50
1719461548635,445.0,50
1719461548635,445.0,50
1719461553409,442.85,25
1719461553409,442.85,25
1719461554916,445.0,25
1719461554916,445.0,25
1719461554916,445.0,25
1719461558554,446.0,50
1719461558554,446.0,50
1719461558838,446.0,50
1719461558838,446.0,50
1719461560880,446.1,50
1719461560880,446.1,50
1719461560880,446.1,50
1719461563986,442.75,25
1719461563986,442.75,25
1719461563986,442.75,25
1719461563986,442.75,25
1719461568169,441.75,25
1719461568169,441.75,25
1719461569171,440.9,25
1719461569171,440.9,25
1719461569171,440.9,25
1719461571972,442.8,25
1719461571972,442.8,25
1719461571972,442.8,25
1719461575032,443.4,25
1719461575032,443.4,25
1719461575032,443.4,25
1719461576978,444.15,25
1719461576978,444.15,25
1719461576978,444.15,25
1719461580018,446.1,25
1719461580018,446.1,25
1719461581306,445.0,25
1719461581306,445.0,25
1719461581306,445.0,25
1719461581306,445.0,25
1719461585518,445.0,25
1719461585518,445.0,25
1719461585518,445.0,25
1719461585518,445.0,25
1719461585518,445.0,25
1719461585518,445.0,25
1719461591425,442.2,200
1719461592132,441.0,25
1719461592132,441.0,25
1719461592132,441.0,25
1719461594829,444.25,25
1719461595183,443.9,25
1719461595183,443.9,25
1719461596452,445.0,50
1719461596933,445.15,50
1719461596933,445.15,50
1719461596933,445.15,50
1719461596933,445.15,50
1719461596933,445.15,50
1719461596933,445.15,50
1719461603389,443.1,25
1719461603389,443.1,25
1719461603389,443.1,25
1719461605885,445.95,25
1719461605885,445.95,25
1719461605885,445.95,25
1719461605885,445.95,25
1719461605885,445.95,25
1719461605885,445.95,25
1719461605885,445.95,25
1719461605885,445.95,25
1719461614344,444.6,75
1719461614344,444.6,75
1719461614344,444.6,75
1719461614344,444.6,75
1719461618424,442.15,50
1719461618424,442.15,50
1719461618424,442.15,50
1719461618424,442.15,50
1719461618424,442.15,50
1719461618424,442.15,50
1719461624497,448.55,25
1719461625508,450.6,50
1719461626311,449.9,125
1719461626311,449.9,125
1719461626311,449.9,125
1719461629087,449.15,25
1719461629087,449.15,25
1719461629909,449.1,25
1719461629909,449.1,25
1719461629909,449.1,25
1719461632392,449.25,50
1719461632392,449.25,50
1719461632392,449.25,50
1719461632392,449.25,50
1719461632392,449.25,50
1719461637567,450.35,50
1719461637567,450.35,50
1719461638657,449.25,50
1719461638657,449.25,50
1719461638657,449.25,50
1719461638657,449.25,50
1719461638657,449.25,50
1719461638657,449.25,50
1719461638657,449.25,50
1719461638657,449.25,50
1719461638657,449.25,50
1719461647140,448.45,50
1719461647140,448.45,50
1719461647140,448.45,50
1719461647140,448.45,50
1719461647140,448.45,50
1719461647140,448.45,50
1719461652480,449.25,125
1719461652881,450.0,150
1719461653303,449.7,125
1719461653303,449.7,125
1719461653303,449.7,125
1719461653303,449.7,125
1719461657710,452.6,50
1719461657756,452.6,50
1719461657756,452.6,50
1719461657756,452.6,50
1719461657756,452.6,50
1719461657756,452.6,50
1719461662749,446.05,25
1719461663292,445.8,25
1719461663292,445.8,25
1719461663771,444.9,25
1719461663771,444.9,25
1719461663771,444.9,25
1719461666627,447.7,50
1719461666627,447.7,50
1719461666627,447.7,50
1719461666627,447.7,50
1719461666627,447.7,50
1719461666627,447.7,50
1719461666627,447.7,50
1719461666627,447.7,50
1719461666627,447.7,50
1719461666627,447.7,50
1719461666627,447.7,50
1719461677008,447.9,25
1719461677008,447.9,25
1719461677008,447.9,25
1719461677008,447.9,25
1719461677008,447.9,25
1719461677008,447.9,25
1719461677008,447.9,25
1719461677008,447.9,25
1719461677008,447.9,25
1719461677008,447.9,25
1719461677008,447.9,25
1719461677008,447.9,25
1719461677008,447.9,25
1719461689517,448.55,75
1719461689517,448.55,75
1719461689517,448.55,75
1719461689517,448.55,75
1719461689517,448.55,75
1719461694706,450.7,50
1719461694706,450.7,50
1719461696632,450.05,150
1719461696632,450.05,150
1719461696632,450.05,150
1719461696632,450.05,150
1719461696632,450.05,150
1719461696632,450.05,150
1719461701249,449.9,50
1719461702392,452.35,150
1719461702418,453.55,50
1719461702970,451.4,50
1719461702970,451.4,50
1719461702970,451.4,50
1719461702970,451.4,50
1719461702970,451.4,50
1719461707803,444.85,25
1719461707803,444.85,25
1719461707803,444.85,25
1719461707803,444.85,25
1719461707803,444.85,25
1719461707803,444.85,25
1719461707803,444.85,25
1719461707803,444.85,25
1719461707803,444.85,25
1719461717110,448.0,25
1719461717110,448.0,25
1719461717110,448.0,25
1719461720220,451.15,25
1719461720220,451.15,25
1719461720220,451.15,25
1719461720220,451.15,25
1719461720220,451.15,25
1719461724113,449.85,25
1719461724113,449.85,25
1719461724113,449.85,25
1719461726721,451.25,125
1719461726721,451.25,125
1719461726721,451.25,125
1719461726721,451.25,125
1719461726721,451.25,125
1719461730536,453.2,25
1719461730536,453.2,25
1719461731350,451.8,50
1719461732190,455.0,25
1719461732190,455.0,25
1719461733406,455.1,50
1719461734131,460.0,25
1719461735332,459.6,50
1719461735548,461.5,75
1719461736234,464.0,25
1719461736393,464.75,25
1719461737615,459.35,175
1719461737615,459.35,175
1719461739211,457.0,25
1719461739211,457.0,25
1719461739469,457.85,25
1719461739469,457.85,25
1719461741880,456.45,25
1719461742649,456.95,25
1719461742649,456.95,25
1719461742649,456.95,25
1719461742649,456.95,25
1719461742649,456.95,25
1719461746542,457.0,50
1719461746542,457.0,50
1719461747546,460.95,50
1719461748486,460.3,100
1719461748486,460.3,100
1719461749240,459.2,125
1719461749496,459.4,25
1719461749496,459.4,25
1719461751337,460.55,25
1719461751337,460.55,25
1719461753391,462.0,100
1719461753391,462.0,100
1719461753391,462.0,100
1719461753391,462.0,100
1719461757572,460.9,50
1719461757572,460.9,50
1719461759468,461.25,25
1719461759468,461.25,25
1719461759468,461.25,25
1719461760212,459.8,25
1719461760592,460.9,75
1719461760592,460.9,75
1719461760592,460.9,75
1719461766413,460.9,75
1719461769638,462.0,25
1719461769638,462.0,25
1719461769638,462.0,25
1719461771704,462.0,25
1719461772208,460.0,125
1719461772539,459.35,25
1719461773100,461.25,25
1719461773100,461.25,25
1719461774619,459.2,75
1719461774619,459.2,75
1719461776003,460.0,250
1719461776003,460.0,250
1719461776727,460.2,50
1719461776727,460.2,50
1719461778116,458.75,25
1719461778116,458.75,25
1719461789928,467.25,25
1719461793142,466.2,25
1719461793142,466.2,25
1719461795205,465.0,175
1719461795367,466.3,25
1719461796761,464.8,50
1719461796761,464.8,50
1719461796761,464.8,50
1719461798680,467.5,25
1719461799505,467.05,25
1719461799505,467.05,25
1719461799505,467.05,25
1719461799505,467.05,25
1719461799505,467.05,25
1719461799505,467.05,25
1719461799505,467.05,25
1719461799505,467.05,25
1719461799505,467.05,25
1719461799505,467.05,25
1719461810643,465.1,25
1719461810643,465.1,25
1719461811047,465.9,25
1719461811047,465.9,25
1719461817071,460.85,25
1719461819872,462.7,50
1719461820739,462.85,25
1719461820739,462.85,25
1719461820739,462.85,25
1719461820739,462.85,25
1719461824761,460.0,25
1719461825075,459.6,25
1719461825075,459.6,25
1719461825780,461.85,50
1719461826970,458.6,100
1719461826970,458.6,100
1719461826970,458.6,100
1719461826970,458.6,100
1719461826970,458.6,100
1719461826970,458.6,100
1719461826970,458.6,100
1719461833886,461.25,25
1719461833886,461.25,25
1719461833886,461.25,25
1719461833886,461.25,25
1719461837624,462.1,100
1719461837896,462.75,25
1719461837896,462.75,25
1719461838459,462.55,50
1719461838459,462.55,50
1719461838459,462.55,50
1719461838459,462.55,50
1719461860890,457.5,75
1719461862166,459.35,25
1719461862166,459.35,25
1719461863638,459.3,25
1719461863638,459.3,25
1719461863638,459.3,25
1719461872636,458.15,700
1719461872636,458.15,700
1719461873871,457.8,50
1719461873871,457.8,50
1719461875632,456.45,150
1719461875632,456.45,150
1719461877182,455.65,25
1719461877182,455.65,25
1719461877182,455.65,25
1719461877182,455.65,25
1719461877182,455.65,25
1719461881842,455.1,50
1719461881880,455.0,50
1719461882750,455.0,150
1719461882750,455.0,150
1719461882750,455.0,150
1719461885865,456.05,25
1719461885865,456.05,25
1719461885865,456.05,25
1719461888557,456.0,25
1719461888557,456.0,25
1719461888557,456.0,25
1719461888557,456.0,25
1719461892265,455.0,50
1719461892265,455.0,50
1719461892265,455.0,50
1719461892265,455.0,50
1719461892265,455.0,50
1719461892265,455.0,50
1719461899147,453.0,25
1719461899147,453.0,25
1719461900919,454.35,25
1719461900919,454.35,25
1719461900919,454.35,25
1719461900919,454.35,25
1719461906071,456.45,25
1719461906071,456.45,25
1719461908001,456.45,25
1719461908001,456.45,25
1719461908001,456.45,25
1719461908001,456.45,25
1719461910947,453.65,150
1719461911816,453.0,25
1719461912283,452.55,25
1719461912283,452.55,25
1719461912283,452.55,25
1719461913982,453.0,25
1719461913982,453.0,25
1719461913982,453.0,25
1719461917112,452.5,25
1719461917518,453.0,25
1719461917518,453.0,25
1719461917518,453.0,25
1719461917518,453.0,25
1719461917518,453.0,25
1719461921776,454.95,25
1719461921776,454.95,25
1719461921776,454.95,25
1719461923769,455.5,25
1719461923769,455.5,25
1719461923769,455.5,25
1719461923769,455.5,25
1719461923769,455.5,25
1719461923769,455.5,25
1719461923769,455.5,25
1719461931393,456.35,25
1719461931393,456.35,25
1719461931393,456.35,25
1719461934067,454.4,25
1719461934217,455.65,25
1719461934217,455.65,25
1719461934217,455.65,25
1719461934217,455.65,25
1719461934217,455.65,25
1719461939481,456.1,25
1719461939481,456.1,25
1719461939481,456.1,25
1719461941972,455.4,25
1719461942463,456.4,25
1719461942463,456.4,25
1719461942463,456.4,25
1719461942463,456.4,25
1719461942463,456.4,25
1719461942463,456.4,25
1719461947321,456.95,25
1719461947544,457.9,150
1719461947544,457.9,150
1719461949979,459.0,25
1719461950866,459.4,25
1719461950866,459.4,25
1719461950866,459.4,25
1719461950866,459.4,25
1719461954892,459.1,25
1719461955127,459.15,25
1719461955127,459.15,25
1719461955127,459.15,25
1719461955127,459.15,25
1719461959619,461.55,25
1719461959619,461.55,25
1719461959619,461.55,25
1719461962915,468.25,50
1719461962915,468.25,50
1719461963391,469.95,25
1719461963707,468.6,25
1719461964213,468.0,25
1719461964213,468.0,25
1719461964213,468.0,25
1719461967338,466.9,100
1719461967338,466.9,100
1719461968288,465.0,25
1719461968288,465.0,25
1719461968288,465.0,25
1719461968288,465.0,25
1719461971174,465.9,25
1719461971793,467.95,25
1719461971793,467.95,25
1719461973753,467.9,25
1719461973999,466.95,25
1719461973999,466.95,25
1719461973999,466.95,25
1719461973999,466.95,25
1719461973999,466.95,25
1719461973999,466.95,25
1719461973999,466.95,25
1719461983014,466.95,75
1719461983014,466.95,75
1719461984873,470.0,50
1719461984873,470.0,50
1719461984873,470.0,50
1719461984873,470.0,50
1719461988599,467.25,25
1719461988599,467.25,25
1719461988599,467.25,25
1719461988599,467.25,25
1719461988599,467.25,25
1719461988599,467.25,25
1719461988599,467.25,25
1719461988599,467.25,25
1719461997820,467.25,250
1719461997820,467.25,250
1719461998670,465.5,25
1719461998670,465.5,25
1719461998670,465.5,25
1719461998670,465.5,25
1719462001616,468.75,25
1719462001616,468.75,25
1719462002481,469.65,25
1719462003144,469.45,25
1719462003144,469.45,25
1719462004526,467.85,25
1719462004526,467.85,25
1719462006212,468.85,25
1719462007067,471.9,25
1719462007067,471.9,25
1719462007067,471.9,25
1719462007067,471.9,25
1719462007067,471.9,25
1719462007067,471.9,25
1719462013936,471.2,25
1719462013936,471.2,25
1719462013936,471.2,25
1719462016763,469.55,50
1719462017261,471.25,50
1719462017261,471.25,50
1719462017261,471.25,50
1719462017261,471.25,50
1719462020910,470.9,25
1719462021763,470.8,25
1719462021763,470.8,25
1719462022501,469.0,25
1719462023257,467.85,25
1719462023257,467.85,25
1719462023257,467.85,25
1719462025101,467.4,25
1719462025101,467.4,25
1719462025101,467.4,25
1719462028214,466.95,25
1719462028214,466.95,25
1719462028214,466.95,25
1719462028214,466.95,25
1719462028214,466.95,25
1719462031352,468.9,25
1719462031352,468.9,25
1719462032770,467.8,50
1719462032770,467.8,50
1719462032770,467.8,50
1719462035202,467.4,25
1719462035202,467.4,25
1719462036634,470.0,25
1719462036634,470.0,25
1719462037813,467.0,50
1719462037813,467.0,50
1719462037813,467.0,50
1719462037813,467.0,50
1719462041292,468.45,25
1719462041500,467.5,25
1719462041500,467.5,25
1719462042538,465.7,25
1719462042538,465.7,25
1719462042538,465.7,25
1719462042538,465.7,25
1719462042538,465.7,25
1719462042538,465.7,25
1719462042538,465.7,25
1719462050310,468.35,125
1719462050310,468.35,125
1719462051825,469.85,50
1719462051825,469.85,50
1719462051825,469.85,50
1719462053544,471.2,25
1719462053544,471.2,25
1719462053544,471.2,25
1719462053544,471.2,25
1719462053544,471.2,25
1719462059147,465.45,75
1719462059147,465.45,75
1719462059147,465.45,75
1719462061164,469.2,25
1719462061164,469.2,25
1719462061164,469.2,25
1719462061164,469.2,25
1719462066250,466.95,25
1719462066250,466.95,25
1719462066250,466.95,25
1719462069478,467.7,50
1719462069478,467.7,50
1719462069478,467.7,50
1719462069478,467.7,50
1719462069478,467.7,50
1719462069478,467.7,50
1719462074223,466.4,25
1719462074223,466.4,25
1719462075619,467.7,25
1719462075619,467.7,25
1719462076615,467.85,25
1719462076615,467.85,25
1719462078388,468.45,25
1719462078388,468.45,25
1719462080158,468.2,25
1719462080158,468.2,25
1719462080158,468.2,25
1719462082726,465.0,25
1719462083178,463.1,25
1719462083962,465.0,25
1719462083962,465.0,25
1719462083962,465.0,25
1719462083962,465.0,25
1719462083962,465.0,25
1719462088282,465.5,100
1719462088282,465.5,100
1719462088282,465.5,100
1719462088282,465.5,100
1719462088282,465.5,100
1719462092201,464.1,25
1719462092742,464.75,25
1719462092742,464.75,25
1719462092742,464.75,25
1719462092742,464.75,25
1719462092742,464.75,25
1719462097880,463.6,25
1719462097880,463.6,25
1719462097880,463.6,25
1719462097880,463.6,25
1719462097880,463.6,25
1719462097880,463.6,25
1719462104107,464.35,25
1719462104107,464.35,25
1719462104107,464.35,25
1719462106056,462.3,25
1719462106712,463.1,100
1719462106712,463.1,100
1719462106712,463.1,100
1719462106712,463.1,100
1719462109835,465.1,25
1719462109835,465.1,25
1719462109835,465.1,25
1719462113181,468.25,50
1719462113181,468.25,50
1719462114758,466.5,150
1719462114758,466.5,150
1719462114758,466.5,150
1719462114758,466.5,150
1719462114758,466.5,150
1719462119022,462.55,25
1719462119022,462.55,25
1719462119022,462.55,25
1719462122230,461.0,25
1719462122230,461.0,25
1719462123517,462.1,150
1719462123517,462.1,150
1719462124871,460.3,25
1719462124871,460.3,25
1719462124871,460.3,25
1719462124871,460.3,25
1719462124871,460.3,25
1719462124871,460.3,25
1719462124871,460.3,25
1719462131636,460.05,50
1719462131636,460.05,50
1719462132463,461.7,25
1719462133357,460.0,25
1719462133357,460.0,25
1719462133357,460.0,25
1719462136320,461.7,25
1719462136320,461.7,25
1719462136320,461.7,25
1719462138558,460.95,25
1719462138558,460.95,25
1719462140012,460.0,50
1719462140012,460.0,50
1719462140012,460.0,50
1719462140012,460.0,50
1719462143811,459.85,25
1719462143811,459.85,25
1719462143811,459.85,25
1719462143811,459.85,25
1719462143811,459.85,25
1719462143811,459.85,25
1719462143811,459.85,25
1719462143811,459.85,25
1719462143811,459.85,25
1719462152096,459.85,25
1719462152096,459.85,25
1719462152096,459.85,25
1719462152096,459.85,25
1719462155506,460.65,25
1719462155506,460.65,25
1719462155506,460.65,25
1719462155506,460.65,25
1719462155506,460.65,25
1719462160020,460.0,25
1719462160020,460.0,25
1719462160020,460.0,25
1719462160020,460.0,25
1719462163814,459.2,25
1719462163814,459.2,25
1719462163814,459.2,25
1719462163814,459.2,25
1719462163814,459.2,25
1719462163814,459.2,25
1719462163814,459.2,25
1719462172416,458.45,25
1719462172416,458.45,25
1719462172537,458.0,300
1719462172537,458.0,300
1719462174753,460.0,25
1719462174753,460.0,25
1719462174753,460.0,25
1719462174753,460.0,25
1719462178103,458.05,50
1719462178485,457.1,25
1719462178485,457.1,25
1719462178485,457.1,25
1719462178485,457.1,25
1719462178485,457.1,25
1719462178485,457.1,25
1719462178485,457.1,25
1719462178485,457.1,25
1719462178485,457.1,25
1719462187015,455.0,25
1719462187095,456.6,25
1719462187095,456.6,25
1719462187095,456.6,25
1719462187095,456.6,25
1719462187095,456.6,25
1719462187095,456.6,25
1719462187095,456.6,25
1719462187095,456.6,25
1719462187095,456.6,25
1719462195965,457.35,25
1719462195965,457.35,25
1719462197866,457.4,25
1719462197866,457.4,25
1719462197866,457.4,25
1719462197866,457.4,25
1719462200887,457.5,25
1719462201496,456.3,50
1719462201496,456.3,50
1719462201496,456.3,50
1719462201496,456.3,50
1719462201496,456.3,50
1719462201496,456.3,50
1719462207616,460.6,75
1719462207616,460.6,75
1719462208668,458.6,25
1719462208668,458.6,25
1719462208668,458.6,25
1719462208668,458.6,25
1719462211122,458.65,25
1719462211122,458.65,25
1719462211122,458.65,25
1719462211122,458.65,25
1719462211122,458.65,25
1719462215924,458.2,25
1719462215924,458.2,25
1719462215924,458.2,25
1719462215924,458.2,25
1719462215924,458.2,25
1719462215924,458.2,25
1719462215924,458.2,25
1719462215924,458.2,25
1719462215924,458.2,25
1719462215924,458.2,25
1719462226438,458.75,25
1719462226438,458.75,25
1719462226438,458.75,25
1719462226438,458.75,25
1719462230115,457.35,25
1719462230115,457.35,25
1719462231277,457.95,50
1719462231277,457.95,50
1719462231277,457.95,50
1719462231277,457.95,50
1719462231277,457.95,50
1719462231277,457.95,50
1719462231277,457.95,50
1719462231277,457.95,50
1719462239694,456.4,50
1719462239694,456.4,50
1719462240482,457.65,25
1719462241094,457.9,25
1719462241094,457.9,25
1719462241094,457.9,25
1719462242807,458.0,25
1719462242807,458.0,25
1719462242807,458.0,25
1719462242807,458.0,25
1719462242807,458.0,25
1719462242807,458.0,25
1719462242807,458.0,25
1719462242807,458.0,25
1719462242807,458.0,25
1719462253059,459.7,25
1719462253059,459.7,25
1719462253059,459.7,25
1719462255183,459.7,50
1719462255183,459.7,50
1719462255183,459.7,50
1719462257854,461.25,50
1719462257854,461.25,50
1719462258141,459.7,25
1719462258141,459.7,25
1719462258141,459.7,25
1719462258141,459.7,25
1719462258141,459.7,25
1719462258141,459.7,25
1719462258141,459.7,25
1719462258141,459.7,25
1719462258141,459.7,25
1719462258141,459.7,25
1719462258141,459.7,25
1719462258141,459.7,25
1719462258141,459.7,25
1719462258141,459.7,25
1719462258141,459.7,25
1719462258141,459.7,25
1719462258141,459.7,25
1719462258141,459.7,25
1719462280246,465.0,25
1719462280246,465.0,25
1719462280246,465.0,25
1719462284212,463.5,25
1719462284212,463.5,25
1719462286047,465.0,25
1719462286047,465.0,25
1719462286047,465.0,25
1719462286047,465.0,25
1719462290562,465.65,25
1719462290562,465.65,25
1719462290562,465.65,25
1719462290562,465.65,25
1719462290562,465.65,25
1719462296331,465.0,50
1719462296331,465.0,50
1719462296331,465.0,50
1719462296331,465.0,50
1719462296331,465.0,50
1719462302171,467.65,25
1719462302171,467.65,25
1719462303987,467.4,100
1719462305420,466.65,25
1719462306760,468.15,25
1719462306760,468.15,25
1719462306760,468.15,25
1719462309564,466.6,50
1719462309564,466.6,50
1719462309564,466.6,50
1719462312075,469.7,25
1719462312212,471.0,25
1719462327141,471.0,25
1719462327141,471.0,25
1719462331186,471.6,50
1719462331186,471.6,50
1719462331186,471.6,50
1719462331186,471.6,50
1719462331186,471.6,50
1719462331186,471.6,50
1719462331186,471.6,50
1719462339693,470.45,25
1719462339693,470.45,25
1719462341044,470.15,25
1719462341044,470.15,25
1719462341044,470.15,25
1719462341044,470.15,25
1719462341044,470.15,25
1719462341044,470.15,25
1719462341044,470.15,25
1719462341044,470.15,25
1719462354073,469.0,100
1719462354073,469.0,100
1719462354073,469.0,100
1719462354073,469.0,100
1719462354073,469.0,100
1719462359293,470.2,25
1719462359293,470.2,25
1719462360530,468.4,25
1719462360530,468.4,25
1719462360530,468.4,25
1719462363298,469.0,100
1719462363298,469.0,100
1719462363298,469.0,100
1719462364925,467.95,50
1719462364925,467.95,50
1719462364925,467.95,50
1719462364925,467.95,50
1719462364925,467.95,50
1719462364925,467.95,50
1719462371716,469.6,25
1719462371716,469.6,25
1719462373095,469.95,50
1719462373095,469.95,50
1719462405366,478.5,25
1719462405366,478.5,25
1719462406655,480.3,25
1719462407482,482.45,100
1719462408499,486.0,25
1719462408932,485.5,50
1719462409943,483.0,25
1719462410375,482.5,50
1719462410375,482.5,50
1719462411353,483.4,25
1719462411353,483.4,25
1719462411353,483.4,25
1719462411353,483.4,25
1719462415741,490.0,150
1719462417061,492.4,25
1719462417118,490.65,25
1719462417118,490.65,25
1719462417118,490.65,25
1719462417118,490.65,25
1719462421778,499.8,25
1719462422011,502.8,25
1719462422011,502.8,25
1719462423637,499.5,25
1719462424006,500.45,25
1719462424013,500.45,25
1719462425266,499.65,50
1719462425587,498.0,25
1719462426233,497.3,25
1719462426896,497.3,25
1719462426896,497.3,25
1719462426896,497.3,25
1719462428645,494.5,25
1719462429040,498.1,50
1719462429040,498.1,50
1719462430961,495.0,25
1719462430961,495.0,25
1719462430961,495.0,25
1719462433456,494.95,25
1719462433456,494.95,25
1719462434513,498.0,275
1719462435040,496.85,25
1719462435040,496.85,25
1719462435671,499.45,25
1719462436063,500.05,25
1719462436063,500.05,25
1719462437846,499.8,50
1719462437846,499.8,50
1719462438810,500.0,500
1719462438810,500.0,500
1719462439656,499.8,25
1719462439656,499.8,25
1719462439656,499.8,25
1719462442841,498.35,25
1719462442841,498.35,25
1719462444520,500.0,25
1719462444520,500.0,25
1719462444932,499.8,25
1719462444932,499.8,25
1719462444932,499.8,25
1719462444932,499.8,25
1719462449484,499.8,25
1719462449484,499.8,25
1719462449484,499.8,25
1719462450262,499.8,50
1719462451034,498.3,25
1719462451034,498.3,25
1719462451713,498.85,25
1719462451713,498.85,25
1719462451713,498.85,25
1719462451713,498.85,25
1719462451713,498.85,25
1719462459365,499.4,50
1719462459522,499.15,25
1719462459522,499.15,25
1719462459522,499.15,25
1719462462108,499.5,25
1719462462895,503.0,25
1719462462895,503.0,25
1719462462895,503.0,25
1719462465505,504.1,25
1719462466041,505.45,25
1719462466041,505.45,25
1719462467263,508.4,25
1719462467263,508.4,25
1719462468191,509.2,25
1719462468904,509.55,25
1719462469363,510.15,25
1719462469811,510.6,25
1719462470997,512.0,25
1719462471443,511.9,25
1719462472181,512.1,25
1719462473596,512.8,150
1719462473596,512.8,150
1719462475286,512.0,25
1719462475455,511.35,25
1719462477225,516.3,25
1719462477643,516.7,25
1719462477950,516.85,100
1719462479351,512.1,25
1719462479960,512.8,25
1719462480107,514.2,25
1719462480950,518.0,25
1719462481945,516.8,25
1719462482499,520.1,25
1719462482499,520.1,25
1719462486751,520.35,25
1719462486751,520.35,25
1719462488275,516.85,25
1719462488275,516.85,25
1719462490221,517.85,25
1719462491406,519.85,25
1719462491406,519.85,25
1719462491945,521.05,25
1719462491945,521.05,25
1719462491945,521.05,25
1719462491945,521.05,25
1719462496249,516.85,25
1719462496656,516.85,25
1719462497221,517.2,25
1719462497221,517.2,25
1719462498473,517.55,25
1719462499600,514.15,25
1719462499600,514.15,25
1719462501420,515.05,25
1719462501638,515.15,25
1719462501638,515.15,25
1719462502489,515.6,25
1719462502489,515.6,25
1719462509386,519.0,25
1719462509386,519.0,25
1719462509386,519.0,25
1719462509386,519.0,25
1719462509386,519.0,25
1719462514797,521.6,50
1719462514797,521.6,50
1719462514797,521.6,50
1719462517835,521.9,50
1719462518330,520.8,25
1719462518330,520.8,25
1719462518330,520.8,25
1719462518330,520.8,25
1719462523383,517.1,25
1719462523574,517.0,100
1719462523574,517.0,100
1719462523574,517.0,100
1719462523574,517.0,100
1719462528272,518.1,25
1719462533528,516.75,25
1719462536469,517.1,25
1719462536757,516.8,50
1719462544056,519.0,50
1719462545843,519.95,25
1719462545843,519.95,25
1719462545843,519.95,25
1719462548195,518.65,50
1719462548293,518.7,25
1719462550033,519.9,25
1719462550033,519.9,25
1719462552073,518.9,25
1719462559965,522.8,25
1719462559965,522.8,25
1719462559965,522.8,25
1719462562254,523.0,100
1719462563096,523.35,25
1719462563096,523.35,25
1719462563096,523.35,25
1719462565108,522.05,25
1719462565108,522.05,25
1719462565108,522.05,25
1719462574797,525.75,25
1719462575934,522.95,50
1719462575934,522.95,50
1719462576843,521.75,50
1719462602733,527.05,25
1719462602733,527.05,25
1719462603268,526.95,25
1719462604209,526.65,25
1719462604740,525.45,25
1719462605518,525.65,25
1719462605518,525.65,25
1719462606063,524.2,25
1719462606063,524.2,25
1719462606063,524.2,25
1719462609234,523.55,25
1719462609234,523.55,25
1719462610899,524.7,25
1719462610899,524.7,25
1719462611877,522.85,25
1719462611877,522.85,25
1719462611877,522.85,25
1719462614628,524.55,50
1719462614628,524.55,50
1719462616817,524.4,600
1719462616817,524.4,600
1719462617913,523.3,50
1719462617913,523.3,50
1719462619399,522.55,75
1719462620152,521.75,25
1719462620152,521.75,25
1719462621776,522.35,25
1719462621776,522.35,25
1719462621776,522.35,25
1719462621776,522.35,25
1719462621776,522.35,25
1719462628195,524.4,50
1719462628195,524.4,50
1719462628195,524.4,50
1719462628195,524.4,50
1719462630273,522.75,25
1719462631044,524.4,50
1719462631369,525.0,50
1719462631369,525.0,50
1719462632582,528.0,125
1719462632582,528.0,125
1719462633850,525.9,25
1719462633850,525.9,25
1719462636129,528.95,25
1719462636129,528.95,25
1719462637266,528.1,25
1719462637667,528.5,25
1719462637667,528.5,25
1719462640048,527.3,25
1719462640048,527.3,25
1719462640048,527.3,25
1719462643396,525.7,100
1719462643396,525.7,100
1719462645146,525.35,25
1719462645146,525.35,25
1719462645797,525.1,25
1719462646106,527.15,50
1719462646106,527.15,50
1719462647774,526.15,25
1719462647774,526.15,25
1719462649579,526.3,25
1719462649579,526.3,25
1719462650467,526.8,50
1719462650467,526.8,50
1719462650467,526.8,50
1719462653457,527.45,75
1719462653457,527.45,75
1719462657688,526.95,25
1719462657688,526.95,25
1719462657990,530.1,25
1719462658810,528.6,25
1719462658810,528.6,25
1719462658810,528.6,25
1719462658810,528.6,25
1719462658810,528.6,25
1719462663418,535.9,150
1719462663418,535.9,150
1719462664607,535.4,25
1719462665702,537.15,75
1719462665702,537.15,75
1719462666435,538.15,25
1719462666435,538.15,25
1719462666435,538.15,25
1719462669720,537.0,25
1719462669862,534.75,25
1719462670071,536.35,25
1719462670713,535.05,50
1719462671436,536.1,25
1719462671436,536.1,25
1719462671436,536.1,25
1719462674187,535.5,25
1719462674187,535.5,25
1719462675774,534.9,75
1719462676603,534.05,25
1719462676603,534.05,25
1719462676603,534.05,25
1719462676603,534.05,25
1719462680183,536.65,25
1719462680183,536.65,25
1719462681341,540.45,25
1719462681772,541.2,25
1719462681772,541.2,25
1719462682851,542.55,25
1719462683830,536.7,25
1719462684177,537.85,25
1719462684944,536.65,25
1719462685814,539.35,50
1719462685814,539.35,50
1719462686321,539.8,25
1719462686321,539.8,25
1719462687422,538.3,25
1719462687422,538.3,25
1719462687422,538.3,25
1719462690537,539.6,25
1719462690537,539.6,25
1719462690537,539.6,25
1719462693542,538.0,25
1719462693949,536.65,75
1719462693949,536.65,75
1719462693949,536.65,75
1719462695385,537.25,25
1719462695803,536.6,25
1719462696379,536.65,100
1719462696379,536.65,100
1719462702391,541.65,25
1719462703351,539.6,25
1719462703351,539.6,25
1719462704758,542.05,25
1719462705005,541.65,25
1719462735184,550.85,25
1719462736647,550.0,50
1719462736647,550.0,50
1719462737483,551.2,50
1719462737483,551.2,50
1719462738894,550.55,25
1719462739719,550.2,25
1719462740903,548.0,25
1719462741394,548.05,25
1719462741792,547.65,25
1719462741792,547.65,25
1719462744296,548.45,25
1719462745486,549.0,25
1719462746566,549.0,25
1719462746566,549.0,25
1719462746566,549.0,25
1719462746566,549.0,25
1719462750251,550.0,25
1719462750752,549.0,25
1719462751430,548.45,25
1719462751430,548.45,25
1719462751430,548.45,25
1719462753266,550.85,25
1719462753266,550.85,25
1719462753266,550.85,25
1719462756718,552.9,100
1719462756718,552.9,100
1719462758060,554.05,25
1719462758060,554.05,25
1719462758060,554.05,25
1719462767058,549.1,25
1719462767058,549.1,25
1719462767058,549.1,25
1719462771774,555.95,25
1719462771774,555.95,25
1719462772953,559.0,50
1719462773577,560.0,25
1719462773577,560.0,25
1719462773577,560.0,25
1719462776161,557.15,75
1719462776851,556.25,25
1719462776851,556.25,25
1719462776851,556.25,25
1719462779379,556.3,25
1719462779957,556.95,50
1719462779957,556.95,50
1719462779957,556.95,50
1719462781166,556.65,25
1719462781166,556.65,25
1719462781166,556.65,25
1719462783580,560.0,100
1719462783580,560.0,100
1719462785810,561.5,50
1719462785810,561.5,50
1719462787233,562.2,150
1719462787829,562.5,50
1719462787829,562.5,50
1719462789421,561.85,50
1719462789421,561.85,50
1719462789815,562.25,250
1719462790738,564.5,25
1719462790738,564.5,25
1719462791529,563.15,25
1719462791529,563.15,25
1719462793022,562.5,50
1719462793402,561.4,25
1719462793402,561.4,25
1719462793402,561.4,25
1719462795388,563.5,25
1719462795388,563.5,25
1719462798060,560.0,50
1719462798060,560.0,50
1719462798060,560.0,50
1719462798060,560.0,50
1719462798060,560.0,50
1719462802204,562.3,25
1719462803121,562.6,50
1719462803121,562.6,50
1719462804305,562.4,25
1719462804305,562.4,25
1719462805312,562.35,150
1719462806045,561.05,25
1719462807480,560.0,50
1719462807480,560.0,50
1719462807480,560.0,50
1719462807480,560.0,50
1719462810208,556.2,25
1719462810458,557.8,25
1719462810458,557.8,25
1719462812162,555.35,25
1719462812408,556.65,25
1719462812568,554.1,50
1719462814095,557.2,25
1719462814095,557.2,25
1719462815261,557.6,25
1719462815261,557.6,25
1719462817232,558.4,25
1719462817232,558.4,25
1719462817232,558.4,25
1719462817232,558.4,25
1719462821389,552.0,25
1719462821907,551.2,25
1719462821907,551.2,25
1719462821907,551.2,25
1719462825443,552.85,25
1719462825443,552.85,25
1719462826576,551.65,25
1719462826761,551.35,25
1719462826761,551.35,25
1719462827570,553.65,25
1719462828870,553.0,850
1719462828870,553.0,850
1719462828870,553.0,850
1719462828870,553.0,850
1719462828870,553.0,850
1719462833592,554.3,25
1719462833592,554.3,25
1719462833592,554.3,25
1719462833592,554.3,25
1719462836941,554.85,25
1719462836941,554.85,25
1719462839237,554.4,25
1719462839237,554.4,25
1719462839237,554.4,25
1719462839237,554.4,25
1719462841487,557.9,50
1719462841889,557.6,25
1719462841889,557.6,25
1719462841889,557.6,25
1719462841889,557.6,25
1719462845948,558.3,25
1719462846061,557.55,25
1719462846788,554.7,25
1719462847931,554.4,50
1719462847931,554.4,50
1719462847931,554.4,50
1719462849487,554.95,25
1719462850020,555.15,125
1719462850020,555.15,125
1719462851586,557.6,100
1719462851736,557.3,25
1719462851736,557.3,25
1719462851736,557.3,25
1719462856450,555.1,25
1719462856450,555.1,25
1719462856450,555.1,25
1719462858705,555.0,50
1719462858705,555.0,50
1719462860433,555.05,25
1719462860749,556.7,25
1719462861441,555.0,75
1719462861441,555.0,75
1719462862604,558.0,25
1719462862604,558.0,25
1719462863139,557.9,25
1719462863139,557.9,25
1719462865394,558.7,50
1719462865394,558.7,50
1719462865394,558.7,50
1719462869838,556.9,100
1719462869838,556.9,100
1719462870969,558.0,675
1719462870969,558.0,675
1719462870969,558.0,675
1719462873771,556.4,25
1719462873771,556.4,25
1719462873771,556.4,25
1719462873771,556.4,25
1719462873771,556.4,25
1719462878320,558.7,25
1719462878320,558.7,25
1719462879636,558.0,25
1719462879636,558.0,25
1719462879636,558.0,25
1719462881519,560.0,50
1719462881901,561.0,25
1719462881901,561.0,25
1719462881901,561.0,25
1719462881901,561.0,25
1719462881901,561.0,25
1719462887121,560.45,75
1719462887121,560.45,75
1719462887121,560.45,75
1719462887121,560.45,75
1719462891159,558.45,75
1719462891159,558.45,75
1719462891159,558.45,75
1719462893657,559.2,75
1719462893657,559.2,75
1719462894901,561.0,50
1719462894901,561.0,50
1719462897027,562.0,25
1719462897027,562.0,25
1719462898869,567.75,25
1719462899049,566.0,25
1719462899049,566.0,25
1719462900062,564.9,25
1719462900720,568.65,25
1719462900720,568.65,25
1719462902053,563.45,25
1719462902261,566.0,25
1719462902261,566.0,25
1719462903434,562.1,50
1719462904882,560.05,75
1719462904882,560.05,75
1719462904882,560.05,75
1719462907574,562.1,25
1719462908462,563.2,25
1719462908462,563.2,25
1719462908462,563.2,25
1719462908462,563.2,25
1719462908462,563.2,25
1719462912784,559.55,50
1719462912784,559.55,50
1719462912784,559.55,50
1719462912784,559.55,50
1719462912784,559.55,50
1719462912784,559.55,50
1719462919058,561.35,25
1719462919058,561.35,25
1719462920501,561.55,25
1719462921090,560.95,50
1719462921090,560.95,50
1719462921461,560.75,25
1719462921461,560.75,25
1719462921461,560.75,25
1719462921461,560.75,25
1719462925506,563.45,50
1719462925506,563.45,50
1719462927469,561.4,25
1719462927469,561.4,25
1719462927469,561.4,25
1719462927469,561.4,25
1719462930860,559.25,100
1719462931456,560.4,100
1719462932044,560.6,25
1719462932044,560.6,25
1719462932845,560.05,25
1719462932845,560.05,25
1719462934923,562.9,25
1719462934923,562.9,25
1719462934923,562.9,25
1719462934923,562.9,25
1719462939297,568.25,50
1719462939297,568.25,50
1719462941005,566.35,25
1719462942406,568.25,25
1719462942866,570.1,25
1719462943819,571.0,50
1719462944730,574.05,25
1719462945188,570.3,25
1719462946100,570.65,25
1719462946100,570.65,25
1719462947522,568.1,75
1719462947522,568.1,75
1719462948827,566.0,25
1719462949552,568.1,25
1719462950424,566.35,125
1719462950424,566.35,125
1719462952060,565.85,25
1719462952060,565.85,25
1719462952060,565.85,25
1719462952060,565.85,25
1719462956224,566.6,25
1719462956224,566.6,25
1719462956224,566.6,25
1719462956224,566.6,25
1719462956224,566.6,25
1719462956224,566.6,25
1719462956224,566.6,25
1719462956224,566.6,25
1719462963585,564.0,225
1719462963585,564.0,225
1719462965158,564.4,25
1719462965496,564.1,25
1719462966006,564.55,75
1719462966006,564.55,75
1719462966006,564.55,75
1719462969757,564.7,100
1719462969757,564.7,100
1719462969757,564.7,100
1719462971891,565.0,25
1719462971891,565.0,25
1719462973505,565.35,25
1719462973505,565.35,25
1719462973505,565.35,25
1719462973505,565.35,25
1719462973505,565.35,25
1719462978408,564.6,25
1719462978737,564.55,25
1719462978737,564.55,25
1719462979628,562.8,25
1719462979628,562.8,25
1719462981313,563.4,25
1719462981313,563.4,25
1719462982698,565.45,25
1719462982698,565.45,25
1719462984167,564.1,75
1719462984167,564.1,75
1719462984790,564.1,75
1719462984790,564.1,75
1719462986714,561.8,50
1719462987125,561.5,25
1719462987547,561.95,50
1719462987547,561.95,50
1719462987547,561.95,50
1719462987547,561.95,50
1719462987547,561.95,50
1719462987547,561.95,50
1719462992309,560.1,50
1719462992309,560.1,50
1719462994272,561.15,25
1719462994272,561.15,25
1719462995233,560.85,75
1719462995602,562.45,25
1719462995602,562.45,25
1719462995602,562.45,25
1719462995602,562.45,25
1719462995602,562.45,25
1719462995602,562.45,25
1719463002145,560.15,25
1719463002145,560.15,25
1719463010151,563.8,25
1719463010151,563.8,25
1719463016478,563.1,50
1719463016478,563.1,50
1719463016478,563.1,50
1719463016478,563.1,50
1719463016478,563.1,50
1719463021258,570.0,500
1719463021258,570.0,500
1719463021258,570.0,500
1719463021258,570.0,500
1719463021258,570.0,500
1719463027398,568.8,25
1719463027398,568.8,25
1719463027398,568.8,25
1719463028775,572.0,25
1719463028775,572.0,25
1719463030629,575.75,50
1719463030979,576.0,25
1719463030979,576.0,25
1719463033043,575.4,25
1719463033043,575.4,25
1719463033808,573.95,25
1719463034521,572.75,25
1719463034521,572.75,25
1719463035523,568.8,100
1719463035523,568.8,100
1719463035523,568.8,100
1719463035523,568.8,100
1719463035523,568.8,100
1719463035523,568.8,100
1719463041893,566.4,50
1719463041893,566.4,50
1719463041893,566.4,50
1719463043997,565.65,25
1719463044319,566.45,25
1719463044319,566.45,25
1719463044319,566.45,25
1719463048713,565.55,25
1719463048713,565.55,25
1719463049883,564.75,25
1719463049883,564.75,25
1719463052423,563.1,75
1719463052605,563.4,25
1719463052605,563.4,25
1719463053343,563.95,75
1719463053343,563.95,75
1719463053343,563.95,75
1719463053343,563.95,75
1719463053343,563.95,75
1719463058367,560.1,50
1719463058367,560.1,50
1719463059601,562.9,125
1719463059601,562.9,125
1719463060911,560.55,25
1719463060911,560.55,25
1719463062927,562.9,25
1719463062927,562.9,25
1719463065035,561.9,25
1719463065035,561.9,25
1719463066330,561.3,100
1719463066330,561.3,100
1719463066330,561.3,100
1719463068562,563.95,50
1719463068562,563.95,50
1719463070901,565.2,25
1719463070901,565.2,25
1719463070901,565.2,25
1719463073257,561.95,25
1719463073257,561.95,25
1719463073257,561.95,25
1719463073257,561.95,25
1719463076922,562.3,25
1719463077157,563.0,150
1719463077534,564.5,25
1719463078243,563.1,25
1719463078737,561.6,150
1719463078737,561.6,150
1719463079672,561.95,25
1719463079672,561.95,25
1719463080295,560.6,25
1719463080295,560.6,25
1719463080295,560.6,25
1719463082090,561.65,25
1719463082792,563.75,75
1719463083109,562.4,50
1719463083109,562.4,50
1719463083109,562.4,50
1719463083109,562.4,50
1719463083109,562.4,50
1719463083109,562.4,50
1719463083109,562.4,50
1719463091803,565.1,25
1719463092737,565.3,100
1719463093621,564.75,75
1719463093621,564.75,75
1719463093621,564.75,75
1719463093621,564.75,75
1719463096637,568.45,25
1719463097558,564.9,25
1719463097558,564.9,25
1719463098230,566.3,50
1719463098230,566.3,50
1719463098230,566.3,50
1719463098230,566.3,50
1719463098230,566.3,50
1719463098230,566.3,50
1719463098230,566.3,50
1719463098230,566.3,50
1719463098230,566.3,50
1719463098230,566.3,50
1719463098230,566.3,50
1719463098230,566.3,50
1719463098230,566.3,50
1719463098230,566.3,50
1719463098230,566.3,50
1719463098230,566.3,50
1719463098230,566.3,50
1719463098230,566.3,50
1719463098230,566.3,50
1719463098230,566.3,50
1719463121616,569.0,25
1719463121616,569.0,25
1719463122687,570.0,25
1719463122687,570.0,25
1719463122687,570.0,25
1719463122687,570.0,25
1719463127173,573.95,25
1719463127525,572.5,25
1719463127955,572.95,75
1719463128365,570.55,25
1719463128365,570.55,25
1719463128365,570.55,25
1719463130845,568.1,125
1719463131792,566.85,75
1719463131792,566.85,75
1719463131792,566.85,75
1719463131792,566.85,75
1719463131792,566.85,75
1719463131792,566.85,75
1719463131792,566.85,75
1719463138464,567.2,25
1719463138464,567.2,25
1719463138464,567.2,25
1719463138464,567.2,25
1719463138464,567.2,25
1719463138464,567.2,25
1719463138464,567.2,25
1719463138464,567.2,25
1719463138464,567.2,25
1719463138464,567.2,25
1719463149268,568.95,25
1719463149268,568.95,25
1719463149268,568.95,25
1719463149268,568.95,25
1719463149268,568.95,25
1719463149268,568.95,25
1719463154892,570.45,25
1719463154892,570.45,25
1719463157315,570.05,25
1719463157315,570.05,25
1719463157315,570.05,25
1719463159391,569.75,25
1719463159391,569.75,25
1719463159391,569.75,25
1719463159391,569.75,25
1719463162360,569.4,25
1719463162452,570.0,25
1719463162452,570.0,25
1719463162452,570.0,25
1719463162452,570.0,25
1719463162452,570.0,25
1719463167572,569.2,275
1719463167572,569.2,275
1719463169185,569.75,50
1719463169500,568.0,25
1719463169500,568.0,25
1719463169500,568.0,25
1719463169500,568.0,25
1719463169500,568.0,25
1719463169500,568.0,25
1719463173604,568.85,25
1719463173604,568.85,25
1719463173604,568.85,25
1719463173604,568.85,25
1719463173604,568.85,25
1719463173604,568.85,25
1719463173604,568.85,25
1719463173604,568.85,25
1719463173604,568.85,25
1719463173604,568.85,25
1719463173604,568.85,25
1719463173604,568.85,25
1719463173604,568.85,25
1719463189240,566.4,25
1719463189240,566.4,25
1719463191026,567.05,25
1719463191026,567.05,25
1719463191026,567.05,25
1719463192991,565.95,25
1719463192991,565.95,25
1719463192991,565.95,25
1719463192991,565.95,25
1719463192991,565.95,25
1719463192991,565.95,25
1719463192991,565.95,25
1719463200487,566.7,200
1719463200726,566.95,25
1719463200726,566.95,25
1719463200726,566.95,25
1719463200726,566.95,25
1719463203477,567.8,100
1719463203990,566.75,50
1719463203990,566.75,50
1719463205071,568.8,25
1719463205071,568.8,25
1719463206759,567.8,25
1719463206759,567.8,25
1719463206759,567.8,25
1719463209720,568.15,50
1719463209720,568.15,50
1719463211105,568.35,25
1719463211105,568.35,25
1719463211105,568.35,25
1719463211105,568.35,25
1719463214654,570.05,25
1719463214654,570.05,25
1719463214654,570.05,25
1719463218182,569.45,25
1719463218182,569.45,25
1719463218182,569.45,25
1719463218182,569.45,25
1719463218182,569.45,25
1719463218182,569.45,25
1719463218182,569.45,25
1719463218182,569.45,25
1719463218182,569.45,25
1719463227466,575.0,25
1719463227466,575.0,25
1719463227466,575.0,25
1719463227466,575.0,25
1719463230547,570.55,25
1719463230547,570.55,25
1719463231283,570.65,125
1719463231283,570.65,125
1719463232725,573.25,25
1719463232725,573.25,25
1719463234589,571.5,25
1719463234589,571.5,25
1719463235651,569.45,25
1719463235651,569.45,25
1719463235651,569.45,25
1719463238071,570.25,25
1719463238071,570.25,25
1719463238071,570.25,25
1719463238071,570.25,25
1719463238071,570.25,25
1719463238071,570.25,25
1719463238071,570.25,25
1719463238071,570.25,25
1719463238071,570.25,25
1719463238071,570.25,25
1719463238071,570.25,25
1719463250412,567.4,25
1719463250865,567.2,25
1719463250865,567.2,25
1719463250865,567.2,25
1719463250865,567.2,25
1719463257325,567.45,25
1719463257325,567.45,25
1719463257325,567.45,25
1719463257325,567.45,25
1719463257325,567.45,25
1719463257325,567.45,25
1719463257325,567.45,25
1719463264247,569.05,25
1719463264247,569.05,25
1719463264247,569.05,25
1719463264247,569.05,25
1719463281179,575.75,25
1719463281179,575.75,25
1719463282236,575.4,25
1719463282236,575.4,25
1719463282956,576.85,175
1719463283838,575.75,75
1719463283838,575.75,75
1719463285233,574.0,25
1719463285233,574.0,25
1719463288071,572.3,100
1719463288359,571.05,100
1719463288359,571.05,100
1719463288359,571.05,100
1719463288359,571.05,100
1719463290680,573.9,25
1719463290735,573.95,25
1719463290735,573.95,25
1719463291974,574.15,25
1719463292738,573.85,25
1719463292738,573.85,25
1719463293967,574.7,25
1719463293967,574.7,25
1719463293967,574.7,25
1719463296065,574.65,25
1719463296065,574.65,25
1719463296065,574.65,25
1719463298075,575.35,25
1719463298075,575.35,25
1719463300115,575.9,25
1719463300248,575.0,175
1719463300331,575.95,25
1719463300331,575.95,25
1719463300331,575.95,25
1719463304203,574.95,25
1719463304947,574.0,25
1719463306271,574.0,25
1719463306271,574.0,25
1719463308319,574.15,25
1719463308384,572.1,25
1719463308384,572.1,25
1719463308384,572.1,25
1719463310379,572.9,25
1719463310379,572.9,25
1719463312477,574.85,25
1719463312477,574.85,25
1719463312477,574.85,25
1719463314534,575.3,25
1719463314534,575.3,25
1719463315764,575.35,25
1719463316562,575.45,25
1719463316562,575.45,25
1719463316562,575.45,25
1719463318626,574.1,25
1719463319293,571.9,25
1719463319293,571.9,25
1719463325273,576.3,25
1719463325273,576.3,25
1719463325273,576.3,25
1719463356617,577.65,25
1719463356617,577.65,25
1719463361163,579.0,25
1719463361163,579.0,25
1719463361518,577.85,25
1719463361518,577.85,25
1719463361518,577.85,25
1719463361518,577.85,25
1719463361518,577.85,25
1719463361518,577.85,25
1719463361518,577.85,25
1719463369871,576.5,25
1719463369871,576.5,25
1719463369871,576.5,25
1719463369871,576.5,25
1719463372703,579.5,25
1719463372703,579.5,25
1719463378451,576.5,25
1719463380019,574.2,25
1719463380019,574.2,25
1719463380019,574.2,25
1719463380019,574.2,25
1719463382414,573.7,25
1719463382816,574.1,25
1719463382816,574.1,25
1719463382816,574.1,25
1719463382816,574.1,25
1719463382816,574.1,25
1719463382816,574.1,25
1719463382816,574.1,25
1719463382816,574.1,25
1719463382816,574.1,25
1719463382816,574.1,25
1719463395032,571.2,50
1719463395032,571.2,50
1719463395032,571.2,50
1719463395032,571.2,50
1719463398935,570.0,25
1719463400166,572.45,50
1719463400166,572.45,50
1719463400499,570.5,50
1719463400499,570.5,50
1719463402406,570.0,50
1719463402406,570.0,50
1719463402406,570.0,50
1719463404330,569.0,25
1719463404330,569.0,25
1719463404330,569.0,25
1719463406918,568.0,50
1719463407094,568.0,25
1719463408090,566.9,25
1719463408090,566.9,25
1719463408828,566.5,25
1719463409636,565.0,25
1719463409636,565.0,25
1719463409636,565.0,25
1719463410702,564.6,25
1719463410702,564.6,25
1719463410702,564.6,25
1719463410702,564.6,25
1719463410702,564.6,25
1719463410702,564.6,25
1719463410702,564.6,25
1719463410702,564.6,25
1719463421361,564.6,25
1719463421361,564.6,25
1719463421361,564.6,25
1719463424004,563.0,25
1719463424004,563.0,25
1719463424004,563.0,25
1719463424004,563.0,25
1719463428139,561.0,25
1719463428242,560.0,50
1719463429315,554.75,25
1719463429315,554.75,25
1719463431524,555.85,25
1719463432016,555.15,150
1719463433468,552.7,25
1719463433468,552.7,25
1719463434855,554.75,25
1719463435511,553.05,25
1719463435687,552.7,25
1719463435687,552.7,25
1719463438001,554.95,25
1719463438001,554.95,25
1719463438001,554.95,25
1719463438001,554.95,25
1719463440316,555.0,250
1719463440316,555.0,250
1719463441703,555.8,150
1719463442329,555.75,25
1719463442802,555.9,75
1719463442802,555.9,75
1719463443431,556.85,25
1719463443431,556.85,25
1719463443431,556.85,25
1719463462504,556.55,25
1719463462504,556.55,25
1719463468690,557.9,25
1719463468690,557.9,25
1719463469773,560.25,75
1719463469773,560.25,75
1719463470256,561.85,25
1719463470256,561.85,25
1719463470256,561.85,25
1719463473129,564.5,50
1719463473129,564.5,50
1719463473997,563.6,25
1719463473997,563.6,25
1719463473997,563.6,25
1719463477997,562.45,25
1719463478754,561.0,25
1719463479206,560.0,25
1719463479206,560.0,25
1719463479206,560.0,25
1719463479206,560.0,25
1719463479206,560.0,25
1719463483294,556.55,225
1719463483294,556.55,225
1719463483294,556.55,225
1719463483294,556.55,225
1719463483294,556.55,225
1719463489300,557.95,25
1719463489300,557.95,25
1719463491450,556.0,25
1719463491450,556.0,25
1719463492011,556.75,25
1719463492679,555.0,25
1719463492679,555.0,25
1719463492679,555.0,25
1719463492679,555.0,25
1719463492679,555.0,25
1719463492679,555.0,25
1719463492679,555.0,25
1719463492679,555.0,25
1719463492679,555.0,25
1719463492679,555.0,25
1719463492679,555.0,25
1719463504558,555.4,25
1719463504558,555.4,25
1719463505703,555.0,75
1719463505703,555.0,75
1719463505703,555.0,75
1719463505703,555.0,75
1719463505703,555.0,75
1719463511926,553.05,25
1719463512632,554.25,25
1719463513041,552.55,25
1719463513041,552.55,25
1719463515439,553.05,100
1719463515439,553.05,100
1719463517639,552.1,25
1719463518000,552.35,25
1719463518000,552.35,25
1719463518000,552.35,25
1719463519448,554.35,25
1719463519668,553.5,25
1719463519668,553.5,25
1719463521988,555.6,25
1719463521988,555.6,25
1719463521988,555.6,25
1719463525423,558.25,50
1719463525423,558.25,50
1719463525423,558.25,50
1719463528404,558.4,25
1719463528404,558.4,25
1719463528404,558.4,25
1719463528404,558.4,25
1719463528404,558.4,25
1719463528404,558.4,25
1719463528404,558.4,25
1719463528404,558.4,25
1719463528404,558.4,25
1719463528404,558.4,25
1719463528404,558.4,25
1719463528404,558.4,25
1719463528404,558.4,25
1719463528404,558.4,25
1719463545096,564.2,50
1719463545096,564.2,50
1719463545719,564.15,25
1719463545719,564.15,25
1719463550169,566.0,100
1719463550169,566.0,100
1719463553261,563.65,25
1719463553261,563.65,25
1719463555155,561.9,25
1719463555155,561.9,25
1719463555155,561.9,25
1719463555155,561.9,25
1719463555155,561.9,25
1719463555155,561.9,25
1719463560406,562.1,25
1719463560406,562.1,25
1719463560406,562.1,25
1719463560406,562.1,25
1719463560406,562.1,25
1719463560406,562.1,25
1719463560406,562.1,25
1719463560406,562.1,25
1719463560406,562.1,25
1719463560406,562.1,25
1719463560406,562.1,25
1719463560406,562.1,25
1719463560406,562.1,25
1719463576067,556.2,50
1719463576067,556.2,50
1719463576067,556.2,50
1719463576067,556.2,50
1719463579843,555.0,25
1719463580368,556.0,25
1719463580368,556.0,25
1719463581139,556.05,125
1719463581139,556.05,125
1719463581139,556.05,125
1719463581139,556.05,125
1719463585323,552.85,25
1719463585323,552.85,25
1719463585323,552.85,25
1719463585323,552.85,25
1719463585323,552.85,25
1719463585323,552.85,25
1719463585323,552.85,25
1719463591293,555.8,25
1719463591293,555.8,25
1719463592256,553.3,100
1719463592256,553.3,100
1719463592256,553.3,100
1719463592256,553.3,100
1719463596106,554.55,25
1719463596106,554.55,25
1719463596106,554.55,25
1719463598532,554.3,50
1719463598532,554.3,50
1719463598532,554.3,50
1719463598532,554.3,50
1719463598532,554.3,50
1719463610532,558.3,25
1719463610532,558.3,25
1719463610532,558.3,25
1719463610532,558.3,25
1719463610532,558.3,25
1719463610532,558.3,25
1719463610532,558.3,25
1719463610532,558.3,25
1719463610532,558.3,25
1719463610532,558.3,25
1719463610532,558.3,25
1719463610532,558.3,25
1719463610532,558.3,25
1719463626202,553.0,25
1719463626904,553.05,25
1719463626904,553.05,25
1719463626904,553.05,25
1719463626904,553.05,25
1719463626904,553.05,25
1719463632716,555.85,25
1719463633897,556.8,25
1719463633897,556.8,25
1719463634764,556.55,150
1719463634764,556.55,150
1719463634764,556.55,150
1719463636956,556.15,25
1719463636956,556.15,25
1719463636956,556.15,25
1719463636956,556.15,25
1719463636956,556.15,25
1719463642265,558.35,25
1719463642265,558.35,25
1719463642265,558.35,25
1719463644156,560.0,25
1719463644156,560.0,25
1719463644156,560.0,25
1719463644156,560.0,25
1719463665911,552.0,25
1719463665911,552.0,25
1719463665911,552.0,25
1719463672234,554.4,25
1719463672234,554.4,25
1719463672234,554.4,25
1719463672234,554.4,25
1719463672234,554.4,25
1719463684811,553.0,50
1719463755634,559.65,25
1719463760070,566.0,50
1719463760070,566.0,50
1719463760070,566.0,50
1719463760070,566.0,50
1719463760070,566.0,50
1719463760070,566.0,50
1719463769231,561.05,25
1719463769231,561.05,25
1719463769231,561.05,25
1719463769231,561.05,25
1719463776767,565.8,25
1719463776767,565.8,25
1719463776995,566.95,25
1719463776995,566.95,25
1719463776995,566.95,25
1719463780081,564.25,25
1719463780081,564.25,25
1719463780081,564.25,25
1719463780081,564.25,25
1719463780081,564.25,25
1719463780081,564.25,25
1719463780081,564.25,25
1719463780081,564.25,25
1719463788109,563.85,25
1719463788109,563.85,25
1719463788109,563.85,25
1719463788109,563.85,25
1719463788109,563.85,25
1719463788109,563.85,25
1719463788109,563.85,25
1719463788109,563.85,25
1719463788109,563.85,25
1719463788109,563.85,25
1719463799261,565.95,25
1719463799261,565.95,25
1719463799261,565.95,25
1719463799261,565.95,25
1719463799261,565.95,25
1719463799261,565.95,25
1719463799261,565.95,25
1719463806369,562.1,250
1719463806369,562.1,250
1719463806369,562.1,250
1719463808493,565.2,25
1719463808709,565.15,25
1719463808709,565.15,25
1719463808709,565.15,25
1719463808709,565.15,25
1719463808709,565.15,25
1719463816062,571.75,150
1719463816062,571.75,150
1719463817975,566.65,25
1719463817975,566.65,25
1719463818800,567.3,50
1719463818800,567.3,50
1719463818800,567.3,50
1719463818800,567.3,50
1719463818800,567.3,50
1719463818800,567.3,50
1719463818800,567.3,50
1719463818800,567.3,50
1719463827988,566.5,50
1719463827988,566.5,50
1719463827988,566.5,50
1719463829909,564.0,25
1719463829909,564.0,25
1719463829909,564.0,25
1719463829909,564.0,25
1719463829909,564.0,25
1719463829909,564.0,25
1719463829909,564.0,25
1719463829909,564.0,25
1719463829909,564.0,25
1719463829909,564.0,25
1719463829909,564.0,25
1719463843005,561.85,50
1719463843005,561.85,50
1719463843005,561.85,50
1719463843005,561.85,50
1719463843005,561.85,50
1719463843005,561.85,50
1719463843005,561.85,50
1719463843005,561.85,50
1719463843005,561.85,50
1719463843005,561.85,50
1719463856503,560.0,125
1719463856503,560.0,125
1719463856503,560.0,125
1719463859911,564.4,50
1719463859911,564.4,50
1719463859911,564.4,50
1719463859911,564.4,50
1719463859911,564.4,50
1719463859911,564.4,50
1719463859911,564.4,50
1719463859911,564.4,50
1719463859911,564.4,50
1719463859911,564.4,50
1719463872200,565.8,25
1719463872200,565.8,25
1719463872200,565.8,25
1719463872200,565.8,25
1719463872200,565.8,25
1719463872200,565.8,25
1719463872200,565.8,25
1719463872200,565.8,25
1719463881410,566.85,25
1719463881410,566.85,25
1719463924840,565.2,25
1719463924840,565.2,25
1719463924840,565.2,25
1719463924840,565.2,25
1719463924840,565.2,25
1719463924840,565.2,25
1719463924840,565.2,25
1719463933636,568.0,25
1719463933636,568.0,25
1719463935010,569.0,75
1719463935010,569.0,75
1719463935010,569.0,75
1719463935010,569.0,75
1719463942917,567.45,25
1719463942917,567.45,25
1719463942917,567.45,25
1719463942917,567.45,25
1719463942917,567.45,25
1719463953783,565.0,25
1719463953783,565.0,25
1719463953783,565.0,25
1719463955995,563.85,100
1719463955995,563.85,100
1719463956587,562.0,25
1719463956587,562.0,25
1719463956587,562.0,25
1719463959601,563.45,25
1719463959601,563.45,25
1719463959601,563.45,25
1719463959601,563.45,25
1719463959601,563.45,25
1719463959601,563.45,25
1719463959601,563.45,25
1719463959601,563.45,25
1719463959601,563.45,25
1719463959601,563.45,25
1719463959601,563.45,25
1719463959601,563.45,25
1719463959601,563.45,25
1719463959601,563.45,25
1719463959601,563.45,25
1719463959601,563.45,25
1719463959601,563.45,25
1719463959601,563.45,25
1719463978896,563.3,25
1719463978896,563.3,25
1719463978896,563.3,25
1719463978896,563.3,25
1719463981593,565.6,25
1719463981593,565.6,25
1719463981593,565.6,25
1719463981593,565.6,25
1719463981593,565.6,25
1719463981593,565.6,25
1719463981593,565.6,25
1719463981593,565.6,25
1719463981593,565.6,25
1719463981593,565.6,25
1719463981593,565.6,25
1719463981593,565.6,25
1719463981593,565.6,25
1719463981593,565.6,25
1719463981593,565.6,25
1719463999211,561.0,25
1719463999211,561.0,25
1719464000683,560.0,25
1719464001115,560.0,25
1719464001115,560.0,25
1719464001115,560.0,25
1719464001115,560.0,25
1719464001115,560.0,25
1719464005752,560.6,50
1719464005752,560.6,50
1719464005752,560.6,50
1719464005752,560.6,50
1719464005752,560.6,50
1719464005752,560.6,50
1719464005752,560.6,50
1719464005752,560.6,50
1719464005752,560.6,50
1719464005752,560.6,50
1719464005752,560.6,50
1719464005752,560.6,50
1719464005752,560.6,50
1719464005752,560.6,50
1719464005752,560.6,50
1719464005752,560.6,50
1719464005752,560.6,50
1719464005752,560.6,50
1719464005752,560.6,50
1719464005752,560.6,50
1719464005752,560.6,50
1719464005752,560.6,50
1719464005752,560.6,50
1719464005752,560.6,50
1719464005752,560.6,50
1719464036060,558.4,75
1719464036060,558.4,75
1719464036060,558.4,75
1719464036060,558.4,75
1719464036060,558.4,75
1719464036060,558.4,75
1719464036060,558.4,75
1719464036060,558.4,75
1719464044414,557.15,75
1719464044414,557.15,75
1719464044414,557.15,75
1719464044414,557.15,75
1719464044414,557.15,75
1719464044414,557.15,75
1719464044414,557.15,75
1719464044414,557.15,75
1719464044414,557.15,75
1719464053671,555.0,25
1719464054225,557.15,25
1719464054225,557.15,25
1719464054225,557.15,25
1719464054225,557.15,25
1719464054225,557.15,25
1719464054225,557.15,25
1719464054225,557.15,25
1719464061718,557.85,25
1719464062076,557.15,50
1719464062076,557.15,50
1719464062076,557.15,50
1719464064411,555.7,25
1719464067488,555.75,25
1719464067488,555.75,25
1719464067488,555.75,25
1719464067488,555.75,25
1719464067488,555.75,25
1719464080175,554.2,25
1719464080175,554.2,25
1719464080175,554.2,25
1719464080175,554.2,25
1719464084080,552.5,25
1719464084447,553.15,50
1719464084447,553.15,50
1719464086358,551.4,25
1719464088507,551.0,25
1719464088507,551.0,25
1719464090696,552.35,25
1719464090696,552.35,25
1719464090696,552.35,25
1719464092510,555.75,50
1719464092510,555.75,50
1719464092510,555.75,50
1719464092510,555.75,50
1719464096472,559.1,25
1719464096472,559.1,25
1719464096472,559.1,25
1719464096472,559.1,25
1719464096472,559.1,25
1719464096472,559.1,25
1719464096472,559.1,25
1719464096472,559.1,25
1719464119015,559.0,150
1719464119015,559.0,150
1719464119015,559.0,150
1719464119015,559.0,150
1719464125491,557.45,25
1719464125491,557.45,25
1719464125491,557.45,25
1719464125491,557.45,25
1719464125491,557.45,25
1719464125491,557.45,25
1719464125491,557.45,25
1719464165241,558.8,25
1719464165241,558.8,25
1719464165241,558.8,25
1719464165241,558.8,25
1719464165241,558.8,25
1719464165241,558.8,25
1719464173447,560.0,25
1719464173447,560.0,25
1719464175407,559.7,25
1719464175407,559.7,25
1719464175407,559.7,25
1719464175407,559.7,25
1719464175407,559.7,25
1719464175407,559.7,25
1719464175407,559.7,25
1719464175407,559.7,25
1719464183677,559.7,25
1719464192064,557.55,25
1719464192064,557.55,25
1719464208418,561.55,25
1719464208418,561.55,25
1719464208418,561.55,25
1719464210601,559.35,25
1719464210601,559.35,25
1719464210601,559.35,25
1719464210601,559.35,25
1719464214439,558.55,50
1719464214439,558.55,50
1719464214439,558.55,50
1719464214439,558.55,50
1719464214439,558.55,50
1719464219081,564.45,25
1719464219081,564.45,25
1719464219081,564.45,25
1719464220383,565.0,25
1719464220383,565.0,25
1719464220383,565.0,25
1719464223494,565.0,100
1719464223494,565.0,100
1719464223494,565.0,100
1719464226055,566.0,250
1719464227975,567.0,25
1719464227975,567.0,25
1719464230332,568.35,25
1719464230675,570.0,25
1719464232142,569.4,25
1719464232378,571.6,25
1719464232905,569.8,50
1719464232905,569.8,50
1719464234873,570.0,25
1719464234873,570.0,25
1719464234873,570.0,25
1719464234873,570.0,25
1719464238116,570.4,25
1719464238116,570.4,25
1719464239209,567.95,25
1719464239448,569.55,25
1719464239740,569.75,25
1719464240659,567.8,25
1719464242103,569.95,25
1719464242103,569.95,25
1719464242103,569.95,25
1719464244564,570.8,25
1719464244564,570.8,25
1719464244564,570.8,25
1719464244564,570.8,25
1719464246950,574.1,25
1719464247523,572.55,25
1719464248295,578.15,25
1719464248351,578.85,25
1719464248351,578.85,25
1719464248351,578.85,25
1719464250982,578.8,25
1719464250982,578.8,25
1719464252105,575.95,25
1719464252105,575.95,25
1719464252105,575.95,25
1719464255130,580.05,25
1719464255130,580.05,25
1719464255130,580.05,25
1719464255130,580.05,25
1719464258700,580.5,25
1719464259283,579.5,50
1719464259283,579.5,50
1719464259283,579.5,50
1719464263424,579.0,25
1719464263573,581.05,25
1719464264233,580.95,25
1719464264233,580.95,25
1719464265004,580.0,25
1719464265004,580.0,25
1719464266438,579.75,50
1719464266438,579.75,50
1719464266438,579.75,50
1719464269348,579.75,250
1719464269348,579.75,250
1719464269348,579.75,250
1719464270925,579.0,50
1719464270925,579.0,50
1719464270925,579.0,50
1719464270925,579.0,50
1719464270925,579.0,50
1719464292152,583.8,25
1719464292152,583.8,25
1719464292152,583.8,25
1719464294122,581.4,75
1719464294122,581.4,75
1719464294122,581.4,75
1719464296541,582.6,25
1719464296541,582.6,25
1719464296541,582.6,25
1719464299267,584.05,25
1719464299267,584.05,25
1719464299267,584.05,25
1719464301057,581.75,25
1719464301057,581.75,25
1719464301057,581.75,25
1719464303046,582.1,125
1719464303274,582.6,25
1719464303274,582.6,25
1719464304832,582.75,25
1719464304832,582.75,25
1719464304832,582.75,25
1719464306741,581.4,25
1719464307062,581.85,25
1719464307062,581.85,25
1719464307062,581.85,25
1719464309677,585.55,25
1719464309677,585.55,25
1719464309677,585.55,25
1719464309677,585.55,25
1719464309677,585.55,25
1719464313073,584.95,75
1719464313639,585.0,25
1719464313639,585.0,25
1719464314601,588.0,25
1719464315377,586.4,50
1719464315936,588.35,25
1719464316529,585.95,50
1719464316529,585.95,50
1719464316529,585.95,50
1719464316529,585.95,50
1719464316529,585.95,50
1719464316529,585.95,50
1719464321938,588.0,25
1719464322503,589.15,25
1719464323419,589.9,25
1719464323419,589.9,25
1719464323419,589.9,25
1719464326484,588.6,25
1719464326611,589.35,25
1719464326611,589.35,25
1719464327577,585.55,25
1719464327577,585.55,25
1719464327577,585.55,25
1719464329715,582.9,25
1719464329715,582.9,25
1719464365690,584.9,25
1719464365690,584.9,25
1719464365690,584.9,25
1719464365690,584.9,25
1719464365690,584.9,25
1719464371526,584.55,25
1719464372333,586.05,75
1719464372333,586.05,75
1719464375087,585.5,25
1719464375087,585.5,25
1719464380218,582.85,25
1719464380218,582.85,25
1719464380218,582.85,25
1719464382707,585.95,25
1719464382707,585.95,25
1719464382707,585.95,25
1719464384969,581.75,75
1719464384969,581.75,75
1719464385278,584.35,25
1719464385278,584.35,25
1719464385278,584.35,25
1719464385278,584.35,25
1719464389765,584.65,25
1719464389765,584.65,25
1719464389765,584.65,25
1719464392466,584.0,25
1719464392466,584.0,25
1719464392466,584.0,25
1719464392466,584.0,25
1719464392466,584.0,25
1719464396740,585.35,25
1719464396740,585.35,25
1719464396740,585.35,25
1719464396740,585.35,25
1719464396740,585.35,25
1719464401290,584.6,25
1719464401290,584.6,25
1719464401290,584.6,25
1719464401290,584.6,25
1719464405035,584.6,25
1719464405035,584.6,25
1719464405830,586.0,125
1719464406148,585.2,25
1719464406148,585.2,25
1719464406148,585.2,25
1719464406148,585.2,25
1719464406148,585.2,25
1719464406148,585.2,25
1719464406148,585.2,25
1719464413493,582.6,25
1719464414285,582.75,100
1719464414285,582.75,100
1719464414285,582.75,100
1719464414285,582.75,100
1719464417890,584.65,25
1719464417890,584.65,25
1719464417890,584.65,25
1719464417890,584.65,25
1719464417890,584.65,25
1719464417890,584.65,25
1719464423899,585.0,25
1719464423899,585.0,25
1719464423899,585.0,25
1719464425247,585.25,25
1719464425247,585.25,25
1719464425247,585.25,25
1719464425247,585.25,25
1719464425247,585.25,25
1719464425247,585.25,25
1719464430715,585.5,25
1719464430715,585.5,25
1719464430715,585.5,25
1719464433376,585.9,25
1719464433376,585.9,25
1719464434897,585.4,50
1719464435540,587.0,25
1719464435540,587.0,25
1719464438063,588.6,75
1719464438063,588.6,75
1719464438063,588.6,75
1719464438063,588.6,75
1719464438063,588.6,75
1719464438063,588.6,75
1719464438063,588.6,75
1719464445366,587.35,25
1719464445366,587.35,25
1719464445366,587.35,25
1719464445366,587.35,25
1719464447925,585.0,175
1719464447925,585.0,175
1719464449608,585.0,400
1719464449608,585.0,400
1719464449608,585.0,400
1719464453641,584.6,25
1719464453641,584.6,25
1719464457528,585.25,25
1719464457528,585.25,25
1719464457528,585.25,25
1719464462156,581.7,25
1719464462156,581.7,25
1719464462156,581.7,25
1719464462156,581.7,25
1719464465346,580.0,25
1719464465916,580.0,50
1719464465916,580.0,50
1719464465916,580.0,50
1719464465916,580.0,50
1719464465916,580.0,50
1719464465916,580.0,50
1719464471614,583.75,25
1719464471614,583.75,25
1719464471614,583.75,25
1719464471614,583.75,25
1719464475177,584.35,25
1719464475177,584.35,25
1719464475177,584.35,25
1719464475177,584.35,25
1719464475177,584.35,25
1719464475177,584.35,25
1719464475177,584.35,25
1719464480838,581.3,25
1719464480838,581.3,25
1719464482211,580.45,25
1719464482211,580.45,25
1719464483928,581.25,25
1719464483928,581.25,25
1719464483928,581.25,25
1719464483928,581.25,25
1719464483928,581.25,25
1719464483928,581.25,25
1719464483928,581.25,25
1719464483928,581.25,25
1719464483928,581.25,25
1719464483928,581.25,25
1719464493782,581.1,25
1719464493782,581.1,25
1719464493782,581.1,25
1719464493782,581.1,25
1719464493782,581.1,25
1719464493782,581.1,25
1719464493782,581.1,25
1719464500686,585.0,150
1719464500686,585.0,150
1719464500686,585.0,150
1719464500686,585.0,150
1719464500686,585.0,150
1719464500686,585.0,150
1719464500686,585.0,150
1719464500686,585.0,150
1719464500686,585.0,150
1719464500686,585.0,150
1719464500686,585.0,150
1719464500686,585.0,150
1719464500686,585.0,150
1719464500686,585.0,150
1719464500686,585.0,150
1719464500686,585.0,150
1719464500686,585.0,150
1719464500686,585.0,150
1719464500686,585.0,150
1719464500686,585.0,150
1719464522248,577.2,25
1719464522641,574.0,25
1719464522641,574.0,25
1719464522641,574.0,25
1719464522641,574.0,25
1719464527847,576.3,25
1719464528068,576.25,75
1719464528209,577.95,25
1719464528209,577.95,25
1719464528209,577.95,25
1719464528209,577.95,25
1719464531565,577.0,25
1719464531565,577.0,25
1719464536405,575.0,25
1719464536405,575.0,25
1719464536405,575.0,25
1719464536405,575.0,25
1719464536405,575.0,25
1719464541235,573.9,25
1719464541235,573.9,25
1719464541235,573.9,25
1719464541235,573.9,25
1719464541235,573.9,25
1719464541235,573.9,25
1719464541235,573.9,25
1719464562884,574.0,100
1719464562884,574.0,100
1719464562884,574.0,100
1719464562884,574.0,100
1719464562884,574.0,100
1719464570374,570.35,200
1719464570374,570.35,200
1719464570374,570.35,200
1719464570374,570.35,200
1719464570374,570.35,200
1719464575295,572.15,25
1719464575295,572.15,25
1719464575295,572.15,25
1719464575295,572.15,25
1719464575295,572.15,25
1719464588329,572.65,25
1719464588329,572.65,25
1719464589052,568.0,25
1719464589052,568.0,25
1719464590883,565.0,25
1719464591456,564.4,25
1719464591456,564.4,25
1719464591456,564.4,25
1719464591456,564.4,25
1719464596056,562.2,25
1719464596056,562.2,25
1719464596056,562.2,25
1719464599667,558.5,25
1719464599857,558.6,25
1719464599857,558.6,25
1719464601321,553.9,25
1719464601686,552.05,25
1719464601686,552.05,25
1719464601686,552.05,25
1719464605889,550.6,25
1719464606511,550.0,75
1719464606779,545.0,25
1719464606779,545.0,25
1719464608143,540.0,25
1719464608143,540.0,25
1719464608684,541.2,75
1719464609976,535.95,25
1719464610302,532.75,25
1719464610847,534.85,25
1719464611562,529.9,25
1719464611864,527.3,25
1719464611915,525.0,25
1719464612388,518.55,25
1719464612388,518.55,25
1719464624370,524.9,25
1719464628039,525.9,25
1719464628039,525.9,25
1719464628039,525.9,25
1719464628039,525.9,25
1719464631481,532.3,50
1719464631481,532.3,50
1719464633498,530.0,25
1719464633498,530.0,25
1719464634421,527.9,25
1719464634881,522.75,25
1719464635340,523.65,125
1719464635340,523.65,125
1719464636771,517.55,50
1719464636771,517.55,50
1719464638739,519.3,25
1719464638739,519.3,25
1719464640222,518.4,50
1719464641225,517.5,25
1719464641225,517.5,25
1719464641225,517.5,25
1719464641225,517.5,25
1719464645595,523.5,25
1719464646029,520.5,50
1719464646029,520.5,50
1719464647799,529.05,25
1719464647799,529.05,25
1719464647799,529.05,25
1719464649614,528.5,25
1719464650603,524.2,25
1719464650603,524.2,25
1719464650603,524.2,25
1719464650603,524.2,25
1719464653747,524.0,25
1719464653747,524.0,25
1719464653747,524.0,25
1719464656683,520.75,50
1719464656683,520.75,50
1719464658278,521.9,25
1719464658278,521.9,25
1719464660050,527.6,50
1719464660050,527.6,50
1719464662740,527.1,50
1719464662740,527.1,50
1719464662740,527.1,50
1719464664465,519.05,25
1719464665454,520.0,300
1719464665454,520.0,300
1719464665454,520.0,300
1719464665454,520.0,300
1719464669308,519.15,25
1719464669308,519.15,25
1719464669376,521.15,25
1719464669376,521.15,25
1719464669376,521.15,25
1719464670785,523.85,25
1719464671878,527.3,100
1719464671878,527.3,100
1719464671878,527.3,100
1719464674521,525.65,25
1719464674521,525.65,25
1719464675524,528.35,125
1719464676009,527.6,100
1719464676009,527.6,100
1719464676009,527.6,100
1719464678512,527.0,50
1719464678665,524.85,125
1719464678665,524.85,125
1719464678665,524.85,125
1719464678665,524.85,125
1719464678665,524.85,125
1719464678665,524.85,125
1719464684279,526.25,25
1719464684700,524.45,50
1719464686051,525.85,50
1719464686051,525.85,50
1719464686051,525.85,50
1719464687739,523.1,25
1719464687887,521.2,25
1719464688320,521.35,150
1719464688607,522.2,25
1719464688607,522.2,25
1719464688607,522.2,25
1719464691331,520.1,100
1719464691445,520.0,25
1719464691445,520.0,25
1719464691445,520.0,25
1719464694093,519.05,25
1719464694373,512.8,25
1719464695455,516.05,25
1719464695455,516.05,25
1719464697261,514.3,50
1719464697261,514.3,50
1719464698764,513.0,75
1719464701831,505.15,25
1719464704719,502.95,25
1719464705358,506.7,50
1719464712160,515.0,500
1719464712913,514.8,25
1719464712913,514.8,25
1719464715279,518.0,25
1719464715279,518.0,25
1719464716916,519.0,25
1719464717075,519.65,50
1719464717075,519.65,50
1719464717075,519.65,50
1719464718860,517.3,50
1719464719744,516.1,25
1719464720039,517.75,25
1719464721141,514.5,25
1719464721466,514.65,50
1719464721466,514.65,50
1719464723157,512.6,25
1719464723157,512.6,25
1719464723157,512.6,25
1719464726216,511.5,25
1719464726706,511.5,75
1719464726706,511.5,75
1719464727890,512.6,25
1719464727890,512.6,25
1719464727890,512.6,25
1719464727890,512.6,25
1719464727890,512.6,25
1719464732067,513.85,25
1719464732067,513.85,25
1719464732067,513.85,25
1719464732067,513.85,25
1719464735167,516.2,50
1719464735167,516.2,50
1719464735167,516.2,50
1719464735167,516.2,50
1719464735167,516.2,50
1719464740369,516.55,75
1719464740369,516.55,75
1719464740369,516.55,75
1719464740369,516.55,75
1719464740369,516.55,75
1719464746800,516.25,50
1719464746800,516.25,50
1719464746800,516.25,50
1719464746800,516.25,50
1719464746800,516.25,50
1719464754028,519.95,25
1719464754028,519.95,25
1719464754028,519.95,25
1719464754028,519.95,25
1719464756526,526.0,25
1719464756526,526.0,25
1719464756526,526.0,25
1719464776708,520.65,25
1719464776708,520.65,25
1719464776708,520.65,25
1719464776708,520.65,25
1719464786866,527.45,25
1719464786866,527.45,25
1719464788107,526.7,25
1719464788107,526.7,25
1719464789009,528.65,25
1719464789009,528.65,25
1719464789009,528.65,25
1719464789009,528.65,25
1719464808232,527.5,50
1719464810434,526.2,25
1719464810434,526.2,25
1719464810434,526.2,25
1719464810434,526.2,25
1719464813978,523.75,25
1719464813978,523.75,25
1719464813978,523.75,25
1719464813978,523.75,25
1719464813978,523.75,25
1719464813978,523.75,25
1719464813978,523.75,25
1719464822730,525.5,25
1719464822730,525.5,25
1719464822730,525.5,25
1719464825286,521.6,150
1719464825286,521.6,150
1719464826961,522.15,25
1719464826961,522.15,25
1719464826961,522.15,25
1719464829214,524.3,325
1719464830572,530.0,25
1719464830572,530.0,25
1719464831228,532.0,25
1719464831228,532.0,25
1719464831228,532.0,25
1719464834791,529.95,25
1719464834791,529.95,25
1719464834791,529.95,25
1719464836568,528.3,25
1719464836568,528.3,25
1719464836568,528.3,25
1719464839560,529.95,25
1719464839560,529.95,25
1719464839968,529.95,25
1719464839968,529.95,25
1719464839968,529.95,25
1719464839968,529.95,25
1719464839968,529.95,25
1719464844901,529.95,100
1719464845242,532.75,25
1719464845242,532.75,25
1719464849771,531.6,25
1719464849771,531.6,25
1719464849771,531.6,25
1719464849771,531.6,25
1719464849771,531.6,25
1719464857108,534.1,25
1719464857108,534.1,25
1719464857108,534.1,25
1719464860012,535.6,25
1719464860012,535.6,25
1719464860012,535.6,25
1719464861593,536.25,25
1719464861593,536.25,25
1719464861593,536.25,25
1719464861593,536.25,25
1719464861593,536.25,25
1719464861593,536.25,25
1719464867642,535.6,25
1719464868405,536.0,25
1719464868405,536.0,25
1719464868405,536.0,25
1719464868405,536.0,25
1719464872941,536.8,25
1719464872941,536.8,25
1719464872941,536.8,25
1719464872941,536.8,25
1719464878601,537.3,350
1719464878601,537.3,350
1719464879920,535.7,25
1719464879920,535.7,25
1719464879920,535.7,25
1719464879920,535.7,25
1719464884525,531.7,25
1719464884525,531.7,25
1719464884525,531.7,25
1719464884525,531.7,25
1719464884525,531.7,25
1719464884525,531.7,25
1719464891301,531.0,25
1719464891826,530.0,25
1719464891826,530.0,25
1719464891826,530.0,25
1719464891826,530.0,25
1719464891826,530.0,25
1719464891826,530.0,25
1719464891826,530.0,25
1719464891826,530.0,25
1719464900237,527.5,25
1719464900237,527.5,25
1719464900237,527.5,25
1719464900237,527.5,25
1719464900237,527.5,25
1719464900237,527.5,25
1719464900237,527.5,25
1719464900237,527.5,25
1719464900237,527.5,25
1719464910235,540.0,50
1719464910524,542.0,25
1719464910524,542.0,25
1719464913832,540.45,25
1719464913832,540.45,25
1719464913832,540.45,25
1719464916177,537.45,25
1719464916177,537.45,25
1719464916177,537.45,25
1719464916177,537.45,25
1719464920520,539.4,275
1719464920520,539.4,275
1719464920520,539.4,275
1719464922422,535.35,225
1719464923318,536.55,25
1719464923318,536.55,25
1719464923318,536.55,25
1719464923318,536.55,25
1719464923318,536.55,25
1719464923318,536.55,25
1719464928096,533.6,25
1719464928096,533.6,25
1719464928096,533.6,25
1719464928096,533.6,25
1719464928096,533.6,25
1719464928096,533.6,25
1719464934209,530.25,25
1719464934209,530.25,25
1719464934209,530.25,25
1719464934209,530.25,25
1719464934209,530.25,25
1719464934209,530.25,25
1719464934209,530.25,25
1719464934209,530.25,25
1719464934209,530.25,25
1719464934209,530.25,25
1719464934209,530.25,25
1719464934209,530.25,25
1719464934209,530.25,25
1719464934209,530.25,25
1719464934209,530.25,25
1719464934209,530.25,25
1719464950937,530.25,25
1719464950937,530.25,25
1719464952609,528.3,25
1719464952609,528.3,25
1719464952609,528.3,25
1719464952609,528.3,25
1719464952609,528.3,25
1719464952609,528.3,25
1719464960277,531.85,150
1719464960277,531.85,150
1719464960277,531.85,150
1719464960277,531.85,150
1719464960277,531.85,150
1719464963874,529.55,25
1719464963874,529.55,25
1719464963874,529.55,25
1719464963874,529.55,25
1719464963874,529.55,25
1719464969999,530.4,25
1719464969999,530.4,25
1719464969999,530.4,25
1719464969999,530.4,25
1719464972955,530.0,25
1719464972955,530.0,25
1719464972955,530.0,25
1719464972955,530.0,25
1719464972955,530.0,25
1719464972955,530.0,25
1719464972955,530.0,25
1719464972955,530.0,25
1719464982368,527.35,25
1719464983013,530.0,25
1719464983013,530.0,25
1719464983013,530.0,25
1719464985274,529.7,25
1719464985274,529.7,25
1719464985274,529.7,25
1719464985274,529.7,25
1719464985274,529.7,25
1719464989654,526.5,100
1719464989654,526.5,100
1719464991084,527.05,25
1719464991084,527.05,25
1719464991084,527.05,25
1719464993792,524.15,25
1719464994328,524.3,25
1719464994328,524.3,25
1719464995028,525.9,50
1719464995028,525.9,50
1719464996854,529.75,350
1719464997225,526.55,50
1719464997225,526.55,50
1719464998396,526.3,25
1719464998396,526.3,25
1719464998396,526.3,25
1719464998396,526.3,25
1719464998396,526.3,25
1719464998396,526.3,25
1719464998396,526.3,25
1719464998396,526.3,25
1719464998396,526.3,25
1719464998396,526.3,25
1719465009861,527.05,25
1719465009861,527.05,25
1719465009861,527.05,25
1719465009861,527.05,25
1719465009861,527.05,25
1719465009861,527.05,25
1719465009861,527.05,25
1719465009861,527.05,25
1719465009861,527.05,25
1719465009861,527.05,25
1719465009861,527.05,25
1719465009861,527.05,25
1719465044322,526.4,25
1719465044322,526.4,25
1719465044322,526.4,25
1719465044322,526.4,25
1719465048944,527.75,50
1719465048944,527.75,50
1719465048944,527.75,50
1719465048944,527.75,50
1719465048944,527.75,50
1719465048944,527.75,50
1719465048944,527.75,50
1719465048944,527.75,50
1719465048944,527.75,50
1719465048944,527.75,50
1719465048944,527.75,50
1719465081366,525.05,25
1719465088400,522.5,100
1719465088400,522.5,100
1719465088400,522.5,100
1719465088400,522.5,100
1719465094900,518.4,25
1719465100327,518.55,25
1719465100327,518.55,25
1719465102039,514.1,25
1719465102039,514.1,25
1719465102311,514.45,25
1719465103796,515.0,100
1719465103796,515.0,100
1719465106014,517.9,100
1719465106014,517.9,100
1719465109389,517.55,25
1719465109800,514.95,175
1719465109800,514.95,175
1719465109800,514.95,175
1719465112427,517.75,50
1719465112644,516.5,25
1719465112644,516.5,25
1719465112644,516.5,25
1719465114320,516.05,25
1719465114779,514.45,50
1719465114779,514.45,50
1719465114779,514.45,50
1719465118158,512.55,25
1719465118158,512.55,25
1719465118158,512.55,25
1719465118158,512.55,25
1719465121608,515.3,25
1719465121608,515.3,25
1719465121608,515.3,25
1719465121608,515.3,25
1719465121608,515.3,25
1719465121608,515.3,25
1719465121608,515.3,25
1719465121608,515.3,25
1719465129840,516.9,50
1719465129840,516.9,50
1719465129840,516.9,50
1719465129840,516.9,50
1719465129840,516.9,50
1719465129840,516.9,50
1719465129840,516.9,50
1719465129840,516.9,50
1719465129840,516.9,50
1719465129840,516.9,50
1719465129840,516.9,50
1719465141197,517.9,25
1719465141197,517.9,25
1719465141197,517.9,25
1719465141197,517.9,25
1719465141197,517.9,25
1719465141197,517.9,25
1719465141197,517.9,25
1719465141197,517.9,25
1719465141197,517.9,25
1719465141197,517.9,25
1719465150100,521.0,100
1719465150198,522.4,50
1719465150198,522.4,50
1719465150198,522.4,50
1719465152958,522.95,25
1719465152958,522.95,25
1719465152958,522.95,25
1719465156360,521.1,25
1719465156360,521.1,25
1719465156360,521.1,25
1719465156360,521.1,25
1719465156360,521.1,25
1719465156360,521.1,25
1719465156360,521.1,25
1719465163156,523.0,100
1719465163156,523.0,100
1719465165596,524.15,50
1719465165596,524.15,50
1719465165596,524.15,50
1719465165596,524.15,50
1719465165596,524.15,50
1719465165596,524.15,50
1719465172624,519.2,25
1719465172624,519.2,25
1719465172624,519.2,25
1719465172624,519.2,25
1719465172624,519.2,25
1719465172624,519.2,25
1719465172624,519.2,25
1719465172624,519.2,25
1719465172624,519.2,25
1719465172624,519.2,25
1719465172624,519.2,25
1719465172624,519.2,25
1719465172624,519.2,25
1719465172624,519.2,25
1719465172624,519.2,25
1719465172624,519.2,25
1719465172624,519.2,25
1719465191165,517.6,50
1719465191165,517.6,50
1719465191165,517.6,50
1719465191165,517.6,50
1719465191165,517.6,50
1719465191165,517.6,50
1719465191165,517.6,50
1719465191165,517.6,50
1719465200047,515.4,50
1719465200047,515.4,50
1719465201482,515.0,25
1719465201482,515.0,25
1719465202741,510.0,25
1719465202741,510.0,25
1719465202741,510.0,25
1719465202741,510.0,25
1719465207085,507.1,50
1719465207085,507.1,50
1719465207376,509.0,25
1719465207376,509.0,25
1719465208683,506.15,50
1719465208739,506.35,25
1719465208739,506.35,25
1719465210621,507.6,25
1719465210621,507.6,25
1719465210621,507.6,25
1719465213061,502.8,25
1719465213704,502.85,25
1719465213704,502.85,25
1719465215853,497.1,25
1719465216231,487.9,25
1719465216231,487.9,25
1719465216498,487.55,50
1719465218388,490.5,25
1719465218388,490.5,25
1719465221634,482.35,50
1719465221960,484.55,25
1719465221960,484.55,25
1719465222659,485.3,50
1719465222659,485.3,50
1719465224492,484.35,25
1719465225009,486.1,25
1719465225009,486.1,25
1719465226343,484.8,75
1719465227356,478.75,25
1719465227811,479.05,25
1719465227811,479.05,25
1719465228955,465.25,25
1719465228980,464.8,25
1719465229727,474.15,25
1719465230748,474.05,100
1719465230748,474.05,100
1719465230748,474.05,100
1719465230748,474.05,100
1719465234496,479.9,25
1719465234496,479.9,25
1719465235350,475.0,400
1719465235768,477.35,200
1719465236390,469.95,25
1719465237319,465.65,25
1719465237786,465.35,25
1719465238495,468.95,25
1719465239064,467.7,150
1719465239312,469.15,25
1719465239312,469.15,25
1719465240473,465.05,25
1719465241257,461.55,25
1719465241974,463.55,25
1719465242358,465.3,75
1719465242358,465.3,75
1719465245042,467.75,25
1719465245042,467.75,25
1719465245389,467.95,25
1719465246276,464.7,25
1719465246276,464.7,25
1719465247951,466.85,25
1719465247951,466.85,25
1719465249595,465.25,25
1719465249595,465.25,25
1719465251175,463.15,50
1719465251175,463.15,50
1719465252266,462.85,75
1719465253086,457.8,50
1719465253199,453.3,25
1719465253760,458.3,25
1719465253760,458.3,25
1719465253760,458.3,25
1719465255655,462.4,25
1719465255655,462.4,25
1719465257921,465.1,25
1719465257921,465.1,25
1719465259121,461.75,175
1719465259283,460.2,25
1719465259679,460.1,25
1719465260018,459.75,300
1719465260018,459.75,300
1719465260018,459.75,300
1719465260018,459.75,300
1719465264549,462.05,25
1719465264549,462.05,25
1719465264549,462.05,25
1719465264549,462.05,25
1719465264549,462.05,25
1719465264549,462.05,25
1719465270111,460.65,25
1719465270111,460.65,25
1719465271082,457.75,50
1719465271082,457.75,50
1719465273694,454.45,25
1719465274113,454.75,25
1719465274113,454.75,25
1719465275299,456.65,25
1719465275299,456.65,25
1719465276329,457.5,25
1719465276329,457.5,25
1719465278558,459.85,125
1719465278558,459.85,125
1719465278558,459.85,125
1719465281529,460.05,25
1719465281529,460.05,25
1719465281529,460.05,25
1719465281529,460.05,25
1719465281529,460.05,25
1719465281529,460.05,25
1719465281529,460.05,25
1719465292466,461.1,25
1719465292466,461.1,25
1719465292466,461.1,25
1719465294592,466.0,25
1719465294863,465.05,50
1719465294863,465.05,50
1719465294863,465.05,50
1719465297516,464.2,25
1719465297709,464.4,25
1719465297709,464.4,25
1719465297709,464.4,25
1719465299969,462.05,25
1719465300152,461.1,25
1719465300152,461.1,25
1719465301112,460.0,50
1719465313411,451.35,25
1719465313411,451.35,25
1719465313411,451.35,25
1719465316407,453.8,25
1719465316407,453.8,25
1719465317776,454.05,25
1719465317776,454.05,25
1719465317776,454.05,25
1719465317776,454.05,25
1719465321284,454.95,25
1719465321284,454.95,25
1719465322130,454.85,25
1719465322130,454.85,25
1719465323176,454.95,25
1719465324009,451.7,50
1719465324009,451.7,50
1719465324009,451.7,50
1719465324009,451.7,50
1719465324009,451.7,50
1719465324009,451.7,50
1719465324009,451.7,50
1719465331321,459.5,50
1719465331827,462.5,50
1719465331827,462.5,50
1719465331827,462.5,50
1719465334311,464.1,25
1719465334311,464.1,25
1719465334311,464.1,25
1719465337068,460.15,25
1719465337539,458.1,25
1719465337664,457.95,25
1719465337664,457.95,25
1719465337664,457.95,25
1719465340778,451.6,25
1719465340778,451.6,25
1719465341375,455.9,25
1719465341375,455.9,25
1719465342947,456.35,25
1719465342947,456.35,25
1719465342947,456.35,25
1719465342947,456.35,25
1719465342947,456.35,25
1719465346993,461.95,25
1719465346993,461.95,25
1719465346993,461.95,25
1719465346993,461.95,25
1719465346993,461.95,25
1719465346993,461.95,25
1719465346993,461.95,25
1719465354655,463.75,50
1719465354655,463.75,50
1719465356850,460.85,25
1719465356850,460.85,25
1719465358230,458.7,75
1719465358230,458.7,75
1719465358230,458.7,75
1719465358230,458.7,75
1719465358230,458.7,75
1719465362950,458.35,25
1719465362950,458.35,25
1719465363688,457.5,75
1719465363688,457.5,75
1719465363688,457.5,75
1719465363688,457.5,75
1719465367351,463.1,25
1719465367351,463.1,25
1719465368961,462.65,50
1719465368961,462.65,50
1719465375282,464.1,50
1719465375282,464.1,50
1719465377963,463.05,25
1719465407461,463.2,25
1719465411989,466.7,25
1719465416445,463.55,25
1719465416445,463.55,25
1719465416445,463.55,25
1719465417547,462.5,25
1719465417547,462.5,25
1719465417547,462.5,25
1719465417547,462.5,25
1719465417547,462.5,25
1719465417547,462.5,25
1719465422306,460.8,25
1719465422306,460.8,25
1719465422306,460.8,25
1719465424708,460.0,25
1719465424708,460.0,25
1719465426967,460.8,25
1719465426967,460.8,25
1719465426967,460.8,25
1719465428627,460.0,50
1719465428627,460.0,50
1719465430463,458.45,25
1719465430463,458.45,25
1719465432000,460.55,25
1719465432000,460.55,25
1719465432000,460.55,25
1719465433785,465.8,25
1719465433785,465.8,25
1719465433785,465.8,25
1719465433785,465.8,25
1719465437324,459.85,50
1719465439707,461.6,25
1719465439707,461.6,25
1719465439707,461.6,25
1719465439707,461.6,25
1719465439707,461.6,25
1719465447010,459.95,50
1719465447010,459.95,50
1719465447010,459.95,50
1719465447010,459.95,50
1719465447010,459.95,50
1719465450121,457.45,125
1719465450121,457.45,125
1719465451914,456.95,25
1719465451914,456.95,25
1719465451914,456.95,25
1719465451914,456.95,25
1719465451914,456.95,25
1719465451914,456.95,25
1719465451914,456.95,25
1719465459216,456.0,100
1719465459999,455.0,25
1719465460258,452.85,100
1719465460258,452.85,100
1719465461577,451.85,25
1719465462152,454.1,25
1719465462152,454.1,25
1719465463674,452.55,25
1719465464359,455.0,150
1719465464359,455.0,150
1719465464779,455.95,25
1719465465915,457.7,25
1719465465915,457.7,25
1719465465915,457.7,25
1719465467211,456.7,25
1719465468082,453.2,25
1719465468082,453.2,25
1719465469285,454.8,25
1719465469285,454.8,25
1719465470356,456.05,25
1719465470356,456.05,25
1719465470356,456.05,25
1719465472153,455.65,25
1719465472153,455.65,25
1719465473502,454.05,100
1719465473956,452.85,25
1719465474962,454.8,25
1719465474962,454.8,25
1719465474962,454.8,25
1719465476873,453.6,25
1719465478141,454.5,25
1719465478141,454.5,25
1719465478141,454.5,25
1719465479847,453.75,25
1719465480010,455.3,25
1719465480310,455.25,25
1719465480310,455.25,25
1719465481617,460.25,50
1719465481617,460.25,50
1719465482791,458.25,25
1719465483406,458.6,25
1719465483406,458.6,25
1719465483804,459.55,50
1719465484946,456.45,25
1719465484946,456.45,25
1719465484946,456.45,25
1719465486532,454.0,25
1719465487167,453.6,25
1719465487167,453.6,25
1719465488115,452.4,25
1719465489677,452.8,25
1719465489975,453.9,50
1719465489975,453.9,50
1719465491285,453.0,25
1719465491285,453.0,25
1719465492869,454.55,25
1719465492869,454.55,25
1719465493771,456.15,25
1719465493771,456.15,25
1719465495576,457.1,25
1719465495576,457.1,25
1719465495576,457.1,25
1719465497262,456.0,50
1719465497631,454.5,25
1719465497631,454.5,25
1719465498897,454.8,25
1719465498897,454.8,25
1719465498897,454.8,25
1719465498897,454.8,25
1719465498897,454.8,25
1719465498897,454.8,25
1719465498897,454.8,25
1719465506408,459.2,25
1719465506408,459.2,25
1719465506408,459.2,25
1719465506408,459.2,25
1719465506408,459.2,25
1719465506408,459.2,25
1719465506408,459.2,25
1719465506408,459.2,25
1719465506408,459.2,25
1719465514845,454.05,25
1719465514845,454.05,25
1719465514845,454.05,25
1719465517381,454.2,25
1719465517381,454.2,25
1719465517381,454.2,25
1719465517381,454.2,25
1719465517381,454.2,25
1719465517381,454.2,25
1719465517381,454.2,25
1719465517381,454.2,25
1719465517381,454.2,25
1719465534884,454.2,25
1719465538546,453.75,25
1719465539180,451.0,25
1719465539180,451.0,25
1719465539180,451.0,25
1719465540191,450.0,25
1719465540191,450.0,25
1719465542297,451.2,25
1719465542297,451.2,25
1719465543895,451.8,150
1719465543895,451.8,150
1719465544782,453.35,25
1719465548766,454.5,25
1719465548766,454.5,25
1719465548766,454.5,25
1719465552820,454.5,25
1719465552820,454.5,25
1719465554010,452.4,25
1719465554010,452.4,25
1719465554010,452.4,25
1719465554010,452.4,25
1719465554010,452.4,25
1719465562852,458.1,325
1719465562852,458.1,325
1719465562852,458.1,325
1719465565161,458.15,100
1719465565161,458.15,100
1719465566292,457.1,50
1719465566292,457.1,50
1719465567683,457.6,50
1719465567683,457.6,50
1719465567683,457.6,50
1719465567683,457.6,50
1719465567683,457.6,50
1719465567683,457.6,50
1719465567683,457.6,50
1719465567683,457.6,50
1719465575560,458.45,25
1719465575560,458.45,25
1719465577244,458.0,225
1719465577244,458.0,225
1719465577244,458.0,225
1719465577244,458.0,225
1719465581523,456.95,25
1719465584969,459.9,25
1719465584969,459.9,25
1719465584969,459.9,25
1719465584969,459.9,25
1719465584969,459.9,25
1719465584969,459.9,25
1719465597860,469.1,75
1719465598362,475.55,25
1719465598947,480.0,25
1719465605814,470.25,25
1719465605814,470.25,25
1719465606369,473.9,25
1719465607351,474.7,25
1719465607351,474.7,25
1719465607351,474.7,25
1719465608893,473.85,25
1719465608893,473.85,25
1719465610013,475.6,25
1719465610526,475.0,25
1719465610802,473.2,25
1719465611956,473.6,25
1719465611956,473.6,25
1719465611956,473.6,25
1719465613490,474.15,25
1719465613490,474.15,25
1719465615038,473.6,25
1719465616560,472.85,25
1719465616560,472.85,25
1719465616560,472.85,25
1719465618350,470.55,25
1719465618350,470.55,25
1719465619670,471.75,25
1719465619670,471.75,25
1719465620639,471.0,25
1719465621166,468.8,25
1719465621166,468.8,25
1719465622005,469.7,25
1719465622005,469.7,25
1719465623626,473.6,25
1719465624037,475.6,50
1719465624037,475.6,50
1719465626233,480.0,25
1719465627455,489.95,250
1719465627455,489.95,250
1719465627455,489.95,250
1719465629917,486.55,25
1719465629917,486.55,25
1719465630218,483.75,50
1719465631656,483.1,25
1719465631656,483.1,25
1719465632067,481.6,50
1719465632067,481.6,50
1719465632067,481.6,50
1719465635572,484.6,25
1719465635572,484.6,25
1719465637966,487.6,25
1719465637966,487.6,25
1719465654529,488.25,25
1719465655939,485.5,50
1719465655939,485.5,50
1719465662857,487.7,25
1719465666382,487.45,25
1719465666382,487.45,25
1719465668371,487.15,25
1719465668371,487.15,25
1719465668371,487.15,25
1719465671192,488.7,325
1719465671660,489.2,25
1719465671660,489.2,25
1719465671660,489.2,25
1719465671660,489.2,25
1719465675319,485.75,125
1719465675319,485.75,125
1719465676431,486.3,50
1719465676431,486.3,50
1719465676431,486.3,50
1719465676431,486.3,50
1719465676431,486.3,50
1719465676431,486.3,50
1719465676431,486.3,50
1719465676431,486.3,50
1719465676431,486.3,50
1719465676431,486.3,50
1719465686468,492.95,25
1719465686722,497.3,25
1719465686722,497.3,25
1719465688632,496.9,25
1719465689125,496.05,25
1719465689125,496.05,25
1719465689125,496.05,25
1719465690877,490.8,150
1719465691480,493.35,50
1719465691480,493.35,50
1719465692289,493.9,25
1719465692289,493.9,25
1719465693579,492.6,25
1719465693579,492.6,25
1719465696182,490.55,50
1719465696851,493.7,75
1719465696851,493.7,75
1719465696851,493.7,75
1719465698582,492.85,25
1719465698582,492.85,25
1719465698582,492.85,25
1719465698582,492.85,25
1719465703366,491.8,25
1719465703366,491.8,25
1719465703366,491.8,25
1719465706346,493.65,25
1719465708190,494.65,25
1719465746734,485.0,100
1719465746734,485.0,100
1719465746734,485.0,100
1719465750311,486.3,25
1719465750311,486.3,25
1719465750311,486.3,25
1719465750311,486.3,25
1719465754231,486.2,25
1719465754330,486.1,150
1719465754635,486.7,25
1719465754635,486.7,25
1719465754635,486.7,25
1719465754635,486.7,25
1719465754635,486.7,25
1719465760229,486.8,25
1719465760229,486.8,25
1719465760229,486.8,25
1719465760229,486.8,25
1719465773955,487.45,125
1719465773955,487.45,125
1719465773955,487.45,125
1719465773955,487.45,125
1719465773955,487.45,125
1719465773955,487.45,125
1719465773955,487.45,125
1719465783696,485.95,25
1719465783696,485.95,25
1719465785287,484.2,100
1719465785287,484.2,100
1719465786397,483.45,50
1719465786397,483.45,50
1719465786397,483.45,50
1719465793054,483.95,25
1719465793054,483.95,25
1719465795819,486.2,25
1719465795819,486.2,25
1719465795819,486.2,25
1719465799807,483.1,50
1719465800720,480.0,25
1719465800720,480.0,25
1719465800720,480.0,25
1719465800720,480.0,25
1719465800720,480.0,25
1719465800720,480.0,25
1719465800720,480.0,25
1719465809308,479.7,75
1719465809308,479.7,75
1719465811049,483.15,25
1719465811049,483.15,25
1719465811049,483.15,25
1719465816848,481.15,25
1719465816848,481.15,25
1719465818369,480.0,100
1719465818369,480.0,100
1719465820143,480.45,50
1719465820143,480.45,50
1719465820143,480.45,50
1719465820143,480.45,50
1719465820143,480.45,50
1719465824452,481.25,50
1719465824452,481.25,50
1719465826084,478.3,25
1719465826435,479.45,25
1719465826435,479.45,25
1719465826435,479.45,25
1719465826435,479.45,25
1719465826435,479.45,25
1719465826435,479.45,25
1719465831570,480.9,25
1719465831570,480.9,25
1719465831570,480.9,25
1719465835241,483.45,25
1719465835241,483.45,25
1719465835241,483.45,25
1719465835241,483.45,25
1719465835241,483.45,25
1719465835241,483.45,25
1719465835241,483.45,25
1719465835241,483.45,25
1719465842568,481.9,150
1719465842568,481.9,150
1719465842568,481.9,150
1719465842568,481.9,150
1719465842568,481.9,150
1719465842568,481.9,150
1719465850417,480.85,100
1719465850417,480.85,100
1719465850417,480.85,100
1719465852826,480.0,25
1719465854007,479.4,25
1719465856705,475.0,25
1719465856705,475.0,25
1719465857720,470.4,25
1719465858581,470.0,25
1719465858581,470.0,25
1719465858581,470.0,25
1719465860852,470.0,125
1719465860852,470.0,125
1719465860852,470.0,125
1719465869321,466.4,25
1719465869321,466.4,25
1719465869321,466.4,25
1719465869321,466.4,25
1719465873443,469.3,25
1719465873760,467.05,25
1719465873760,467.05,25
1719465873760,467.05,25
1719465877262,467.05,25
1719465877262,467.05,25
1719465877814,466.05,25
1719465878898,465.2,25
1719465878898,465.2,25
1719465878898,465.2,25
1719465881139,464.4,25
1719465882155,457.8,450
1719465884569,456.05,25
1719465911054,466.15,25
1719465911054,466.15,25
1719465914691,469.1,50
1719465914691,469.1,50
1719465916527,466.7,100
1719465916527,466.7,100
1719465916527,466.7,100
1719465916527,466.7,100
1719465916527,466.7,100
1719465916527,466.7,100
1719465921924,470.7,100
1719465922400,470.95,25
1719465922400,470.95,25
1719465922400,470.95,25
1719465926056,470.95,25
1719465926056,470.95,25
1719465926056,470.95,25
1719465926056,470.95,25
1719465926056,470.95,25
1719465926056,470.95,25
1719465926056,470.95,25
1719465926056,470.95,25
1719465926056,470.95,25
1719465926056,470.95,25
1719465926056,470.95,25
1719465926056,470.95,25
1719465926056,470.95,25
1719465926056,470.95,25
1719465926056,470.95,25
1719465926056,470.95,25
1719465926056,470.95,25
1719465926056,470.95,25
1719465926056,470.95,25
1719465926056,470.95,25
1719465926056,470.95,25
1719465926056,470.95,25
1719465926056,470.95,25
1719465926056,470.95,25
1719465926056,470.95,25
1719465951757,474.0,50
1719465951757,474.0,50
1719465951757,474.0,50
1719465951757,474.0,50
1719465951757,474.0,50
1719465951757,474.0,50
1719465957460,473.2,25
1719465957460,473.2,25
1719465957460,473.2,25
1719465957460,473.2,25
1719465960231,474.7,25
1719465960231,474.7,25
1719465960231,474.7,25
1719465962644,477.7,25
1719465962644,477.7,25
1719465964298,479.95,25
1719465964662,480.0,25
1719465964662,480.0,25
1719465965838,478.4,100
1719465966247,477.95,25
1719465966247,477.95,25
1719465966247,477.95,25
1719465966247,477.95,25
1719465966247,477.95,25
1719465966247,477.95,25
1719465966247,477.95,25
1719465973291,482.95,100
1719465973291,482.95,100
1719465973291,482.95,100
1719465973291,482.95,100
1719465976513,482.8,50
1719465977514,486.0,200
1719465977514,486.0,200
1719465977514,486.0,200
1719465977514,486.0,200
1719465982020,487.15,25
1719465982595,486.85,50
1719465982595,486.85,50
1719465982595,486.85,50
1719465985794,482.95,100
1719465985794,482.95,100
1719465985794,482.95,100
1719465985794,482.95,100
1719465985794,482.95,100
1719465985794,482.95,100
1719465985794,482.95,100
1719465985794,482.95,100
1719465985794,482.95,100
1719465985794,482.95,100
1719465985794,482.95,100
1719465985794,482.95,100
1719465985794,482.95,100
1719465999275,485.6,25
1719465999275,485.6,25
1719465999652,488.0,25
1719465999652,488.0,25
1719466001680,485.45,50
1719466001680,485.45,50
1719466002423,484.3,25
1719466002423,484.3,25
1719466002423,484.3,25
1719466005635,482.65,25
1719466005635,482.65,25
1719466005635,482.65,25
1719466005635,482.65,25
1719466010209,487.0,25
1719466010209,487.0,25
1719466010209,487.0,25
1719466010209,487.0,25
1719466010209,487.0,25
1719466010209,487.0,25
1719466015973,486.0,100
1719466016423,486.55,25
1719466016423,486.55,25
1719466016423,486.55,25
1719466016423,486.55,25
1719466016423,486.55,25
1719466021851,484.75,25
1719466021851,484.75,25
1719466033009,484.9,50
1719466033009,484.9,50
1719466033009,484.9,50
1719466033009,484.9,50
1719466033009,484.9,50
1719466033009,484.9,50
1719466033009,484.9,50
1719466055118,484.85,25
1719466055118,484.85,25
1719466056087,486.1,25
1719466056087,486.1,25
1719466056087,486.1,25
1719466056087,486.1,25
1719466060328,495.5,50
1719466060328,495.5,50
1719466061213,495.55,50
1719466061213,495.55,50
1719466061213,495.55,50
1719466061213,495.55,50
1719466061213,495.55,50
1719466061213,495.55,50
1719466061213,495.55,50
1719466061213,495.55,50
1719466072361,489.8,25
1719466072361,489.8,25
1719466072361,489.8,25
1719466077983,490.25,125
1719466084529,492.6,25
1719466088011,490.0,50
1719466088892,490.0,25
1719466088892,490.0,25
1719466088892,490.0,25
1719466088892,490.0,25
1719466088892,490.0,25
1719466094054,494.95,25
1719466095186,498.75,25
1719466095186,498.75,25
1719466095186,498.75,25
1719466098261,497.15,25
1719466098261,497.15,25
1719466098261,497.15,25
1719466101327,500.0,25
1719466101612,497.95,25
1719466101612,497.95,25
1719466101612,497.95,25
1719466104181,498.7,25
1719466104478,499.75,25
1719466104478,499.75,25
1719466104478,499.75,25
1719466106097,501.45,50
1719466106097,501.45,50
1719466107753,499.45,250
1719466125484,500.0,50
1719466125484,500.0,50
1719466125484,500.0,50
1719466125484,500.0,50
1719466125484,500.0,50
1719466139822,498.65,50
1719466139822,498.65,50
1719466139822,498.65,50
1719466139822,498.65,50
1719466139822,498.65,50
1719466139822,498.65,50
1719466139822,498.65,50
1719466146560,499.4,25
1719466146560,499.4,25
1719466146560,499.4,25
1719466146560,499.4,25
1719466151149,496.5,50
1719466151149,496.5,50
1719466152651,496.0,25
1719466152651,496.0,25
1719466154177,496.2,150
1719466154177,496.2,150
1719466156356,495.1,25
1719466156356,495.1,25
1719466163311,494.7,25
1719466163311,494.7,25
1719466163311,494.7,25
1719466163311,494.7,25
1719466163311,494.7,25
1719466169142,499.95,25
1719466169142,499.95,25
1719466169532,501.8,25
1719466169532,501.8,25
1719466169532,501.8,25
1719466170940,502.25,75
1719466170940,502.25,75
1719466170940,502.25,75
1719466170940,502.25,75
1719466174480,499.85,50
1719466174480,499.85,50
1719466174480,499.85,50
1719466174480,499.85,50
1719466174480,499.85,50
1719466180931,503.15,25
1719466180931,503.15,25
1719466180931,503.15,25
1719466180931,503.15,25
1719466180931,503.15,25
1719466185196,502.1,25
1719466185196,502.1,25
1719466185196,502.1,25
1719466185196,502.1,25
1719466189576,504.75,50
1719466189970,506.6,25
1719466189970,506.6,25
1719466189970,506.6,25
1719466189970,506.6,25
1719466189970,506.6,25
1719466189970,506.6,25
1719466189970,506.6,25
1719466189970,506.6,25
1719466197863,504.8,100
1719466197863,504.8,100
1719466199718,503.65,75
1719466199718,503.65,75
1719466200214,502.55,25
1719466200214,502.55,25
1719466200214,502.55,25
1719466200214,502.55,25
1719466204434,501.95,25
1719466204434,501.95,25
1719466204434,501.95,25
1719466206874,501.25,100
1719466207078,500.0,25
1719466207078,500.0,25
1719466208045,500.65,25
1719466208045,500.65,25
1719466208045,500.65,25
1719466210100,501.25,200
1719466210100,501.25,200
1719466210100,501.25,200
1719466212285,509.0,250
1719466212648,511.75,25
1719466213015,514.65,25
1719466213904,513.4,25
1719466213904,513.4,25
1719466213904,513.4,25
1719466213904,513.4,25
1719466213904,513.4,25
1719466213904,513.4,25
1719466213904,513.4,25
1719466220743,507.5,175
1719466221396,504.95,25
1719466221832,505.55,25
1719466221832,505.55,25
1719466221832,505.55,25
1719466221832,505.55,25
1719466224876,508.5,50
1719466224876,508.5,50
1719466225573,509.05,25
1719466225573,509.05,25
1719466227235,508.7,50
1719466227235,508.7,50
1719466227235,508.7,50
1719466227235,508.7,50
1719466230039,509.05,25
1719466230039,509.05,25
1719466231141,511.25,50
1719466231141,511.25,50
1719466231141,511.25,50
1719466231141,511.25,50
1719466231141,511.25,50
1719466231141,511.25,50
1719466231141,511.25,50
1719466231141,511.25,50
1719466231141,511.25,50
1719466231141,511.25,50
1719466240549,508.15,25
1719466240763,506.4,100
1719466240763,506.4,100
1719466240763,506.4,100
1719466243049,509.65,75
1719466243256,509.7,25
1719466243256,509.7,25
1719466243256,509.7,25
1719466243256,509.7,25
1719466243256,509.7,25
1719466247153,506.0,50
1719466247153,506.0,50
1719466248697,504.45,125
1719466248697,504.45,125
1719466248697,504.45,125
1719466250874,505.25,325
1719466251021,505.0,150
1719466251021,505.0,150
1719466251021,505.0,150
1719466251021,505.0,150
1719466253587,505.6,100
1719466254247,503.95,150
1719466254247,503.95,150
1719466254247,503.95,150
1719466257308,504.2,25
1719466257308,504.2,25
1719466258965,506.65,25
1719466258965,506.65,25
1719466258965,506.65,25
