time,price,volume
1719461503398,259.35,25
1719461503905,258.15,100
1719461504381,258.1,25
1719461504649,259.05,25
1719461505248,259.55,25
1719461506198,259.25,100
1719461506574,258.1,25
1719461506574,258.1,25
1719461508229,259.05,100
1719461508229,259.05,100
1719461508641,259.4,25
1719461509527,259.0,25
1719461510140,259.4,25
1719461511134,259.4,25
1719461511425,259.45,25
1719461512161,260.1,25
1719461512262,260.65,125
1719461513008,258.9,175
1719461513818,259.75,150
1719461514243,260.75,175
1719461515013,260.05,75
1719461515013,260.05,75
1719461516180,262.0,25
1719461516433,263.3,25
1719461517184,262.3,25
1719461518107,260.2,25
1719461518227,260.0,25
1719461519169,258.55,25
1719461519515,259.15,25
1719461520020,260.05,25
1719461520209,260.3,50
1719461520584,259.8,25
1719461520948,259.6,25
1719461522192,258.55,50
1719461522411,258.4,25
1719461523383,258.6,25
1719461524391,255.2,75
1719461524559,255.9,25
1719461524559,255.9,25
1719461526115,255.4,25
1719461527111,253.5,50
1719461527511,252.5,50
1719461528183,252.85,25
1719461528183,252.85,25
1719461529214,252.65,50
1719461530128,254.2,25
1719461530128,254.2,25
1719461530900,254.0,25
1719461531398,253.7,25
1719461532200,253.8,200
1719461532680,253.7,25
1719461532839,253.95,25
1719461533712,253.35,150
1719461533712,253.35,150
1719461534993,254.4,50
1719461536142,253.75,125
1719461536408,254.3,50
1719461536915,254.3,25
1719461537753,254.1,25
1719461537984,254.0,25
1719461538925,254.7,25
1719461539279,254.55,25
1719461540240,253.0,25
1719461540240,253.0,25
1719461541228,251.55,25
1719461541228,251.55,25
1719461541841,252.25,25
1719461542701,252.4,25
1719461543449,250.5,500
1719461544141,250.5,25
1719461544377,250.6,25
1719461545219,249.3,25
1719461545900,247.55,75
1719461546192,247.0,75
1719461547336,249.5,25
1719461547734,249.9,50
1719461548238,250.55,50
1719461548526,250.8,75
1719461548526,250.8,75
1719461549685,251.05,25
1719461549685,251.05,25
1719461551151,251.7,25
1719461551151,251.7,25
1719461552146,251.55,25
1719461552339,251.65,25
1719461553048,250.8,25
1719461553048,250.8,25
1719461554221,250.65,25
1719461554749,251.45,25
1719461554749,251.45,25
1719461556331,251.6,25
1719461557033,251.5,25
1719461557580,251.95,25
1719461558080,252.7,50
1719461558336,252.95,25
1719461558842,253.0,200
1719461558842,253.0,200
1719461560211,252.15,25
1719461560432,251.6,75
1719461560432,251.6,75
1719461562058,251.45,25
1719461562327,251.05,25
1719461563094,249.3,50
1719461563094,249.3,50
1719461564047,249.5,125
1719461564047,249.5,125
1719461564983,248.15,25
1719461565481,248.5,75
1719461566200,248.55,25
1719461566679,248.75,50
1719461567251,248.1,25
1719461567982,248.3,25
1719461568235,248.1,25
1719461568586,248.75,25
1719461568586,248.75,25
1719461570268,248.05,25
1719461570268,248.05,25
1719461571071,248.6,50
1719461571577,250.15,100
1719461572153,250.7,25
1719461572390,250.25,175
1719461573582,249.15,175
1719461574238,249.9,50
1719461575071,249.2,150
1719461575705,250.15,25
1719461575705,250.15,25
1719461577245,252.0,250
1719461578054,251.9,25
1719461579079,252.0,150
1719461579079,252.0,150
1719461579079,252.0,150
1719461579079,252.0,150
1719461581057,251.75,50
1719461581224,251.6,25
1719461581531,252.0,25
1719461581531,252.0,25
1719461582607,252.0,25
1719461582607,252.0,25
1719461584117,252.75,25
1719461585117,252.1,25
1719461585611,251.0,150
1719461585929,250.55,50
1719461586676,250.5,100
1719461586676,250.5,100
1719461588138,249.2,25
1719461588465,250.6,25
1719461589243,250.8,75
1719461589563,250.55,25
1719461589982,250.15,50
1719461590972,249.0,75
1719461591179,248.5,50
1719461592268,248.4,450
1719461592450,248.5,75
1719461593067,248.35,25
1719461593067,248.35,25
1719461594123,249.3,25
1719461594507,250.05,100
1719461595080,250.8,50
1719461595493,250.6,25
1719461596065,251.9,25
1719461597165,251.6,50
1719461597330,250.8,25
1719461598216,251.8,125
1719461598385,251.8,75
1719461599150,251.95,50
1719461599150,251.95,50
1719461599150,251.95,50
1719461601226,252.45,25
1719461602250,251.15,75
1719461603272,251.3,25
1719461603272,251.3,25
1719461604220,250.0,25
1719461604220,250.0,25
1719461605251,250.8,50
1719461605678,252.05,75
1719461605678,252.05,75
1719461607066,251.3,200
1719461607202,250.8,175
1719461607799,249.45,50
1719461608403,249.6,75
1719461609155,250.5,25
1719461609155,250.5,25
1719461609896,250.5,75
1719461609896,250.5,75
1719461610700,250.0,25
1719461610700,250.0,25
1719461612000,250.9,175
1719461613170,250.8,125
1719461613170,250.8,125
1719461614017,251.3,275
1719461614017,251.3,275
1719461614893,250.8,75
1719461615855,250.0,125
1719461616104,250.7,25
1719461616104,250.7,25
1719461617435,249.6,200
1719461618215,248.6,25
1719461618453,249.0,25
1719461618937,249.8,25
1719461618937,249.8,25
1719461619992,250.3,25
1719461620658,251.0,25
1719461621084,251.75,25
1719461621486,253.3,25
1719461622271,252.65,25
1719461622327,252.1,25
1719461622327,252.1,25
1719461624225,253.45,50
1719461625031,255.4,300
1719461625031,255.4,300
1719461626506,255.35,25
1719461627040,255.2,25
1719461627135,255.05,25
1719461628099,256.75,25
1719461629240,256.9,75
1719461629240,256.9,75
1719461630252,256.75,25
1719461630252,256.75,25
1719461630732,256.35,75
1719461631363,255.85,25
1719461632248,254.7,75
1719461632557,256.2,175
1719461633304,256.75,25
1719461634206,256.6,50
1719461634206,256.6,50
1719461634958,256.25,25
1719461634958,256.25,25
1719461634958,256.25,25
1719461636976,256.15,75
1719461637121,256.65,25
1719461637121,256.65,25
1719461638198,256.4,175
1719461639201,255.6,25
1719461639699,256.0,50
1719461640264,256.25,25
1719461640414,256.2,150
1719461640662,255.85,50
1719461640662,255.85,50
1719461642297,254.25,25
1719461642600,254.25,150
1719461642968,255.0,25
1719461643672,255.95,200
1719461644276,254.4,175
1719461644276,254.4,175
1719461646043,253.95,50
1719461646043,253.95,50
1719461646964,255.95,25
1719461647503,255.15,25
1719461647808,254.85,125
1719461647808,254.85,125
1719461647808,254.85,125
1719461650112,255.4,75
1719461650112,255.4,75
1719461651622,255.9,75
1719461651622,255.9,75
1719461652478,256.0,200
1719461653034,257.5,25
1719461653034,257.5,25
1719461654239,258.75,75
1719461655281,259.0,25
1719461655353,258.7,25
1719461656285,258.1,100
1719461656491,257.55,25
1719461656491,257.55,25
1719461657708,258.0,25
1719461658318,257.3,50
1719461658422,257.1,175
1719461659060,254.85,25
1719461659685,255.55,25
1719461660166,256.55,25
1719461661115,254.75,25
1719461661238,254.9,50
1719461662350,252.85,100
1719461663273,251.5,25
1719461663371,251.3,25
1719461664102,252.95,25
1719461664102,252.95,25
1719461665732,253.4,25
1719461666330,253.7,25
1719461666868,253.85,75
1719461666868,253.85,75
1719461667745,255.0,25
1719461667745,255.0,25
1719461668992,256.1,25
1719461668992,256.1,25
1719461670008,256.2,25
1719461670180,256.85,125
1719461670614,255.9,25
1719461670614,255.9,25
1719461670614,255.9,25
1719461671852,255.85,300
1719461672476,255.2,25
1719461672476,255.2,25
1719461673613,254.6,25
1719461673613,254.6,25
1719461675115,253.65,1075
1719461675115,253.65,1075
1719461676301,255.2,50
1719461677211,255.9,125
1719461677211,255.9,125
1719461678332,253.75,75
1719461678332,253.75,75
1719461678332,253.75,75
1719461679709,253.0,100
1719461680216,253.4,25
1719461680216,253.4,25
1719461681174,253.6,25
1719461681174,253.6,25
1719461682302,254.1,175
1719461682302,254.1,175
1719461682302,254.1,175
1719461684464,256.25,25
1719461684670,256.65,75
1719461685580,255.4,25
1719461686120,256.05,25
1719461686484,256.15,25
1719461687168,256.3,25
1719461687168,256.3,25
1719461688651,254.55,100
1719461688827,254.45,25
1719461688827,254.45,25
1719461689524,255.45,50
1719461689524,255.45,50
1719461690999,257.3,25
1719461690999,257.3,25
1719461692185,256.25,25
1719461692185,256.25,25
1719461694756,256.75,25
1719461694964,256.75,225
1719461695953,255.85,25
1719461695953,255.85,25
1719461696586,255.65,25
1719461696586,255.65,25
1719461697475,257.1,25
1719461698873,254.15,25
1719461699728,254.0,25
1719461699728,254.0,25
1719461700341,254.95,50
1719461700341,254.95,50
1719461701362,256.95,25
1719461701593,257.3,25
1719461702463,258.9,75
1719461703242,257.8,50
1719461703410,256.6,25
1719461703410,256.6,25
1719461703410,256.6,25
1719461704930,256.3,125
1719461705675,255.0,25
1719461706407,254.2,50
1719461707390,254.4,250
1719461708206,252.7,25
1719461708553,253.8,150
1719461708553,253.8,150
1719461708553,253.8,150
1719461710113,254.2,25
1719461710113,254.2,25
1719461711496,256.45,25
1719461711623,256.2,25
1719461712308,254.95,50
1719461712985,255.25,250
1719461714306,254.0,25
1719461715363,253.85,25
1719461715363,253.85,25
1719461716235,254.2,25
1719461716559,253.9,75
1719461717358,254.1,25
1719461717732,254.4,75
1719461717956,254.25,50
1719461718533,255.0,25
1719461718533,255.0,25
1719461719703,256.45,25
1719461720370,258.0,100
1719461720390,258.0,50
1719461721240,257.75,25
1719461721240,257.75,25
1719461722260,257.05,25
1719461722713,256.6,100
1719461723399,256.9,50
1719461724317,257.0,25
1719461724577,257.85,25
1719461725358,257.6,25
1719461725616,257.7,25
1719461726357,258.0,175
1719461726357,258.0,175
1719461727281,256.8,25
1719461727658,256.85,25
1719461728081,257.3,25
1719461728081,257.3,25
1719461728081,257.3,25
1719461728081,257.3,25
1719461730255,258.0,25
1719461730692,257.25,25
1719461730692,257.25,25
1719461732342,261.15,25
1719461732571,261.5,100
1719461733384,261.65,25
1719461734421,265.9,250
1719461735362,267.35,25
1719461736024,268.8,75
1719461736391,269.85,25
1719461737338,268.0,50
1719461737566,267.4,50
1719461738575,265.2,25
1719461739305,263.1,25
1719461739305,263.1,25
1719461740216,264.2,75
1719461740786,264.1,25
1719461740786,264.1,25
1719461742295,262.95,100
1719461742417,263.0,25
1719461743145,263.25,25
1719461743145,263.25,25
1719461744156,263.7,25
1719461744559,263.1,25
1719461745165,264.0,25
1719461745795,264.25,150
1719461746161,264.6,50
1719461747245,265.0,375
1719461747375,265.5,25
1719461748321,265.2,25
1719461748731,266.3,25
1719461749217,266.1,75
1719461749734,265.7,25
1719461750017,266.65,25
1719461751057,267.5,25
1719461751340,267.25,25
1719461752107,267.95,25
1719461752388,269.2,50
1719461753251,269.3,25
1719461753711,268.85,125
1719461754588,267.6,75
1719461755204,268.1,25
1719461755314,268.25,25
1719461756026,268.3,75
1719461756729,267.85,25
1719461757279,266.7,100
1719461758016,267.25,25
1719461758340,265.95,50
1719461759448,266.25,50
1719461759611,267.0,175
1719461760123,266.3,25
1719461760123,266.3,25
1719461761323,266.6,25
1719461762233,269.35,50
1719461762313,268.6,25
1719461763362,269.65,75
1719461768170,266.8,25
1719461768318,266.8,25
1719461768809,266.9,25
1719461769511,268.15,50
1719461770204,266.8,75
1719461770910,268.6,25
1719461771343,268.15,25
1719461772308,265.0,25
1719461772501,266.3,25
1719461773394,267.1,25
1719461773569,267.05,100
1719461774392,264.7,200
1719461774411,265.3,25
1719461775245,265.9,50
1719461776174,265.8,25
1719461776671,265.9,25
1719461777381,265.7,50
1719461777692,265.5,50
1719461778161,265.85,25
1719461779078,266.2,25
1719461779078,266.2,25
1719461792706,270.75,50
1719461793339,270.65,25
1719461793475,270.0,75
1719461794378,270.0,25
1719461795114,270.55,25
1719461795114,270.55,25
1719461796048,271.3,50
1719461796647,270.7,25
1719461797352,270.0,250
1719461798124,271.8,25
1719461798322,272.35,25
1719461799369,272.6,75
1719461800382,270.6,25
1719461800724,271.65,50
1719461801377,271.95,25
1719461801792,271.7,25
1719461802216,271.15,25
1719461802922,271.4,25
1719461803525,271.75,25
1719461804592,271.25,25
1719461805254,270.65,75
1719461805742,271.65,150
1719461806029,272.4,125
1719461806911,271.5,50
1719461807412,271.9,25
1719461808048,271.75,25
1719461808461,271.7,25
1719461809229,271.85,25
1719461809683,271.9,25
1719461810364,271.15,25
1719461810970,272.0,100
1719461811314,271.45,25
1719461812104,270.85,25
1719461818310,269.1,175
1719461818460,267.9,100
1719461860428,264.35,25
1719461861919,266.4,100
1719461862304,266.3,25
1719461862304,266.3,25
1719461864023,265.6,100
1719461864411,265.1,50
1719461865114,265.55,25
1719461873085,263.95,25
1719461873754,263.0,175
1719461874219,263.15,75
1719461874856,261.6,50
1719461875387,262.5,25
1719461876199,261.9,25
1719461877178,261.85,25
1719461878032,261.9,200
1719461878231,262.5,75
1719461878877,262.6,75
1719461879451,262.1,50
1719461880007,261.3,25
1719461880269,261.6,75
1719461881193,261.3,50
1719461881615,262.1,25
1719461882394,260.0,100
1719461882394,260.0,100
1719461883329,261.2,25
1719461884406,262.1,25
1719461884406,262.1,25
1719461885500,262.15,25
1719461885915,263.2,150
1719461885915,263.2,150
1719461886763,262.7,75
1719461886763,262.7,75
1719461887792,262.65,25
1719461887792,262.65,25
1719461889288,263.5,25
1719461889288,263.5,25
1719461890446,261.6,25
1719461890446,261.6,25
1719461891462,261.65,25
1719461891525,261.0,25
1719461892281,260.45,25
1719461893149,260.45,25
1719461893456,260.9,25
1719461894421,260.0,50
1719461894501,260.85,25
1719461895394,259.8,25
1719461895952,260.5,50
1719461895952,260.5,50
1719461897173,260.15,75
1719461897173,260.15,75
1719461897961,260.25,25
1719461899148,260.2,25
1719461899499,260.5,25
1719461899499,260.5,25
1719461899499,260.5,25
1719461901355,261.25,25
1719461902288,262.45,25
1719461902439,262.8,25
1719461903296,263.7,225
1719461903556,263.05,25
1719461904136,263.4,25
1719461904799,262.45,25
1719461905288,261.55,50
1719461905709,262.3,25
1719461906321,261.45,25
1719461907040,260.15,300
1719461907040,260.15,300
1719461907040,260.15,300
1719461909708,261.4,50
1719461910064,261.25,150
1719461910436,260.45,25
1719461910981,259.05,25
1719461911425,258.0,450
1719461912489,260.2,25
1719461912489,260.2,25
1719461913296,260.3,25
1719461913796,259.45,25
1719461914465,258.0,25
1719461914465,258.0,25
1719461915158,258.1,125
1719461916018,258.1,25
1719461916475,257.0,25
1719461916966,257.0,50
1719461918188,258.3,50
1719461918547,258.05,25
1719461918849,258.75,175
1719461919787,258.3,25
1719461920321,258.45,125
1719461921128,260.0,25
1719461921174,259.7,25
1719461921905,260.75,25
1719461922340,261.15,75
1719461923266,260.1,100
1719461923266,260.1,100
1719461924000,260.25,25
1719461924000,260.25,25
1719461925542,261.8,25
1719461925833,262.4,50
1719461926341,262.2,50
1719461927049,262.55,25
1719461927049,262.55,25
1719461927958,261.8,25
1719461928351,262.1,25
1719461929448,261.85,25
1719461930605,262.2,25
1719461930735,262.05,25
1719461931303,263.4,75
1719461931608,262.5,25
1719461931608,262.5,25
1719461933127,261.8,25
1719461933127,261.8,25
1719461933127,261.8,25
1719461934783,261.3,25
1719461934783,261.3,25
1719461935801,261.45,175
1719461936420,261.75,75
1719461936610,260.0,125
1719461937222,260.8,75
1719461937222,260.8,75
1719461938663,261.15,50
1719461939868,262.2,50
1719461939868,262.2,50
1719461940428,262.55,25
1719461940851,263.4,175
1719461940851,263.4,175
1719461942363,261.8,100
1719461942363,261.8,100
1719461942363,261.8,100
1719461943978,262.35,25
1719461943978,262.35,25
1719461945264,262.3,25
1719461945418,262.9,25
1719461945903,263.0,50
1719461946208,263.45,150
1719461946822,263.5,25
1719461946822,263.5,25
1719461948086,264.55,150
1719461948502,263.6,200
1719461949359,264.7,25
1719461949359,264.7,25
1719461950402,265.25,125
1719461950540,265.25,200
1719461951505,264.7,25
1719461952133,265.25,1400
1719461952133,265.25,1400
1719461952971,265.3,25
1719461952971,265.3,25
1719461954045,266.25,150
1719461955465,264.75,25
1719461955779,265.4,25
1719461956004,265.7,25
1719461956829,265.55,25
1719461956829,265.55,25
1719461957771,266.1,25
1719461958518,266.25,25
1719461959222,267.55,50
1719461959222,267.55,50
1719461960426,270.0,25
1719461961086,270.75,25
1719461961488,272.25,25
1719461962294,273.55,25
1719461962294,273.55,25
1719461963518,273.3,225
1719461964179,271.95,25
1719461964412,272.05,25
1719461964862,272.35,25
1719461966002,272.6,25
1719461966747,271.95,350
1719461967253,271.0,300
1719461967982,269.85,75
1719461968412,271.25,75
1719461968887,270.9,50
1719461968887,270.9,50
1719461970037,272.35,100
1719461970245,272.35,25
1719461970510,271.95,400
1719461971519,272.85,25
1719461971564,272.25,175
1719461972284,273.25,25
1719461972969,273.1,25
1719461973499,272.25,900
1719461974205,271.15,75
1719461974358,271.75,25
1719461974842,271.75,150
1719461975461,272.15,75
1719461975903,271.8,25
1719461975903,271.8,25
1719461977486,271.75,100
1719461977674,271.85,75
1719461978551,271.2,75
1719461979096,270.0,25
1719461979277,269.7,150
1719461980404,270.85,25
1719461980404,270.85,25
1719461981414,270.8,150
1719461981696,270.9,175
1719461981696,270.9,175
1719461983417,273.0,25
1719461983437,273.35,50
1719461984174,274.0,25
1719461985345,274.4,25
1719461985345,274.4,25
1719461986512,274.0,25
1719461986730,274.5,75
1719461987465,274.5,25
1719461987923,273.9,175
1719461987923,273.9,175
1719461989383,273.6,25
1719461989383,273.6,25
1719461990593,274.15,25
1719461991250,273.55,25
1719461991250,273.55,25
1719461992513,273.85,25
1719461992654,273.35,25
1719461993415,273.65,25
1719461993643,273.1,50
1719461994476,274.6,25
1719461995069,273.6,50
1719461995311,273.6,275
1719461995884,274.8,100
1719461995884,274.8,100
1719461997521,272.15,25
1719461997848,272.85,25
1719461998320,271.8,25
1719461998320,271.8,25
1719461999216,272.3,25
1719461999852,273.1,25
1719461999852,273.1,25
1719462000418,272.95,25
1719462000712,272.25,25
1719462001287,273.6,25
1719462001926,274.1,25
1719462002658,275.0,25
1719462003257,273.7,225
1719462003518,274.4,25
1719462004155,274.2,75
1719462005511,274.2,75
1719462005822,274.1,75
1719462006473,275.5,25
1719462007521,276.8,100
1719462007555,277.0,25
1719462008493,278.45,25
1719462009274,277.25,25
1719462009546,277.4,25
1719462010534,277.35,275
1719462010832,276.25,50
1719462011549,276.1,25
1719462012148,274.8,25
1719462012510,275.4,150
1719462013451,276.7,25
1719462014497,274.8,25
1719462014801,275.35,50
1719462015436,275.1,25
1719462015798,276.05,25
1719462016609,275.3,100
1719462017091,275.8,25
1719462017312,276.1,25
1719462018371,275.85,25
1719462018371,275.85,25
1719462019517,276.15,25
1719462020172,277.35,150
1719462020657,276.6,25
1719462021430,276.55,100
1719462021765,274.5,25
1719462022547,274.05,25
1719462023276,272.5,125
1719462023546,273.0,100
1719462024475,272.2,50
1719462024720,271.8,25
1719462025568,271.5,25
1719462025891,272.05,100
1719462026391,273.4,500
1719462026877,272.35,50
1719462027383,271.15,25
1719462028162,270.8,25
1719462028505,271.7,25
1719462029270,272.2,25
1719462029441,272.7,25
1719462030076,272.3,25
1719462030172,271.9,25
1719462030172,271.9,25
1719462030172,271.9,25
1719462032481,273.9,25
1719462032481,273.9,25
1719462033341,273.0,175
1719462034156,273.75,50
1719462034156,273.75,50
1719462034591,273.15,25
1719462036444,274.0,25
1719462036777,273.65,50
1719462037197,273.4,450
1719462038137,271.9,25
1719462038137,271.9,25
1719462039228,272.95,25
1719462039228,272.95,25
1719462040528,273.65,250
1719462041129,273.1,25
1719462041129,273.1,25
1719462042330,271.55,25
1719462043015,271.7,25
1719462043258,271.6,25
1719462044273,270.85,25
1719462044349,270.15,25
1719462045306,271.2,50
1719462045306,271.2,50
1719462046424,271.75,25
1719462046424,271.75,25
1719462047739,271.85,50
1719462047879,271.55,200
1719462048421,272.45,25
1719462048598,273.2,75
1719462048598,273.2,75
1719462050517,275.0,25
1719462050812,273.8,50
1719462050812,273.8,50
1719462052254,274.5,25
1719462053177,276.0,25
1719462053352,276.2,25
1719462054381,274.95,25
1719462054381,274.95,25
1719462055442,274.5,75
1719462055829,274.4,25
1719462056453,272.45,50
1719462057102,272.45,125
1719462057606,272.35,25
1719462058025,272.05,25
1719462058365,272.6,25
1719462059130,271.6,25
1719462059130,271.6,25
1719462059130,271.6,25
1719462060287,272.75,25
1719462061057,272.95,50
1719462061057,272.95,50
1719462061843,275.0,100
1719462061843,275.0,100
1719462063558,272.4,175
1719462064036,273.1,50
1719462064468,271.6,25
1719462065527,270.75,25
1719462066134,271.75,25
1719462066796,270.9,400
1719462066796,270.9,400
1719462068301,271.35,25
1719462068452,272.4,175
1719462068920,272.6,150
1719462068920,272.6,150
1719462070442,271.95,25
1719462071079,271.5,25
1719462071079,271.5,25
1719462072571,271.5,25
1719462072891,272.1,50
1719462072891,272.1,50
1719462072891,272.1,50
1719462075041,272.3,25
1719462076303,272.1,175
1719462076959,271.8,50
1719462077353,271.25,25
1719462078517,272.3,25
1719462078717,271.7,50
1719462078963,271.85,25
1719462078963,271.85,25
1719462080369,271.9,25
1719462080369,271.9,25
1719462081309,271.75,50
1719462081309,271.75,50
1719462082316,270.3,75
1719462083447,269.7,50
1719462084458,268.4,175
1719462084458,268.4,175
1719462085543,268.8,75
1719462086325,269.5,125
1719462086325,269.5,125
1719462086325,269.5,125
1719462087963,269.15,25
1719462088606,270.3,25
1719462088657,270.45,25
1719462089638,270.1,25
1719462090060,269.05,25
1719462090360,270.05,25
1719462091090,270.0,250
1719462091443,268.8,25
1719462091734,269.5,75
1719462091734,269.5,75
1719462093323,269.85,25
1719462093323,269.85,25
1719462094164,268.4,100
1719462095417,267.45,75
1719462095620,267.9,100
1719462095620,267.9,100
1719462096862,267.75,25
1719462097512,268.0,25
1719462098232,267.45,25
1719462098232,267.45,25
1719462099626,268.7,25
1719462100080,269.55,50
1719462100080,269.55,50
1719462101604,268.05,25
1719462102136,268.9,25
1719462102136,268.9,25
1719462102756,268.25,25
1719462102756,268.25,25
1719462103728,269.0,50
1719462105593,268.0,150
1719462105780,268.55,175
1719462106233,268.05,150
1719462106790,267.9,125
1719462107133,267.75,75
1719462107133,267.75,75
1719462108522,270.0,50
1719462109269,269.25,75
1719462109269,269.25,75
1719462110363,271.35,25
1719462110363,271.35,25
1719462111368,271.8,25
1719462111368,271.8,25
1719462113054,271.95,50
1719462113054,271.95,50
1719462114334,271.25,25
1719462114334,271.25,25
1719462114334,271.25,25
1719462114334,271.25,25
1719462114334,271.25,25
1719462118654,269.0,100
1719462119600,267.0,200
1719462119752,268.2,25
1719462119752,268.2,25
1719462119752,268.2,25
1719462119752,268.2,25
1719462121252,268.55,25
1719462122211,266.2,25
1719462122467,266.2,25
1719462123134,267.25,50
1719462123134,267.25,50
1719462124536,265.9,300
1719462125145,266.9,25
1719462125145,266.9,25
1719462126003,267.7,25
1719462126003,267.7,25
1719462127151,266.7,25
1719462128158,266.85,25
1719462128638,267.15,50
1719462128638,267.15,50
1719462130032,266.7,225
1719462130586,266.25,250
1719462131172,266.0,25
1719462131581,266.15,25
1719462132144,266.75,75
1719462132144,266.75,75
1719462133448,265.0,325
1719462133577,265.0,50
1719462134163,266.15,75
1719462134163,266.15,75
1719462135131,267.0,325
1719462135131,267.0,325
1719462136719,267.8,25
1719462136719,267.8,25
1719462137333,266.5,25
1719462138139,266.0,25
1719462138139,266.0,25
1719462139232,265.5,50
1719462139232,265.5,50
1719462140264,264.4,50
1719462140981,264.75,25
1719462142513,264.0,50
1719462142513,264.0,50
1719462143572,264.1,25
1719462143823,264.05,25
1719462144604,264.1,25
1719462145266,264.6,400
1719462145498,263.8,25
1719462146403,265.5,25
1719462146403,265.5,25
1719462147434,267.0,50
1719462147434,267.0,50
1719462149288,267.05,25
1719462149825,266.9,75
1719462150176,267.95,75
1719462150383,267.6,75
1719462151297,266.9,50
1719462151297,266.9,50
1719462152072,265.4,25
1719462152072,265.4,25
1719462152821,266.7,25
1719462153617,266.2,25
1719462154443,266.8,25
1719462154443,266.8,25
1719462154818,267.0,75
1719462154818,267.0,75
1719462155750,267.05,25
1719462156089,266.65,125
1719462156089,266.65,125
1719462157639,266.8,50
1719462157639,266.8,50
1719462158188,265.9,50
1719462159100,266.4,50
1719462159100,266.4,50
1719462160362,265.05,25
1719462160362,265.05,25
1719462161113,265.0,75
1719462161113,265.0,75
1719462162100,265.0,25
1719462163616,263.9,25
1719462163834,264.4,25
1719462164570,264.05,50
1719462165347,263.85,100
1719462165575,263.7,25
1719462165750,263.75,25
1719462165750,263.75,25
1719462167172,263.8,25
1719462167172,263.8,25
1719462168610,263.8,25
1719462169156,263.55,25
1719462169646,262.0,75
1719462170722,262.9,25
1719462171183,263.55,25
1719462171805,262.8,50
1719462171805,262.8,50
1719462173417,265.9,25
1719462173561,265.3,25
1719462174535,266.55,25
1719462175014,267.0,25
1719462175014,267.0,25
1719462176282,266.05,75
1719462176282,266.05,75
1719462177515,263.7,50
1719462177515,263.7,50
1719462178124,263.0,200
1719462178858,262.05,75
1719462178858,262.05,75
1719462178858,262.05,75
1719462180826,262.0,25
1719462181071,262.0,100
1719462181372,262.65,75
1719462182521,262.5,75
1719462182521,262.5,75
1719462183665,262.8,25
1719462184550,262.0,25
1719462184813,262.05,25
1719462185353,262.2,25
1719462185353,262.2,25
1719462187042,260.8,25
1719462187348,261.15,25
1719462187559,262.1,250
1719462188329,261.5,50
1719462188571,260.3,425
1719462189330,261.1,25
1719462189330,261.1,25
1719462189931,261.25,75
1719462190952,261.5,25
1719462191340,262.1,25
1719462191987,262.35,50
1719462192535,263.7,25
1719462193521,262.7,25
1719462193521,262.7,25
1719462194490,262.3,25
1719462195577,261.85,25
1719462196761,261.65,50
1719462196761,261.65,50
1719462197180,261.85,25
1719462197180,261.85,25
1719462198728,262.0,25
1719462199128,262.45,25
1719462199432,261.85,25
1719462200440,262.65,25
1719462200440,262.65,25
1719462201631,263.0,50
1719462202129,263.4,25
1719462202129,263.4,25
1719462203611,265.0,25
1719462203774,264.85,25
1719462204628,266.25,175
1719462204628,266.25,175
1719462205378,266.4,25
1719462206492,266.3,50
1719462206492,266.3,50
1719462207223,266.4,350
1719462207223,266.4,350
1719462207789,266.35,25
1719462208666,264.2,25
1719462209581,264.9,75
1719462209940,264.2,25
1719462209940,264.2,25
1719462210544,263.7,25
1719462210544,263.7,25
1719462212064,263.0,25
1719462212528,263.15,25
1719462213141,264.5,25
1719462213141,264.5,25
1719462214545,263.55,25
1719462214545,263.55,25
1719462215953,263.0,25
1719462216280,263.0,25
1719462217236,263.55,100
1719462217236,263.55,100
1719462218302,263.4,25
1719462218302,263.4,25
1719462219566,263.95,25
1719462219790,264.05,25
1719462220360,265.2,25
1719462221459,264.05,25
1719462221459,264.05,25
1719462222396,263.95,25
1719462223888,264.0,25
1719462224509,264.05,75
1719462224509,264.05,75
1719462225349,263.55,25
1719462225349,263.55,25
1719462227137,263.7,125
1719462227294,263.65,25
1719462227429,264.2,50
1719462228042,264.0,25
1719462228680,263.6,200
1719462228680,263.6,200
1719462230402,263.1,75
1719462230402,263.1,75
1719462231519,263.45,25
1719462231802,262.65,25
1719462232647,262.65,75
1719462233013,262.3,50
1719462233013,262.3,50
1719462234221,262.65,25
1719462234221,262.65,25
1719462234221,262.65,25
1719462235602,263.2,25
1719462236396,262.7,25
1719462236565,262.9,25
1719462236929,262.55,25
1719462237612,262.5,25
1719462237803,261.5,25
1719462237803,261.5,25
1719462237803,261.5,25
1719462240791,263.8,25
1719462241001,263.8,50
1719462241302,264.0,25
1719462242404,264.2,100
1719462242584,264.5,50
1719462243408,264.6,175
1719462244562,265.3,100
1719462245568,265.35,75
1719462245568,265.35,75
1719462246611,266.0,150
1719462247198,267.2,25
1719462247693,266.1,100
1719462247863,266.1,25
1719462247863,266.1,25
1719462249339,267.05,25
1719462250010,266.45,50
1719462250010,266.45,50
1719462251613,266.3,75
1719462252245,266.05,250
1719462252471,266.0,50
1719462252731,265.3,25
1719462252731,265.3,25
1719462253730,265.0,50
1719462254453,265.5,75
1719462254453,265.5,75
1719462255977,265.8,25
1719462256376,265.1,400
1719462256376,265.1,400
1719462259067,265.05,200
1719462259067,265.05,200
1719462260064,265.35,25
1719462260275,265.3,25
1719462260275,265.3,25
1719462261294,265.35,50
1719462262253,265.95,25
1719462262253,265.95,25
1719462264006,266.95,25
1719462264166,267.0,25
1719462264347,266.95,25
1719462265621,266.75,50
1719462266560,267.05,25
1719462266560,267.05,25
1719462267385,267.85,50
1719462268125,267.0,600
1719462268511,267.7,125
1719462269555,267.7,25
1719462269555,267.7,25
1719462270629,266.9,25
1719462271388,267.0,225
1719462271937,266.7,125
1719462272868,267.5,50
1719462273365,266.65,50
1719462273642,266.95,25
1719462274488,267.0,150
1719462274966,266.95,25
1719462275877,267.9,75
1719462276486,267.4,125
1719462276832,267.7,75
1719462277490,269.6,25
1719462278284,268.95,225
1719462278605,269.65,25
1719462279490,269.9,75
1719462279803,269.35,25
1719462280247,270.0,25
1719462281463,270.75,75
1719462281822,271.5,25
1719462282531,270.9,25
1719462283318,270.55,25
1719462283318,270.55,25
1719462284620,269.95,175
1719462284620,269.95,175
1719462285649,269.15,25
1719462285649,269.15,25
1719462286992,269.4,75
1719462287639,270.0,25
1719462287922,269.55,25
1719462288646,269.0,75
1719462289172,270.15,25
1719462289854,271.85,25
1719462290301,270.65,25
1719462290301,270.65,25
1719462291902,274.0,25
1719462292528,274.2,25
1719462292771,273.7,150
1719462293605,271.95,50
1719462294486,271.25,25
1719462294486,271.25,25
1719462295423,271.0,50
1719462295918,271.2,50
1719462296450,270.1,75
1719462297449,270.85,50
1719462298640,271.05,25
1719462299771,271.45,50
1719462299985,272.1,300
1719462300271,272.15,50
1719462300487,272.65,25
1719462301581,272.3,175
1719462301787,272.7,50
1719462302489,271.45,25
1719462303297,271.35,25
1719462303872,271.05,100
1719462304911,271.1,200
1719462305185,272.25,25
1719462305185,272.25,25
1719462306569,272.55,25
1719462307051,272.2,125
1719462307888,273.35,25
1719462308469,273.05,25
1719462308664,272.35,25
1719462309859,270.6,200
1719462310459,271.15,25
1719462310459,271.15,25
1719462311685,271.4,25
1719462312304,275.0,150
1719462312862,276.0,75
1719462313635,275.75,50
1719462328831,277.65,50
1719462329549,277.6,50
1719462329549,277.6,50
1719462331137,276.5,50
1719462331137,276.5,50
1719462331137,276.5,50
1719462332509,275.85,25
1719462332509,275.85,25
1719462333331,275.35,25
1719462333331,275.35,25
1719462334722,275.15,25
1719462334722,275.15,25
1719462335236,276.05,25
1719462336334,276.4,25
1719462336334,276.4,25
1719462337491,275.6,25
1719462337658,275.85,50
1719462338411,274.3,25
1719462338411,274.3,25
1719462339658,275.3,175
1719462339891,275.7,25
1719462340531,275.7,25
1719462340893,275.65,25
1719462341790,274.5,25
1719462342049,275.1,25
1719462342669,275.1,25
1719462348303,274.15,25
1719462348774,274.55,25
1719462348774,274.55,25
1719462350342,274.5,25
1719462351696,275.4,25
1719462351696,275.4,25
1719462352729,273.55,25
1719462352729,273.55,25
1719462353527,274.85,50
1719462354504,274.0,75
1719462354774,273.4,25
1719462355654,274.0,50
1719462355654,274.0,50
1719462356324,273.8,25
1719462356324,273.8,25
1719462357672,275.0,50
1719462358321,273.2,25
1719462358743,272.85,25
1719462359417,273.65,150
1719462359417,273.65,150
1719462359417,273.65,150
1719462360450,273.65,50
1719462360450,273.65,50
1719462361603,274.2,75
1719462361603,274.2,75
1719462362880,273.1,25
1719462362880,273.1,25
1719462364180,273.0,200
1719462364490,273.35,25
1719462364490,273.35,25
1719462365196,272.2,25
1719462365196,272.2,25
1719462366751,271.0,25
1719462367830,270.35,225
1719462367830,270.35,225
1719462368665,271.9,150
1719462369286,271.0,25
1719462369286,271.0,25
1719462370464,272.75,25
1719462370464,272.75,25
1719462371745,273.2,25
1719462371914,273.2,75
1719462372760,275.15,25
1719462372851,274.25,100
1719462373598,274.35,25
1719462405465,283.1,100
1719462406070,284.5,25
1719462406783,283.45,75
1719462407865,286.6,25
1719462408737,289.7,100
1719462408737,289.7,100
1719462409755,288.35,25
1719462410459,287.3,25
1719462410807,288.65,25
1719462411776,289.65,25
1719462412267,288.05,25
1719462412644,289.45,25
1719462413667,288.25,75
1719462413972,289.55,25
1719462414739,291.0,50
1719462415083,292.0,25
1719462415747,294.75,25
1719462416762,294.7,25
1719462416966,295.0,50
1719462418142,295.0,25
1719462418467,295.3,25
1719462418787,294.6,25
1719462419792,295.85,25
1719462420095,296.55,25
1719462420948,300.0,25
1719462421794,303.95,100
1719462421906,305.05,25
1719462422785,304.9,25
1719462423503,303.05,50
1719462423962,303.45,25
1719462424597,303.6,25
1719462425118,301.2,50
1719462425987,300.75,25
1719462426726,301.85,25
1719462427769,299.6,25
1719462428307,297.8,50
1719462428973,300.15,25
1719462429271,301.0,100
1719462429817,300.45,50
1719462430814,299.3,25
1719462430814,299.3,25
1719462431878,301.1,50
1719462432139,301.25,75
1719462432794,299.7,100
1719462433729,300.0,125
1719462433792,300.1,25
1719462434766,300.55,25
1719462435108,302.0,150
1719462435781,302.35,25
1719462436525,302.7,50
1719462436963,302.0,150
1719462437673,302.25,250
1719462438767,302.85,75
1719462438921,303.0,25
1719462439645,302.05,25
1719462440427,301.05,25
1719462440427,301.05,25
1719462441769,301.45,100
1719462441899,302.0,100
1719462442792,302.35,25
1719462442792,302.35,25
1719462443761,301.95,25
1719462444470,303.0,25
1719462444982,302.5,75
1719462445605,304.8,75
1719462445944,304.6,25
1719462446705,305.4,25
1719462447130,303.6,150
1719462447810,303.6,25
1719462448732,303.0,25
1719462448732,303.0,25
1719462449857,302.45,50
1719462449984,300.6,375
1719462450657,302.15,25
1719462451544,300.9,25
1719462451544,300.9,25
1719462452858,299.3,150
1719462453839,301.5,25
1719462454414,301.4,25
1719462454414,301.4,25
1719462456583,301.8,100
1719462457114,302.05,25
1719462457777,302.35,75
1719462458349,301.95,50
1719462458960,301.9,25
1719462459224,302.1,25
1719462459224,302.1,25
1719462460442,303.35,25
1719462461543,301.65,25
1719462461543,301.65,25
1719462462986,305.35,25
1719462462986,305.35,25
1719462463767,306.95,25
1719462464737,305.1,25
1719462464737,305.1,25
1719462465482,306.1,25
1719462466146,308.5,25
1719462466958,310.85,50
1719462467790,312.75,350
1719462467977,312.25,25
1719462468805,312.65,75
1719462469341,313.25,25
1719462470031,313.95,25
1719462470795,314.3,25
1719462470965,314.6,25
1719462471837,315.9,25
1719462472389,316.85,75
1719462472929,316.8,75
1719462473810,316.35,75
1719462474154,316.2,25
1719462474495,315.7,25
1719462475794,315.3,50
1719462477011,319.0,75
1719462477549,318.6,25
1719462477680,319.2,50
1719462478818,315.5,25
1719462478961,315.7,25
1719462480019,316.7,25
1719462480806,320.0,75
1719462481932,321.5,25
1719462482575,322.65,25
1719462482825,324.2,25
1719462483676,324.25,25
1719462486832,322.95,25
1719462487382,322.2,125
1719462487965,321.2,25
1719462488709,322.05,50
1719462489813,322.6,425
1719462490123,321.8,175
1719462490946,322.7,25
1719462491827,322.45,25
1719462492821,322.65,25
1719462492916,322.5,25
1719462493991,321.3,25
1719462494205,321.4,25
1719462494616,322.15,25
1719462495790,320.6,25
1719462496653,320.95,25
1719462497333,321.2,25
1719462498044,320.5,50
1719462498811,319.6,50
1719462500051,317.35,25
1719462500193,317.0,25
1719462500781,317.9,25
1719462501725,319.1,50
1719462502683,319.35,25
1719462503524,320.05,25
1719462509900,322.4,25
1719462509900,322.4,25
1719462510348,321.8,25
1719462510717,321.6,25
1719462511799,323.9,50
1719462512129,323.35,25
1719462512543,323.3,25
1719462513473,326.15,25
1719462513823,324.1,175
1719462514796,324.0,25
1719462515235,324.1,75
1719462515838,323.7,25
1719462516732,324.6,25
1719462517046,325.55,50
1719462517945,324.0,25
1719462518245,323.65,50
1719462518858,322.7,125
1719462519660,322.1,50
1719462520254,324.0,200
1719462520745,324.4,25
1719462521757,321.8,50
1719462522060,321.25,125
1719462522783,321.3,50
1719462523426,320.9,50
1719462523575,320.0,175
1719462524794,322.3,150
1719462525024,321.2,25
1719462525024,321.2,25
1719462526417,320.35,50
1719462526595,321.35,25
1719462527804,320.55,25
1719462527804,320.55,25
1719462528956,318.4,25
1719462534476,321.55,25
1719462535489,321.85,50
1719462536455,321.5,25
1719462536741,320.65,25
1719462544978,323.0,25
1719462545818,322.75,50
1719462546667,321.0,25
1719462546667,321.0,25
1719462547576,321.8,50
1719462548857,321.95,175
1719462549520,322.75,25
1719462549520,322.75,25
1719462550313,322.5,50
1719462551130,323.5,50
1719462551876,323.5,25
1719462560371,325.55,50
1719462560371,325.55,50
1719462561868,327.0,25
1719462561868,327.0,25
1719462562868,326.55,25
1719462563476,324.3,175
1719462563779,324.6,125
1719462564339,325.6,50
1719462564758,326.2,25
1719462565756,325.3,25
1719462566091,325.15,25
1719462566091,325.15,25
1719462567392,325.2,200
1719462568037,326.5,50
1719462575923,325.75,100
1719462575923,325.75,100
1719462576845,324.3,25
1719462602886,331.15,50
1719462602886,331.15,50
1719462603833,328.5,25
1719462604578,327.1,25
1719462605104,329.0,75
1719462605703,327.85,25
1719462605703,327.85,25
1719462606837,326.0,25
1719462607361,327.85,50
1719462608019,326.95,25
1719462608689,328.0,175
1719462608972,328.5,25
1719462609909,325.95,25
1719462610123,326.5,50
1719462610714,326.05,25
1719462611448,326.4,25
1719462612043,326.95,25
1719462612832,327.25,25
1719462613073,327.7,25
1719462613903,326.95,50
1719462614602,328.95,25
1719462614760,327.4,25
1719462615665,329.05,25
1719462615665,329.05,25
1719462617100,326.6,75
1719462617239,327.7,25
1719462617520,327.6,200
1719462618646,326.6,75
1719462618646,326.6,75
1719462619734,325.0,75
1719462620138,324.55,50
1719462620469,324.75,50
1719462621568,324.3,50
1719462621913,323.95,100
1719462622550,324.15,25
1719462623144,323.9,150
1719462623547,323.75,50
1719462624312,323.95,75
1719462624749,323.4,50
1719462625135,323.0,25
1719462625836,322.7,50
1719462626995,323.4,75
1719462627634,324.6,25
1719462628185,327.0,75
1719462628888,326.75,50
1719462628888,326.75,50
1719462629838,325.85,25
1719462629838,325.85,25
1719462630935,327.4,175
1719462630937,327.4,200
1719462631698,328.1,25
1719462632231,328.7,100
1719462633056,329.6,50
1719462633361,330.0,200
1719462633762,330.05,75
1719462634405,329.85,25
1719462635937,331.0,100
1719462636126,331.0,25
1719462636891,330.05,25
1719462637194,330.75,50
1719462637746,330.9,25
1719462638608,330.15,75
1719462638777,330.9,25
1719462639982,329.65,25
1719462640495,328.6,25
1719462640495,328.6,25
1719462641742,329.1,25
1719462642308,328.8,25
1719462642308,328.8,25
1719462643377,328.05,25
1719462643748,328.0,125
1719462644737,327.95,500
1719462644737,327.95,500
1719462646269,329.95,50
1719462646879,330.05,150
1719462647520,330.0,50
1719462648119,330.1,25
1719462649628,330.75,200
1719462650086,328.9,25
1719462650521,328.8,25
1719462651071,329.4,25
1719462651839,330.0,650
1719462652755,330.3,50
1719462652878,329.35,25
1719462653887,329.15,25
1719462653887,329.15,25
1719462657717,331.0,150
1719462658142,332.65,25
1719462658694,332.35,50
1719462659115,332.35,25
1719462659911,334.45,25
1719462660087,336.4,25
1719462660778,337.95,175
1719462661104,337.7,25
1719462661890,337.1,25
1719462662428,338.55,50
1719462662921,336.75,50
1719462663996,340.35,150
1719462664943,337.5,25
1719462665673,339.35,75
1719462665905,340.8,75
1719462666857,340.3,25
1719462667264,340.3,25
1719462668096,339.65,25
1719462668246,339.6,25
1719462668948,339.6,25
1719462669588,339.9,125
1719462669985,338.8,25
1719462671052,337.4,25
1719462671389,338.65,25
1719462671917,338.5,100
1719462672610,339.0,225
1719462672610,339.0,225
1719462673836,340.0,25
1719462674207,339.75,850
1719462674835,338.4,100
1719462675681,338.5,250
1719462675935,338.25,25
1719462676862,337.5,150
1719462677102,337.6,50
1719462677877,337.95,25
1719462678204,337.0,50
1719462678951,336.05,25
1719462679329,336.35,25
1719462679803,338.25,200
1719462680916,340.8,25
1719462682159,345.65,75
1719462682598,345.0,100
1719462682598,345.0,100
1719462684150,340.45,25
1719462684285,339.45,175
1719462684586,340.0,50
1719462685807,341.6,25
1719462686078,342.0,25
1719462686836,341.5,25
1719462687196,341.2,25
1719462687837,341.25,100
1719462688492,342.05,50
1719462688795,341.3,200
1719462689933,340.8,25
1719462689933,340.8,25
1719462690658,341.6,25
1719462691170,341.9,75
1719462691590,343.25,100
1719462692637,341.0,25
1719462693951,339.3,100
1719462694200,339.4,25
1719462694970,340.2,175
1719462695110,339.9,50
1719462695898,339.7,50
1719462696348,340.25,100
1719462697090,340.9,100
1719462703054,344.0,25
1719462703747,343.3,25
1719462704831,343.65,25
1719462704831,343.65,25
1719462735981,353.4,25
1719462736742,352.7,50
1719462737073,351.25,25
1719462737787,352.2,75
1719462738210,351.25,25
1719462738966,352.9,25
1719462739718,352.05,100
1719462740125,351.95,50
1719462740820,353.2,50
1719462741100,351.7,25
1719462742201,351.55,25
1719462742331,351.0,50
1719462742824,351.6,275
1719462745391,352.4,25
1719462746138,352.5,25
1719462746300,352.4,25
1719462746622,352.0,50
1719462747707,352.2,25
1719462747836,352.2,25
1719462748836,352.7,25
1719462748836,352.7,25
1719462750037,351.95,50
1719462750037,351.95,50
1719462750283,351.65,50
1719462750578,351.3,100
1719462751430,351.1,25
1719462751951,351.95,25
1719462753202,354.25,25
1719462753750,355.05,25
1719462754333,353.4,25
1719462754566,353.25,75
1719462755231,353.8,50
1719462755936,354.25,50
1719462756974,356.6,50
1719462757163,356.95,50
1719462757983,355.4,175
1719462759014,354.75,50
1719462759106,354.8,25
1719462759990,354.0,25
1719462760347,354.05,25
1719462767728,352.2,25
1719462767728,352.2,25
1719462768820,352.9,25
1719462768820,352.9,25
1719462770069,352.6,50
1719462770710,354.35,25
1719462771967,359.15,50
1719462772248,359.85,275
1719462772993,362.5,1025
1719462773912,361.35,25
1719462774077,360.55,75
1719462775197,361.9,50
1719462775833,360.85,25
1719462775917,360.35,25
1719462776924,359.05,25
1719462776924,359.05,25
1719462777864,358.6,50
1719462778413,357.5,50
1719462778969,357.8,25
1719462780102,359.0,100
1719462780102,359.0,100
1719462780237,359.6,50
1719462780934,359.3,25
1719462781591,362.55,25
1719462781958,361.65,200
1719462783205,362.85,50
1719462783205,362.85,50
1719462783924,361.8,100
1719462784388,364.65,25
1719462784957,363.1,50
1719462786133,362.35,50
1719462786463,363.2,75
1719462786833,364.65,25
1719462787973,364.05,25
1719462788040,364.9,25
1719462789101,363.2,50
1719462789262,364.0,100
1719462789959,366.0,50
1719462790822,365.6,25
1719462790999,367.25,25
1719462792119,365.75,25
1719462792119,365.75,25
1719462792968,365.9,25
1719462793393,365.75,25
1719462794155,364.35,50
1719462794853,364.9,100
1719462795217,364.85,25
1719462795695,365.2,25
1719462796331,364.95,50
1719462796679,364.8,125
1719462797846,364.4,25
1719462797996,363.0,1050
1719462798932,363.15,75
1719462798932,363.15,75
1719462800013,364.95,100
1719462800394,365.45,25
1719462801117,365.8,50
1719462801715,366.3,50
1719462802000,366.0,25
1719462802916,365.15,25
1719462803493,365.85,75
1719462803738,365.9,25
1719462804507,365.35,50
1719462804941,363.9,25
1719462805975,364.05,75
1719462805975,364.05,75
1719462807121,362.1,25
1719462807322,361.85,150
1719462807773,361.85,25
1719462808958,361.25,25
1719462808958,361.25,25
1719462810236,360.15,25
1719462810245,359.6,25
1719462810938,358.65,50
1719462811935,359.55,50
1719462812962,357.9,125
1719462813798,360.95,25
1719462813798,360.95,25
1719462815218,358.5,25
1719462815440,360.25,50
1719462815755,358.35,125
1719462816669,360.0,375
1719462816669,360.0,375
1719462817932,358.15,100
1719462818113,358.2,50
1719462818944,357.9,25
1719462819684,357.0,25
1719462820171,355.85,100
1719462820823,355.05,25
1719462821305,354.35,50
1719462821970,353.75,75
1719462822516,354.9,25
1719462823080,355.2,25
1719462823990,356.55,125
1719462824668,355.4,25
1719462825536,357.2,25
1719462826226,356.35,25
1719462826226,356.35,25
1719462827670,356.75,25
1719462827880,356.35,25
1719462828377,356.0,50
1719462828872,355.0,200
1719462829880,356.7,50
1719462829880,356.7,50
1719462830907,356.45,25
1719462831547,356.85,75
1719462831547,356.85,75
1719462832727,359.0,150
1719462832954,357.45,50
1719462833931,357.6,75
1719462835025,356.85,100
1719462835170,356.7,25
1719462835948,357.8,25
1719462836074,356.3,75
1719462836074,356.3,75
1719462836074,356.3,75
1719462838380,357.65,50
1719462838380,357.65,50
1719462839813,359.25,25
1719462840049,360.0,25
1719462840203,360.5,50
1719462840821,359.05,25
1719462840821,359.05,25
1719462841976,359.55,50
1719462842166,359.75,25
1719462842166,359.75,25
1719462843155,359.0,25
1719462844185,360.0,25
1719462844798,360.9,175
1719462845909,360.05,50
1719462846491,358.6,75
1719462846491,358.6,75
1719462848150,357.45,25
1719462848150,357.45,25
1719462849374,357.1,100
1719462849374,357.1,100
1719462850008,356.3,200
1719462850508,357.0,150
1719462850508,357.0,150
1719462851909,359.45,50
1719462851909,359.45,50
1719462852483,359.4,50
1719462852483,359.4,50
1719462854067,357.5,50
1719462855025,357.4,50
1719462855997,358.65,25
1719462855997,358.65,25
1719462857058,358.05,200
1719462857058,358.05,200
1719462857966,357.9,25
1719462858506,357.65,100
1719462858859,356.75,25
1719462859904,358.9,150
1719462859904,358.9,150
1719462860808,357.95,75
1719462860808,357.95,75
1719462860808,357.95,75
1719462862642,360.0,100
1719462862745,359.25,25
1719462863595,359.25,25
1719462864962,359.6,25
1719462864962,359.6,25
1719462865878,361.65,25
1719462866254,360.7,100
1719462867066,359.25,25
1719462867691,360.1,25
1719462867691,360.1,25
1719462869243,359.05,25
1719462869243,359.05,25
1719462870012,359.3,25
1719462870012,359.3,25
1719462871061,360.2,150
1719462871127,359.95,25
1719462871816,359.85,25
1719462871816,359.85,25
1719462872947,359.2,25
1719462873382,360.0,250
1719462873382,360.0,250
1719462874609,359.4,25
1719462874609,359.4,25
1719462875358,360.8,75
1719462876089,360.75,100
1719462877034,360.25,25
1719462877165,360.25,25
1719462877908,360.65,25
1719462878494,361.7,75
1719462878709,361.75,25
1719462879302,360.75,50
1719462879302,360.75,50
1719462880921,362.0,50
1719462880921,362.0,50
1719462881899,361.1,50
1719462882340,361.2,25
1719462882466,362.0,75
1719462882466,362.0,75
1719462882466,362.0,75
1719462885638,359.2,25
1719462885638,359.2,25
1719462886814,361.75,25
1719462887403,362.15,25
1719462887535,362.7,325
1719462888692,360.6,125
1719462888692,360.6,125
1719462888692,360.6,125
1719462890320,362.0,100
1719462890507,362.35,25
1719462890507,362.35,25
1719462891527,361.9,25
1719462891527,361.9,25
1719462893026,362.85,25
1719462893486,362.1,25
1719462894085,361.5,75
1719462894305,361.9,25
1719462894900,363.75,500
1719462896012,364.15,25
1719462896133,363.25,25
1719462896866,363.6,25
1719462897625,364.65,25
1719462897698,364.5,200
1719462899014,369.35,75
1719462899293,368.5,25
1719462899851,369.15,25
1719462899851,369.15,25
1719462900278,369.5,25
1719462900910,371.3,75
1719462902061,366.7,150
1719462902180,366.55,50
1719462903054,364.85,100
1719462903939,364.05,25
1719462904228,362.6,250
1719462905074,361.1,125
1719462905618,360.05,200
1719462906156,361.8,25
1719462906713,362.0,175
1719462907152,363.4,950
1719462908075,363.9,25
1719462908651,365.3,100
1719462908909,364.25,25
1719462909169,363.65,25
1719462909169,363.65,25
1719462910875,363.3,75
1719462910875,363.3,75
1719462911589,361.85,25
1719462912181,363.0,1025
1719462913079,362.0,25
1719462913547,363.5,25
1719462914057,363.3,50
1719462914354,363.3,25
1719462915042,362.05,25
1719462915799,364.15,25
1719462916653,363.9,25
1719462917454,362.25,75
1719462917990,362.05,25
1719462918326,363.4,25
1719462918767,363.25,50
1719462919168,364.0,25
1719462920092,363.45,25
1719462920344,363.55,25
1719462920344,363.55,25
1719462921527,365.0,300
1719462922299,367.5,50
1719462923073,366.85,25
1719462923342,367.0,25
1719462923342,367.0,25
1719462924462,366.55,25
1719462925985,365.2,25
1719462926114,365.4,25
1719462926114,365.4,25
1719462927154,364.5,25
1719462927855,364.9,125
1719462928666,364.35,25
1719462928666,364.35,25
1719462929560,363.2,150
1719462929560,363.2,150
1719462929560,363.2,150
1719462930800,363.4,125
1719462930800,363.4,125
1719462932055,364.85,25
1719462932055,364.85,25
1719462932881,363.3,25
1719462933560,363.9,25
1719462933560,363.9,25
1719462934979,364.5,25
1719462935329,364.2,25
1719462935329,364.2,25
1719462935329,364.2,25
1719462937458,367.0,25
1719462938074,369.1,50
1719462938074,369.1,50
1719462939272,369.6,25
1719462939706,370.35,25
1719462940071,370.5,50
1719462940661,370.9,125
1719462941073,370.5,50
1719462941873,371.75,25
1719462942314,371.3,50
1719462943237,373.5,50
1719462943869,373.75,50
1719462943869,373.75,50
1719462945096,374.85,200
1719462945315,374.1,50
1719462946085,374.85,25
1719462946794,372.65,175
1719462947053,372.8,25
1719462948276,371.35,125
1719462948856,369.6,25
1719462949143,370.8,25
1719462949143,370.8,25
1719462950235,369.0,50
1719462951044,367.9,100
1719462952038,368.85,25
1719462952320,367.65,50
1719462952772,367.55,25
1719462953384,367.6,25
1719462953384,367.6,25
1719462955116,368.95,25
1719462955116,368.95,25
1719462955588,368.4,50
1719462955588,368.4,50
1719462956882,367.8,100
1719462957535,367.0,75
1719462957535,367.0,75
1719462958768,365.85,25
1719462959068,365.95,200
1719462960106,365.15,25
1719462960106,365.15,25
1719462960358,366.1,25
1719462960595,367.0,25
1719462961366,370.0,25
1719462961366,370.0,25
1719462962921,370.6,50
1719462964305,367.2,50
1719462964365,367.15,50
1719462964692,367.1,50
1719462965566,366.0,275
1719462966082,366.25,25
1719462966229,367.0,50
1719462966229,367.0,50
1719462968061,365.0,300
1719462968506,365.0,100
1719462969259,366.4,50
1719462969514,365.35,25
1719462969514,365.35,25
1719462970441,368.0,50
1719462970441,368.0,50
1719462970441,368.0,50
1719462973186,368.85,50
1719462973186,368.85,50
1719462974242,368.4,25
1719462975309,369.25,50
1719462975309,369.25,50
1719462976032,368.4,25
1719462976032,368.4,25
1719462976798,368.4,100
1719462976798,368.4,100
1719462978551,367.9,25
1719462979044,367.3,75
1719462979379,366.5,25
1719462979561,365.85,25
1719462980520,367.45,25
1719462981010,366.65,25
1719462981376,366.65,25
1719462981966,368.2,25
1719462982309,368.0,150
1719462983114,366.3,25
1719462984051,366.05,275
1719462984446,367.8,25
1719462984446,367.8,25
1719462985949,365.25,25
1719462985949,365.25,25
1719462986946,364.45,50
1719462987667,365.3,50
1719462987833,365.25,25
1719462988827,364.0,25
1719462988827,364.0,25
1719462990081,364.05,75
1719462990081,364.05,75
1719462990765,363.9,75
1719462991114,364.2,50
1719462991807,363.2,25
1719462991807,363.2,25
1719462992232,363.55,25
1719462993514,363.95,50
1719462994080,364.2,25
1719462994625,364.5,50
1719462994625,364.5,50
1719462995169,363.75,25
1719462996117,364.25,25
1719462996750,365.0,25
1719462996750,365.0,25
1719462998107,364.85,25
1719462998107,364.85,25
1719462998429,364.75,25
1719462999793,365.0,25
1719463000075,364.8,50
1719463000980,363.95,175
1719463000980,363.95,175
1719463001866,363.0,25
1719463002656,364.35,25
1719463002656,364.35,25
1719463014912,367.4,75
1719463015962,367.15,25
1719463015962,367.15,25
1719463016589,367.4,25
1719463016589,367.4,25
1719463018070,368.5,50
1719463018398,369.0,50
1719463019127,369.5,50
1719463019971,370.45,50
1719463019971,370.45,50
1719463019971,370.45,50
1719463021144,372.85,75
1719463021780,373.15,50
1719463022087,373.9,25
1719463022767,371.6,25
1719463024151,373.55,150
1719463024215,372.3,200
1719463024215,372.3,200
1719463025715,372.35,25
1719463025715,372.35,25
1719463027229,372.9,25
1719463028040,374.0,250
1719463028346,373.15,25
1719463029062,376.45,50
1719463029722,375.0,25
1719463029973,375.6,50
1719463031091,378.65,75
1719463031552,379.6,25
1719463032038,379.4,75
1719463032912,379.25,75
1719463033143,378.35,150
1719463034329,375.0,350
1719463034678,374.3,25
1719463034904,373.75,25
1719463035774,371.1,225
1719463036034,370.45,75
1719463036492,370.65,25
1719463037400,370.6,25
1719463037400,370.6,25
1719463038679,369.0,25
1719463039039,368.0,50
1719463039755,370.0,25
1719463039755,370.0,25
1719463040847,369.95,25
1719463041235,370.5,25
1719463041770,369.55,225
1719463042442,369.15,50
1719463042442,369.15,50
1719463043872,368.0,100
1719463044173,368.25,25
1719463044610,371.2,100
1719463046156,369.5,50
1719463046156,369.5,50
1719463047574,369.2,25
1719463047574,369.2,25
1719463048280,369.95,25
1719463048280,369.95,25
1719463049321,369.75,50
1719463049321,369.75,50
1719463050013,369.1,25
1719463050013,369.1,25
1719463050523,368.35,25
1719463050929,368.05,25
1719463051467,368.0,50
1719463052455,366.25,225
1719463053116,365.9,25
1719463053835,366.5,25
1719463053977,366.35,175
1719463054282,365.8,25
1719463055556,366.6,50
1719463055556,366.6,50
1719463057077,366.8,75
1719463057855,365.0,50
1719463058009,365.4,50
1719463058551,364.1,75
1719463058551,364.1,75
1719463060161,364.6,200
1719463060161,364.6,200
1719463061199,364.8,25
1719463061709,365.65,25
1719463061980,366.15,50
1719463062780,366.6,25
1719463062780,366.6,25
1719463064198,364.7,25
1719463064198,364.7,25
1719463064788,363.6,25
1719463065477,363.8,100
1719463066111,363.9,50
1719463066502,364.6,25
1719463067093,364.0,25
1719463067967,365.5,25
1719463067967,365.5,25
1719463068921,365.95,25
1719463069603,366.05,25
1719463069603,366.05,25
1719463070537,366.35,100
1719463070537,366.35,100
1719463071989,365.95,25
1719463072489,367.15,50
1719463072953,366.05,25
1719463072953,366.05,25
1719463073947,365.0,200
1719463073947,365.0,200
1719463073947,365.0,200
1719463076989,365.65,25
1719463077039,366.55,175
1719463077790,365.85,25
1719463077790,365.85,25
1719463079115,365.35,150
1719463079192,365.75,25
1719463079920,365.6,25
1719463079920,365.6,25
1719463079920,365.6,25
1719463080555,365.1,25
1719463081322,365.2,150
1719463081322,365.2,150
1719463082912,366.0,25
1719463082912,366.0,25
1719463084001,366.8,25
1719463084189,368.05,100
1719463085005,368.0,25
1719463085005,368.0,25
1719463085911,367.6,25
1719463086510,366.1,25
1719463086510,366.1,25
1719463088119,367.5,25
1719463088119,367.5,25
1719463088840,366.35,25
1719463089554,366.5,100
1719463089985,365.4,25
1719463090544,366.65,50
1719463090544,366.65,50
1719463091745,367.65,50
1719463091745,367.65,50
1719463093176,365.75,100
1719463093176,365.75,100
1719463094819,368.0,500
1719463094819,368.0,500
1719463095991,370.15,25
1719463095991,370.15,25
1719463097049,368.5,25
1719463097404,368.3,25
1719463097404,368.3,25
1719463097404,368.3,25
1719463099326,366.5,100
1719463099822,367.25,75
1719463099822,367.25,75
1719463101193,368.0,225
1719463101193,368.0,225
1719463102209,368.75,50
1719463102963,368.0,25
1719463102963,368.0,25
1719463103519,368.85,50
1719463103519,368.85,50
1719463105225,367.85,100
1719463105225,367.85,100
1719463105734,368.75,25
1719463105734,368.75,25
1719463107523,367.75,100
1719463107729,368.5,50
1719463107729,368.5,50
1719463107729,368.5,50
1719463109878,366.9,100
1719463109878,366.9,100
1719463110362,366.25,25
1719463110362,366.25,25
1719463110362,366.25,25
1719463111798,367.95,25
1719463112355,367.25,25
1719463112355,367.25,25
1719463112355,367.25,25
1719463114131,366.7,25
1719463114131,366.7,25
1719463115451,365.6,50
1719463115451,365.6,50
1719463116660,366.8,50
1719463116845,366.85,75
1719463116845,366.85,75
1719463116845,366.85,75
1719463119389,367.35,25
1719463119389,367.35,25
1719463120606,368.0,1800
1719463121144,369.65,225
1719463121668,372.0,50
1719463121668,372.0,50
1719463123145,371.4,25
1719463123145,371.4,25
1719463123655,372.6,25
1719463124541,373.1,25
1719463125187,372.85,75
1719463125878,373.55,125
1719463127153,375.9,25
1719463127579,375.75,25
1719463128067,374.35,25
1719463128489,373.45,25
1719463128489,373.45,25
1719463130076,369.7,25
1719463130076,369.7,25
1719463130929,370.1,25
1719463131764,369.25,25
1719463131764,369.25,25
1719463132862,370.65,100
1719463133176,369.45,25
1719463133580,369.75,25
1719463134847,369.85,25
1719463134847,369.85,25
1719463136482,369.75,25
1719463136482,369.75,25
1719463137228,371.1,25
1719463137228,371.1,25
1719463138227,371.5,50
1719463138227,371.5,50
1719463139482,372.85,25
1719463140002,372.75,25
1719463140002,372.75,25
1719463140002,372.75,25
1719463140980,373.4,100
1719463141771,373.65,50
1719463141771,373.65,50
1719463141771,373.65,50
1719463143451,372.05,25
1719463143952,372.25,25
1719463143952,372.25,25
1719463145013,370.9,100
1719463145013,370.9,100
1719463145013,370.9,100
1719463145013,370.9,100
1719463149603,372.0,25
1719463149806,371.2,200
1719463149806,371.2,200
1719463151509,370.6,25
1719463151509,370.6,25
1719463152120,372.3,50
1719463152120,372.3,50
1719463153824,373.75,75
1719463154124,373.5,25
1719463154124,373.5,25
1719463155573,374.7,25
1719463155970,373.55,25
1719463155970,373.55,25
1719463157144,374.35,25
1719463157329,374.25,125
1719463158049,372.35,25
1719463158419,373.0,75
1719463158419,373.0,75
1719463159785,372.65,175
1719463159785,372.65,175
1719463160720,372.7,25
1719463160720,372.7,25
1719463161589,373.05,25
1719463162223,372.3,325
1719463162794,372.75,25
1719463163437,374.05,25
1719463163539,373.3,25
1719463164546,373.65,25
1719463164844,373.65,25
1719463164844,373.65,25
1719463166509,373.6,75
1719463166509,373.6,75
1719463167884,372.35,100
1719463168079,372.5,25
1719463168079,372.5,25
1719463168079,372.5,25
1719463169985,370.9,25
1719463170614,372.35,50
1719463170789,370.8,50
1719463170789,370.8,50
1719463171749,371.65,175
1719463172111,371.95,25
1719463172111,371.95,25
1719463172111,371.95,25
1719463174688,372.2,25
1719463175598,371.4,25
1719463175598,371.4,25
1719463176354,372.45,50
1719463176846,371.9,25
1719463176846,371.9,25
1719463178057,371.2,50
1719463178445,369.75,25
1719463178996,371.75,175
1719463179095,371.45,50
1719463180278,369.2,100
1719463180499,370.2,25
1719463180499,370.2,25
1719463182125,373.05,25
1719463182930,373.9,25
1719463183804,372.8,25
1719463183804,372.8,25
1719463184937,373.55,25
1719463184937,373.55,25
1719463184937,373.55,25
1719463184937,373.55,25
1719463187932,371.4,25
1719463188413,371.65,100
1719463188413,371.65,100
1719463190059,370.35,25
1719463190749,369.7,250
1719463190749,369.7,250
1719463192198,370.5,125
1719463192497,371.1,25
1719463193093,370.4,25
1719463194099,369.4,175
1719463194099,369.4,175
1719463194484,370.1,25
1719463194484,370.1,25
1719463196076,369.15,100
1719463196403,369.25,150
1719463196941,370.35,50
1719463197967,370.15,25
1719463198167,370.0,25
1719463198882,370.8,25
1719463198882,370.8,25
1719463200074,369.5,25
1719463200074,369.5,25
1719463200074,369.5,25
1719463200725,370.0,25
1719463201431,370.2,25
1719463201431,370.2,25
1719463201431,370.2,25
1719463201431,370.2,25
1719463204262,369.65,100
1719463204262,369.65,100
1719463205387,370.0,50
1719463206178,369.5,50
1719463206178,369.5,50
1719463207783,372.0,100
1719463208218,370.55,50
1719463208483,369.9,25
1719463208483,369.9,25
1719463210233,370.2,25
1719463210322,371.05,75
1719463210322,371.05,75
1719463210322,371.05,75
1719463212011,374.0,100
1719463212011,374.0,100
1719463213189,374.25,25
1719463213189,374.25,25
1719463214654,373.35,25
1719463215256,372.1,75
1719463215633,372.0,25
1719463215633,372.0,25
1719463217043,372.45,25
1719463217043,372.45,25
1719463217968,371.7,25
1719463217968,371.7,25
1719463220371,371.15,100
1719463220674,371.0,175
1719463220674,371.0,175
1719463221872,371.95,25
1719463221872,371.95,25
1719463222722,371.9,25
1719463222722,371.9,25
1719463223319,373.3,50
1719463223319,373.3,50
1719463224898,375.0,175
1719463225760,374.25,75
1719463225975,374.85,175
1719463226984,374.65,50
1719463226984,374.65,50
1719463228132,377.35,25
1719463228445,378.05,125
1719463229054,376.1,50
1719463229798,374.35,25
1719463229798,374.35,25
1719463230297,373.4,25
1719463231003,373.0,25
1719463231003,373.0,25
1719463231990,373.7,25
1719463231990,373.7,25
1719463233124,373.45,175
1719463233124,373.45,175
1719463233790,373.4,100
1719463234867,373.75,25
1719463234867,373.75,25
1719463236059,371.25,25
1719463236452,372.15,50
1719463236927,372.4,200
1719463237479,371.85,100
1719463237479,371.85,100
1719463238718,372.0,25
1719463239830,371.65,25
1719463239830,371.65,25
1719463239830,371.65,25
1719463239830,371.65,25
1719463243148,370.05,25
1719463243148,370.05,25
1719463244140,370.1,25
1719463244140,370.1,25
1719463244883,371.2,150
1719463244883,371.2,150
1719463246164,372.15,50
1719463246857,372.3,200
1719463246857,372.3,200
1719463247314,371.3,25
1719463247314,371.3,25
1719463248909,371.65,50
1719463249330,372.0,50
1719463249330,372.0,50
1719463249330,372.0,50
1719463254270,372.45,50
1719463254270,372.45,50
1719463254270,372.45,50
1719463256537,371.65,100
1719463256537,371.65,100
1719463258166,370.25,25
1719463258166,370.25,25
1719463258716,369.5,50
1719463258716,369.5,50
1719463258716,369.5,50
1719463260610,370.1,25
1719463260610,370.1,25
1719463261855,372.0,50
1719463261855,372.0,50
1719463262459,374.95,25
1719463262459,374.95,25
1719463264323,371.0,75
1719463264846,372.15,50
1719463265167,372.55,100
1719463265167,372.55,100
1719463266384,373.1,50
1719463266384,373.1,50
1719463281296,380.2,25
1719463281296,380.2,25
1719463282136,378.65,25
1719463282776,378.35,50
1719463283105,377.75,25
1719463284095,377.7,100
1719463284095,377.7,100
1719463285125,376.6,50
1719463285125,376.6,50
1719463286437,376.65,50
1719463286981,375.85,75
1719463287815,375.1,75
1719463288220,373.85,50
1719463288824,375.0,75
1719463289447,376.3,50
1719463290197,376.45,150
1719463290248,376.3,25
1719463291342,377.25,25
1719463292039,376.4,75
1719463292654,376.1,75
1719463293185,375.95,200
1719463293861,376.3,150
1719463293861,376.3,150
1719463294929,375.9,200
1719463295558,377.45,75
1719463295558,377.45,75
1719463297062,375.85,25
1719463297744,376.05,100
1719463298252,377.25,25
1719463298856,378.6,25
1719463298856,378.6,25
1719463299372,378.0,200
1719463299372,378.0,200
1719463301181,378.2,50
1719463301639,377.1,25
1719463304238,376.95,125
1719463304787,375.95,25
1719463306149,376.3,100
1719463306149,376.3,100
1719463308044,375.0,125
1719463308622,376.45,25
1719463309134,375.2,75
1719463309967,374.95,25
1719463310910,374.95,25
1719463312214,376.45,75
1719463312214,376.45,75
1719463313261,377.4,25
1719463313261,377.4,25
1719463315109,376.95,25
1719463315109,376.95,25
1719463315892,376.55,75
1719463316307,376.85,25
1719463316307,376.85,25
1719463317344,376.85,175
1719463317688,376.0,50
1719463317688,376.0,50
1719463317688,376.0,50
1719463319648,375.9,125
1719463319648,375.9,125
1719463320206,376.0,50
1719463329307,377.15,125
1719463330334,377.35,50
1719463331279,375.45,150
1719463331279,375.45,150
1719463358427,381.5,225
1719463359319,381.15,50
1719463359958,381.9,25
1719463360377,381.6,50
1719463360800,381.55,25
1719463362092,381.25,25
1719463362471,380.0,50
1719463362830,379.3,200
1719463364088,378.5,75
1719463364170,379.55,50
1719463365285,379.2,25
1719463366162,378.7,25
1719463366162,378.7,25
1719463367176,379.65,25
1719463367973,378.2,25
1719463367973,378.2,25
1719463367973,378.2,25
1719463369360,380.75,25
1719463369897,380.7,375
1719463370386,379.6,25
1719463370883,379.85,75
1719463371707,381.05,25
1719463372711,380.85,25
1719463373764,380.8,25
1719463374110,381.05,125
1719463379021,379.85,100
1719463379292,379.35,25
1719463379664,378.0,350
1719463380230,378.2,75
1719463381195,377.95,50
1719463381195,377.95,50
1719463382022,376.65,25
1719463382022,376.65,25
1719463383278,375.0,250
1719463384126,375.2,25
1719463384126,375.2,25
1719463384851,376.15,250
1719463385735,376.2,25
1719463386286,375.75,25
1719463387173,377.6,25
1719463387899,377.85,50
1719463387899,377.85,50
1719463389985,376.55,50
1719463390980,375.9,25
1719463391397,375.0,50
1719463391796,374.35,25
1719463392797,374.15,25
1719463392901,374.55,25
1719463393687,374.9,50
1719463393687,374.9,50
1719463395133,373.8,50
1719463395133,373.8,50
1719463395981,374.2,75
1719463395981,374.2,75
1719463398039,373.0,75
1719463398039,373.0,75
1719463399096,372.45,25
1719463399388,374.2,25
1719463399388,374.2,25
1719463400724,374.7,450
1719463401257,373.15,25
1719463401257,373.15,25
1719463402308,372.65,50
1719463402308,372.65,50
1719463403012,372.9,25
1719463403012,372.9,25
1719463404315,372.0,50
1719463404478,371.95,25
1719463406214,371.05,25
1719463406214,371.05,25
1719463407298,368.0,50
1719463408108,369.25,200
1719463408108,369.25,200
1719463409255,368.25,25
1719463409605,367.65,25
1719463409605,367.65,25
1719463409605,367.65,25
1719463411340,367.9,25
1719463412397,368.05,25
1719463412679,367.45,50
1719463413849,368.25,50
1719463413849,368.25,50
1719463414644,368.5,25
1719463414644,368.5,25
1719463414644,368.5,25
1719463416788,367.0,50
1719463417337,367.45,175
1719463418121,367.35,25
1719463418738,366.8,25
1719463419381,366.9,50
1719463419381,366.9,50
1719463420769,366.7,25
1719463420769,366.7,25
1719463421799,367.3,25
1719463422172,367.7,100
1719463422684,366.55,50
1719463422870,366.3,25
1719463423937,365.5,25
1719463424077,365.15,25
1719463424829,366.7,25
1719463426776,366.2,25
1719463427251,366.0,25
1719463428452,359.25,50
1719463429078,357.5,25
1719463429938,356.15,50
1719463430403,359.25,50
1719463431530,358.8,25
1719463432422,357.95,50
1719463433368,353.35,50
1719463434196,357.0,25
1719463434984,356.15,25
1719463435455,356.0,50
1719463435455,356.0,50
1719463437006,356.45,25
1719463437292,357.15,25
1719463437844,356.1,25
1719463438443,356.6,25
1719463439515,356.6,25
1719463439515,356.6,25
1719463439515,356.6,25
1719463440734,358.55,100
1719463441423,358.2,75
1719463441619,357.85,25
1719463441995,357.85,25
1719463442607,359.85,25
1719463442607,359.85,25
1719463443888,360.45,25
1719463443888,360.45,25
1719463445365,362.2,100
1719463445467,360.7,25
1719463457297,361.4,50
1719463457297,361.4,50
1719463458166,362.55,25
1719463458166,362.55,25
1719463459590,360.7,25
1719463459957,361.15,50
1719463459957,361.15,50
1719463461158,359.7,150
1719463462167,360.15,75
1719463462167,360.15,75
1719463465319,361.8,25
1719463468037,361.45,25
1719463468037,361.45,25
1719463468405,362.45,25
1719463469260,362.0,25
1719463469260,362.0,25
1719463469698,361.5,50
1719463470568,365.7,100
1719463470807,365.15,100
1719463471224,366.4,100
1719463472191,364.9,25
1719463472191,364.9,25
1719463472835,365.6,75
1719463473642,366.2,75
1719463473642,366.2,75
1719463474877,365.1,50
1719463474877,365.1,50
1719463476120,365.9,25
1719463477196,366.4,75
1719463477463,365.9,100
1719463478351,365.05,25
1719463479209,362.45,100
1719463479209,362.45,100
1719463480350,361.75,25
1719463480350,361.75,25
1719463481264,361.9,25
1719463481264,361.9,25
1719463481264,361.9,25
1719463483295,359.25,50
1719463483486,359.6,125
1719463483486,359.6,125
1719463484820,360.95,25
1719463485895,360.0,25
1719463486540,361.2,25
1719463487177,359.25,25
1719463487588,360.45,50
1719463487588,360.45,50
1719463488845,360.2,25
1719463489913,360.85,25
1719463489913,360.85,25
1719463492049,359.35,50
1719463492669,358.0,25
1719463492669,358.0,25
1719463495282,359.25,50
1719463496232,359.05,100
1719463496232,359.05,100
1719463497471,359.75,25
1719463498295,359.6,25
1719463498835,359.15,200
1719463499833,359.6,125
1719463500322,359.9,25
1719463500322,359.9,25
1719463500322,359.9,25
1719463501970,360.4,25
1719463502459,359.9,25
1719463502459,359.9,25
1719463503117,359.3,50
1719463504293,359.55,25
1719463504293,359.55,25
1719463505742,357.0,50
1719463506135,356.25,25
1719463506135,356.25,25
1719463507212,356.65,50
1719463508185,357.85,100
1719463508185,357.85,100
1719463509200,359.0,150
1719463509200,359.0,150
1719463510116,357.4,50
1719463510791,357.75,100
1719463511160,357.0,25
1719463512423,354.35,350
1719463512423,354.35,350
1719463513393,356.4,75
1719463513659,356.8,25
1719463513659,356.8,25
1719463515181,355.9,25
1719463516033,354.95,25
1719463517142,355.9,25
1719463517748,355.35,25
1719463518124,356.05,25
1719463518769,355.15,25
1719463519297,355.65,50
1719463519775,357.4,25
1719463521376,357.65,75
1719463521688,358.9,200
1719463522536,358.15,25
1719463523239,360.2,25
1719463523929,360.35,25
1719463524214,360.5,125
1719463524894,362.0,25
1719463524894,362.0,25
1719463525785,361.55,25
1719463526519,361.75,25
1719463527128,361.65,25
1719463527983,361.5,25
1719463528266,361.5,25
1719463528586,361.6,25
1719463529258,361.8,25
1719463529258,361.8,25
1719463530470,363.7,200
1719463530966,364.7,125
1719463531989,365.0,100
1719463531989,365.0,100
1719463532654,365.5,25
1719463534255,363.55,25
1719463534255,363.55,25
1719463535308,364.8,25
1719463535308,364.8,25
1719463536043,364.95,25
1719463537009,366.05,25
1719463537009,366.05,25
1719463537009,366.05,25
1719463539210,366.35,50
1719463539417,366.0,50
1719463539946,365.2,25
1719463539946,365.2,25
1719463540556,366.2,225
1719463541556,366.5,25
1719463541556,366.5,25
1719463541556,366.5,25
1719463543348,366.0,25
1719463543348,366.0,25
1719463544499,365.9,25
1719463544499,365.9,25
1719463545799,366.5,50
1719463545799,366.5,50
1719463546703,366.9,250
1719463547211,366.75,25
1719463550223,369.6,200
1719463550223,369.6,200
1719463551211,369.55,25
1719463552254,367.5,25
1719463552425,367.2,25
1719463553487,367.3,25
1719463553487,367.3,25
1719463554196,366.25,25
1719463554929,364.8,175
1719463554929,364.8,175
1719463556478,364.6,25
1719463556670,365.45,50
1719463557617,363.7,25
1719463557617,363.7,25
1719463558586,364.15,25
1719463559093,365.0,25
1719463559842,364.8,50
1719463560392,364.0,25
1719463560392,364.0,25
1719463562637,364.0,25
1719463562637,364.0,25
1719463562637,364.0,25
1719463565139,361.6,25
1719463566146,362.4,200
1719463566479,362.35,50
1719463567091,361.2,75
1719463567091,361.2,75
1719463567091,361.2,75
1719463567091,361.2,75
1719463569938,360.65,100
1719463570902,360.45,100
1719463570902,360.45,100
1719463572064,360.6,25
1719463572338,361.35,25
1719463572525,361.3,25
1719463572525,361.3,25
1719463572525,361.3,25
1719463572525,361.3,25
1719463576015,359.9,50
1719463576015,359.9,50
1719463576932,360.0,25
1719463577103,360.0,75
1719463577685,360.0,25
1719463578349,359.4,25
1719463579232,357.75,50
1719463579232,357.75,50
1719463580428,357.85,25
1719463580428,357.85,25
1719463581444,358.05,25
1719463581605,357.65,100
1719463582179,357.5,75
1719463582732,357.0,50
1719463583409,357.0,200
1719463583920,356.5,75
1719463585200,354.7,50
1719463585200,354.7,50
1719463586357,355.95,100
1719463587500,356.7,25
1719463587934,357.05,25
1719463588227,356.6,25
1719463588582,356.95,25
1719463590117,358.4,75
1719463590317,357.55,50
1719463590317,357.55,50
1719463590317,357.55,50
1719463592009,358.3,50
1719463592722,357.1,50
1719463592722,357.1,50
1719463593292,357.05,25
1719463593292,357.05,25
1719463593292,357.05,25
1719463595999,356.35,50
1719463596333,355.9,25
1719463596615,356.9,100
1719463597436,356.85,25
1719463597651,355.75,25
1719463597651,355.75,25
1719463597651,355.75,25
1719463597651,355.75,25
1719463597651,355.75,25
1719463601990,355.25,25
1719463609894,360.75,25
1719463610045,360.65,25
1719463610045,360.65,25
1719463610045,360.65,25
1719463612129,360.9,50
1719463612129,360.9,50
1719463612129,360.9,50
1719463614428,360.2,25
1719463614828,360.6,75
1719463614828,360.6,75
1719463614828,360.6,75
1719463614828,360.6,75
1719463614828,360.6,75
1719463620547,359.85,25
1719463620892,357.9,25
1719463620892,357.9,25
1719463622247,357.3,25
1719463622247,357.3,25
1719463622247,357.3,25
1719463625202,355.85,100
1719463625447,355.85,75
1719463625447,355.85,75
1719463626859,356.1,75
1719463626859,356.1,75
1719463627750,357.1,25
1719463627750,357.1,25
1719463627750,357.1,25
1719463627750,357.1,25
1719463631810,358.45,50
1719463631810,358.45,50
1719463633181,359.35,200
1719463633731,359.45,150
1719463633731,359.45,150
1719463634450,358.9,25
1719463634730,358.6,200
1719463635506,358.7,25
1719463636484,358.35,25
1719463637452,360.45,50
1719463637452,360.45,50
1719463638464,359.5,25
1719463638464,359.5,25
1719463639695,360.55,75
1719463639695,360.55,75
1719463641049,360.85,25
1719463641049,360.85,25
1719463641049,360.85,25
1719463642544,362.75,50
1719463642544,362.75,50
1719463644500,361.7,25
1719463644610,362.55,100
1719463644610,362.55,100
1719463645636,362.3,25
1719463645636,362.3,25
1719463645636,362.3,25
1719463669154,354.1,125
1719463669154,354.1,125
1719463669154,354.1,125
1719463670736,355.85,100
1719463670736,355.85,100
1719463672083,356.9,50
1719463672403,356.05,50
1719463672403,356.05,50
1719463673501,358.0,50
1719463673501,358.0,50
1719463674326,360.2,50
1719463674326,360.2,50
1719463675600,356.25,75
1719463675600,356.25,75
1719463688677,357.7,150
1719463754391,363.2,75
1719463756307,363.85,25
1719463760625,368.95,25
1719463760844,368.0,125
1719463762086,368.5,75
1719463762593,367.95,25
1719463762843,368.1,25
1719463764373,367.7,25
1719463765170,366.7,25
1719463765170,366.7,25
1719463766303,365.7,25
1719463767271,365.2,150
1719463767271,365.2,150
1719463768583,364.7,25
1719463768583,364.7,25
1719463768583,364.7,25
1719463770225,365.2,25
1719463770225,365.2,25
1719463776097,367.9,50
1719463776664,368.4,50
1719463777264,369.5,25
1719463777264,369.5,25
1719463778545,367.6,25
1719463778903,367.95,75
1719463778903,367.95,75
1719463780198,368.0,50
1719463780198,368.0,50
1719463780979,366.75,50
1719463780979,366.75,50
1719463782702,366.2,25
1719463782702,366.2,25
1719463783499,367.45,25
1719463783499,367.45,25
1719463784290,367.5,75
1719463785139,367.1,50
1719463785139,367.1,50
1719463786567,366.75,50
1719463786567,366.75,50
1719463786696,366.05,25
1719463786696,366.05,25
1719463786696,366.05,25
1719463789057,367.35,50
1719463789057,367.35,50
1719463790734,368.0,200
1719463790734,368.0,200
1719463790734,368.0,200
1719463792683,367.5,100
1719463792683,367.5,100
1719463794022,369.0,25
1719463794022,369.0,25
1719463795075,368.2,25
1719463795585,369.0,125
1719463795585,369.0,125
1719463795585,369.0,125
1719463797943,367.1,50
1719463797943,367.1,50
1719463799060,368.1,50
1719463799378,366.95,75
1719463799378,366.95,75
1719463799378,366.95,75
1719463799378,366.95,75
1719463799378,366.95,75
1719463803227,366.0,50
1719463803227,366.0,50
1719463805689,366.0,50
1719463805689,366.0,50
1719463807939,366.25,25
1719463808397,367.35,25
1719463808397,367.35,25
1719463809768,367.0,25
1719463810832,368.2,50
1719463810897,368.6,25
1719463811799,368.5,75
1719463812066,367.4,25
1719463815148,372.3,75
1719463815148,372.3,75
1719463815148,372.3,75
1719463815148,372.3,75
1719463819201,368.8,125
1719463819650,368.55,25
1719463819650,368.55,25
1719463820605,368.8,50
1719463820605,368.8,50
1719463821636,369.3,25
1719463821636,369.3,25
1719463822288,368.8,175
1719463822288,368.8,175
1719463823715,369.65,100
1719463824368,370.6,25
1719463824368,370.6,25
1719463825500,369.55,100
1719463825758,369.3,50
1719463825758,369.3,50
1719463825758,369.3,50
1719463827614,368.6,100
1719463827614,368.6,100
1719463828453,368.2,25
1719463829489,367.4,100
1719463829489,367.4,100
1719463830115,365.0,25
1719463830115,365.0,25
1719463830115,365.0,25
1719463832003,367.05,25
1719463832632,367.6,75
1719463832679,367.6,200
1719463832679,367.6,200
1719463834704,366.5,25
1719463834704,366.5,25
1719463834704,366.5,25
1719463834704,366.5,25
1719463834704,366.5,25
1719463834704,366.5,25
1719463840221,366.55,125
1719463840221,366.55,125
1719463840769,366.15,25
1719463841576,365.65,25
1719463841576,365.65,25
1719463842295,365.0,50
1719463843058,364.0,50
1719463843058,364.0,50
1719463844416,362.5,50
1719463844416,362.5,50
1719463844416,362.5,50
1719463846923,363.75,75
1719463846923,363.75,75
1719463847356,364.95,25
1719463848318,364.45,25
1719463849439,364.6,25
1719463849439,364.6,25
1719463850467,364.7,25
1719463850467,364.7,25
1719463851375,364.1,25
1719463851375,364.1,25
1719463853805,363.0,50
1719463853805,363.0,50
1719463855143,362.9,25
1719463855143,362.9,25
1719463855610,363.0,25
1719463856512,362.0,25
1719463856512,362.0,25
1719463858762,364.0,25
1719463859692,366.75,25
1719463859692,366.75,25
1719463860541,368.0,75
1719463860541,368.0,75
1719463861903,367.8,50
1719463862400,369.0,25
1719463862400,369.0,25
1719463863754,368.85,50
1719463864003,368.15,25
1719463864322,368.9,25
1719463864322,368.9,25
1719463865880,367.85,25
1719463866639,366.75,25
1719463866639,366.75,25
1719463867802,366.5,100
1719463867802,366.5,100
1719463869078,366.0,350
1719463869078,366.0,350
1719463869078,366.0,350
1719463869078,366.0,350
1719463869078,366.0,350
1719463875561,366.0,50
1719463875561,366.0,50
1719463876901,365.3,25
1719463876901,365.3,25
1719463876901,365.3,25
1719463878327,367.3,25
1719463878327,367.3,25
1719463880671,367.8,25
1719463881828,369.2,25
1719463924208,369.0,50
1719463924208,369.0,50
1719463924208,369.0,50
1719463928927,367.85,50
1719463928927,367.85,50
1719463929755,368.3,25
1719463930363,369.9,25
1719463930363,369.9,25
1719463930363,369.9,25
1719463930363,369.9,25
1719463930363,369.9,25
1719463935010,371.5,25
1719463935550,374.35,25
1719463935550,374.35,25
1719463938145,368.95,25
1719463938260,368.65,50
1719463944550,369.0,50
1719463944550,369.0,50
1719463944904,368.95,25
1719463944904,368.95,25
1719463944904,368.95,25
1719463944904,368.95,25
1719463944904,368.95,25
1719463952027,368.1,50
1719463952027,368.1,50
1719463953906,367.6,25
1719463953906,367.6,25
1719463955035,367.15,100
1719463955035,367.15,100
1719463955997,366.0,25
1719463955997,366.0,25
1719463956625,365.65,75
1719463957203,365.0,25
1719463957203,365.0,25
1719463957203,365.0,25
1719463959102,365.2,50
1719463959102,365.2,50
1719463960246,365.0,25
1719463960862,363.8,25
1719463960862,363.8,25
1719463960862,363.8,25
1719463962910,364.5,25
1719463962910,364.5,25
1719463963898,363.55,25
1719463963898,363.55,25
1719463963898,363.55,25
1719463966117,365.35,25
1719463966841,364.95,50
1719463966841,364.95,50
1719463966841,364.95,50
1719463966841,364.95,50
1719463966841,364.95,50
1719463971162,365.3,125
1719463971162,365.3,125
1719463971162,365.3,125
1719463972004,365.25,50
1719463973318,365.0,75
1719463973318,365.0,75
1719463973318,365.0,75
1719463975244,365.6,25
1719463975414,364.75,25
1719463976010,366.0,50
1719463976010,366.0,50
1719463977133,365.05,25
1719463977133,365.05,25
1719463977133,365.05,25
1719463980090,368.0,200
1719463980090,368.0,200
1719463981022,367.25,200
1719463981860,367.5,50
1719463981860,367.5,50
1719463982420,366.5,75
1719463982420,366.5,75
1719463982420,366.5,75
1719463982420,366.5,75
1719463986359,365.65,25
1719463986359,365.65,25
1719463987733,366.0,150
1719463987806,366.0,25
1719463988317,365.5,25
1719463989205,365.3,25
1719463989205,365.3,25
1719463989205,365.3,25
1719463989205,365.3,25
1719463992440,365.8,25
1719463992440,365.8,25
1719463992440,365.8,25
1719463992440,365.8,25
1719463992440,365.8,25
1719463997252,363.5,50
1719463997557,364.2,25
1719463997557,364.2,25
1719463998724,363.45,75
1719463998724,363.45,75
1719464000843,361.55,75
1719464000843,361.55,75
1719464001728,361.65,50
1719464001728,361.65,50
1719464002989,364.3,25
1719464003598,363.0,50
1719464003598,363.0,50
1719464003598,363.0,50
1719464007076,362.65,275
1719464007076,362.65,275
1719464007076,362.65,275
1719464007076,362.65,275
1719464007076,362.65,275
1719464007076,362.65,275
1719464007076,362.65,275
1719464015617,362.7,50
1719464016760,362.25,25
1719464016760,362.25,25
1719464017405,362.7,25
1719464017405,362.7,25
1719464018456,363.75,50
1719464018456,363.75,50
1719464018456,363.75,50
1719464021489,365.8,25
1719464021489,365.8,25
1719464022188,365.25,25
1719464022188,365.25,25
1719464022188,365.25,25
1719464024767,363.75,75
1719464026434,362.65,25
1719464026911,362.7,50
1719464026911,362.7,50
1719464028574,362.7,50
1719464028574,362.7,50
1719464028574,362.7,50
1719464028574,362.7,50
1719464028574,362.7,50
1719464028574,362.7,50
1719464034331,362.0,25
1719464034331,362.0,25
1719464036059,360.5,75
1719464036059,360.5,75
1719464036059,360.5,75
1719464039088,360.1,25
1719464039572,359.95,100
1719464039618,359.95,100
1719464039618,359.95,100
1719464039618,359.95,100
1719464041283,360.0,75
1719464041638,361.0,25
1719464041638,361.0,25
1719464043141,359.55,25
1719464043141,359.55,25
1719464044697,359.0,100
1719464044697,359.0,100
1719464045558,358.5,25
1719464045558,358.5,25
1719464047316,358.15,50
1719464047316,358.15,50
1719464048517,358.35,50
1719464048517,358.35,50
1719464048517,358.35,50
1719464050887,358.0,25
1719464051089,358.15,150
1719464051713,358.35,175
1719464051902,357.6,25
1719464052711,357.8,75
1719464052711,357.8,75
1719464053721,358.1,50
1719464054254,359.95,25
1719464054254,359.95,25
1719464055499,360.9,25
1719464055499,360.9,25
1719464055845,360.55,25
1719464055845,360.55,25
1719464058206,362.15,50
1719464058626,361.75,25
1719464058626,361.75,25
1719464060623,359.9,50
1719464060623,359.9,50
1719464061171,359.75,100
1719464061171,359.75,100
1719464061171,359.75,100
1719464061171,359.75,100
1719464074447,357.85,75
1719464074447,357.85,75
1719464074447,357.85,75
1719464074447,357.85,75
1719464078156,358.05,25
1719464078156,358.05,25
1719464080158,357.0,25
1719464080286,356.45,25
1719464080286,356.45,25
1719464082419,357.25,25
1719464082419,357.25,25
1719464083701,356.9,50
1719464084447,355.7,150
1719464084902,354.95,25
1719464087178,355.8,100
1719464088506,354.9,25
1719464088506,354.9,25
1719464088506,354.9,25
1719464092364,357.45,50
1719464092364,357.45,50
1719464093697,359.75,25
1719464093963,360.0,425
1719464093963,360.0,425
1719464095174,360.5,75
1719464095962,361.3,25
1719464095962,361.3,25
1719464095962,361.3,25
1719464095962,361.3,25
1719464095962,361.3,25
1719464095962,361.3,25
1719464100557,358.85,50
1719464101011,359.05,25
1719464101011,359.05,25
1719464101011,359.05,25
1719464119867,360.5,25
1719464121612,362.0,25
1719464121612,362.0,25
1719464122857,361.65,25
1719464123827,360.0,50
1719464124331,360.0,25
1719464125166,359.9,25
1719464125575,361.45,25
1719464125575,361.45,25
1719464126478,360.05,125
1719464126478,360.05,125
1719464127940,360.25,25
1719464128200,361.15,50
1719464128200,361.15,50
1719464128200,361.15,50
1719464128200,361.15,50
1719464128200,361.15,50
1719464131397,361.15,25
1719464167427,359.5,25
1719464168047,359.5,150
1719464168047,359.5,150
1719464169427,360.4,75
1719464169427,360.4,75
1719464169427,360.4,75
1719464172348,360.7,25
1719464172348,360.7,25
1719464173428,362.0,25
1719464173428,362.0,25
1719464174464,360.45,50
1719464174464,360.45,50
1719464175880,359.4,25
1719464176379,360.4,25
1719464176379,360.4,25
1719464179112,360.0,100
1719464179454,359.75,25
1719464180227,360.15,25
1719464180227,360.15,25
1719464180227,360.15,25
1719464182008,361.6,25
1719464182432,362.0,250
1719464182432,362.0,250
1719464183622,362.65,25
1719464205823,360.65,25
1719464205823,360.65,25
1719464207831,362.0,25
1719464207911,361.75,175
1719464208751,361.7,50
1719464209093,361.65,25
1719464209093,361.65,25
1719464210434,362.45,25
1719464212085,362.25,25
1719464212085,362.25,25
1719464212085,362.25,25
1719464212085,362.25,25
1719464212085,362.25,25
1719464216796,362.35,100
1719464216796,362.35,100
1719464216796,362.35,100
1719464219074,366.2,25
1719464219074,366.2,25
1719464219074,366.2,25
1719464220291,366.45,25
1719464220291,366.45,25
1719464221084,365.25,25
1719464221489,365.85,25
1719464222195,365.85,25
1719464222195,365.85,25
1719464223080,366.7,25
1719464223080,366.7,25
1719464224208,368.0,25
1719464224870,367.2,25
1719464225854,367.0,25
1719464226093,368.5,25
1719464226931,369.3,250
1719464228341,369.9,75
1719464228868,371.55,25
1719464229614,371.35,25
1719464230733,372.1,25
1719464232415,372.5,50
1719464232776,372.15,25
1719464233858,371.15,25
1719464235010,370.85,250
1719464235010,370.85,250
1719464235616,369.8,25
1719464235616,369.8,25
1719464236902,370.55,50
1719464236902,370.55,50
1719464237516,371.55,100
1719464238350,372.0,50
1719464238350,372.0,50
1719464238350,372.0,50
1719464239722,371.65,100
1719464239976,372.2,25
1719464239976,372.2,25
1719464241706,371.25,50
1719464241924,371.0,50
1719464242265,370.6,25
1719464243139,371.6,75
1719464243139,371.6,75
1719464243139,371.6,75
1719464245043,372.85,50
1719464245043,372.85,50
1719464246721,374.0,25
1719464246826,375.0,25
1719464247561,376.35,25
1719464248078,377.1,150
1719464249098,381.85,50
1719464249601,382.55,125
1719464249909,379.75,25
1719464250014,380.05,150
1719464250849,380.55,25
1719464251153,381.2,50
1719464251720,379.35,25
1719464252493,380.35,150
1719464252493,380.35,150
1719464253465,382.9,25
1719464254133,383.1,25
1719464254434,383.1,225
1719464254434,383.1,225
1719464255913,381.55,25
1719464256691,380.8,50
1719464256691,380.8,50
1719464257454,381.6,25
1719464257454,381.6,25
1719464259839,383.05,25
1719464260553,381.85,25
1719464260833,381.9,150
1719464261508,381.25,50
1719464262178,382.35,150
1719464262961,380.9,50
1719464263446,382.9,75
1719464264142,382.1,25
1719464264554,382.9,25
1719464265707,382.3,50
1719464265914,382.3,50
1719464266900,381.9,75
1719464267544,382.0,25
1719464268816,383.1,25
1719464269338,383.15,200
1719464269759,384.0,25
1719464270640,382.0,25
1719464270785,383.15,25
1719464271704,381.5,25
1719464271832,382.1,50
1719464272742,380.45,25
1719464273331,381.45,50
1719464274147,380.0,150
1719464274797,380.15,125
1719464274998,380.9,50
1719464291337,381.75,550
1719464292146,385.95,350
1719464292643,386.05,50
1719464293003,384.95,25
1719464293003,384.95,25
1719464294630,385.35,25
1719464294883,385.95,100
1719464295538,384.9,175
1719464296788,384.3,25
1719464297548,384.45,25
1719464298353,384.3,25
1719464298529,384.15,25
1719464299478,385.1,25
1719464299478,385.1,25
1719464300208,384.45,25
1719464300208,384.45,25
1719464301547,384.3,25
1719464301633,384.0,25
1719464302728,383.9,25
1719464302728,383.9,25
1719464303889,383.6,25
1719464303889,383.6,25
1719464304694,384.65,25
1719464304694,384.65,25
1719464305875,384.8,50
1719464306464,383.7,50
1719464306947,382.6,50
1719464307319,383.25,25
1719464307319,383.25,25
1719464308209,384.5,25
1719464308209,384.5,25
1719464309942,386.85,50
1719464309942,386.85,50
1719464309942,386.85,50
1719464310843,386.85,50
1719464311691,387.7,25
1719464311691,387.7,25
1719464312628,387.15,25
1719464312914,387.2,50
1719464313568,386.8,25
1719464314554,390.1,25
1719464315142,389.0,25
1719464315459,388.6,25
1719464316608,388.45,50
1719464316608,388.45,50
1719464317540,390.95,50
1719464318674,389.65,200
1719464319079,388.7,50
1719464319941,390.45,25
1719464320225,389.6,25
1719464320912,389.15,50
1719464321665,391.25,50
1719464321665,391.25,50
1719464322347,389.8,100
1719464323722,392.85,100
1719464324227,390.35,25
1719464324940,390.85,25
1719464325517,389.8,25
1719464325517,389.8,25
1719464326727,389.1,75
1719464326898,389.95,25
1719464327802,387.85,25
1719464327960,387.3,25
1719464328750,386.25,25
1719464328750,386.25,25
1719464329492,385.15,50
1719464330018,383.05,75
1719464330681,387.1,50
1719464366909,388.5,25
1719464366909,388.5,25
1719464367735,387.2,25
1719464367735,387.2,25
1719464369671,386.3,75
1719464369671,386.3,75
1719464369895,386.95,25
1719464369895,386.95,25
1719464370565,386.25,25
1719464371852,386.9,25
1719464371852,386.9,25
1719464372879,387.65,50
1719464373233,388.05,75
1719464377730,387.7,25
1719464378058,387.45,25
1719464379033,387.6,75
1719464379558,387.3,25
1719464380364,386.35,25
1719464380916,386.95,25
1719464381330,387.0,100
1719464381330,387.0,100
1719464382699,388.0,150
1719464382699,388.0,150
1719464384138,383.8,25
1719464384138,383.8,25
1719464386072,385.1,25
1719464386182,385.15,25
1719464386887,384.65,25
1719464386887,384.65,25
1719464387980,384.25,100
1719464388607,385.2,25
1719464389887,385.35,25
1719464389887,385.35,25
1719464390982,385.9,25
1719464391459,387.45,25
1719464391736,387.45,75
1719464392695,385.95,25
1719464392695,385.95,25
1719464392695,385.95,25
1719464394081,387.75,25
1719464394573,387.15,25
1719464394573,387.15,25
1719464396153,386.95,25
1719464396153,386.95,25
1719464397689,387.25,25
1719464397845,388.2,25
1719464397845,388.2,25
1719464398999,388.5,25
1719464398999,388.5,25
1719464400049,387.8,25
1719464400400,387.8,25
1719464400820,387.0,250
1719464401678,386.55,125
1719464402019,385.25,150
1719464402895,385.0,200
1719464402895,385.0,200
1719464403047,384.95,25
1719464403047,384.95,25
1719464405083,386.0,25
1719464405379,387.0,25
1719464406053,388.1,25
1719464406720,389.0,50
1719464406720,389.0,50
1719464407370,387.6,125
1719464408062,386.65,25
1719464408062,386.65,25
1719464409816,388.15,25
1719464410449,386.85,25
1719464410449,386.85,25
1719464411476,387.05,25
1719464411918,385.6,25
1719464412731,385.65,25
1719464412731,385.65,25
1719464414105,386.0,25
1719464414105,386.0,25
1719464415441,386.05,25
1719464415441,386.05,25
1719464416227,385.25,25
1719464416672,385.15,25
1719464416672,385.15,25
1719464417896,385.45,50
1719464417896,385.45,50
1719464417896,385.45,50
1719464419391,386.6,25
1719464419568,387.5,25
1719464419568,387.5,25
1719464419568,387.5,25
1719464421785,386.85,50
1719464422092,386.1,350
1719464422092,386.1,350
1719464422092,386.1,350
1719464424189,387.35,100
1719464424617,387.5,50
1719464424617,387.5,50
1719464425917,388.0,50
1719464427007,387.05,75
1719464427007,387.05,75
1719464428147,386.85,25
1719464428147,386.85,25
1719464428147,386.85,25
1719464428147,386.85,25
1719464428147,386.85,25
1719464430893,387.25,25
1719464431407,386.7,25
1719464431407,386.7,25
1719464432984,388.0,75
1719464433305,387.55,25
1719464433305,387.55,25
1719464435353,389.0,100
1719464435549,389.45,25
1719464435549,389.45,25
1719464436780,388.55,25
1719464436780,388.55,25
1719464438035,390.0,75
1719464438242,390.0,25
1719464438481,390.0,75
1719464438481,390.0,75
1719464439871,390.0,200
1719464440080,390.25,25
1719464440080,390.25,25
1719464441946,389.8,25
1719464442582,390.75,25
1719464442582,390.75,25
1719464443900,389.9,25
1719464444974,389.35,50
1719464444974,389.35,50
1719464445647,388.95,125
1719464446283,388.85,50
1719464446283,388.85,50
1719464447543,387.6,50
1719464447926,386.7,25
1719464448115,387.75,25
1719464448814,388.0,25
1719464448814,388.0,25
1719464450798,388.35,100
1719464450798,388.35,100
1719464451555,388.3,100
1719464452328,388.35,25
1719464453563,387.55,175
1719464466809,384.3,25
1719464466809,384.3,25
1719464467791,382.8,25
1719464468240,383.1,25
1719464469062,383.15,25
1719464469776,383.45,25
1719464469965,384.1,25
1719464470840,383.65,25
1719464471903,384.95,100
1719464471903,384.95,100
1719464474031,386.0,50
1719464474092,385.9,50
1719464474092,385.9,50
1719464475592,386.25,50
1719464475592,386.25,50
1719464476430,386.35,100
1719464476430,386.35,100
1719464478474,384.35,25
1719464478474,384.35,25
1719464479251,383.55,25
1719464479251,383.55,25
1719464507994,382.1,25
1719464509190,382.2,50
1719464509190,382.2,50
1719464510676,382.0,25
1719464510922,381.9,75
1719464512266,382.9,125
1719464519678,380.7,25
1719464520055,381.0,100
1719464520055,381.0,100
1719464520055,381.0,100
1719464521614,380.5,25
1719464521904,380.0,25
1719464521918,379.75,25
1719464523010,376.45,25
1719464523010,376.45,25
1719464523982,375.35,25
1719464524397,375.0,100
1719464524977,376.65,25
1719464531778,379.1,25
1719464533163,378.8,25
1719464536124,377.35,25
1719464536635,378.35,25
1719464536635,378.35,25
1719464537324,377.85,25
1719464537324,377.85,25
1719464538485,376.2,50
1719464539678,377.5,25
1719464539678,377.5,25
1719464540737,376.55,150
1719464540737,376.55,150
1719464542122,376.25,25
1719464542902,377.6,50
1719464542902,377.6,50
1719464542902,377.6,50
1719464546021,375.05,50
1719464546653,374.25,25
1719464546653,374.25,25
1719464547335,375.55,25
1719464547335,375.55,25
1719464548382,374.6,25
1719464549159,374.75,25
1719464562944,375.6,50
1719464564167,374.1,50
1719464565121,372.75,25
1719464565121,372.75,25
1719464565121,372.75,25
1719464566736,373.0,25
1719464567085,373.4,25
1719464567392,373.0,25
1719464567392,373.0,25
1719464567392,373.0,25
1719464569678,373.8,50
1719464569914,372.7,125
1719464569914,372.7,125
1719464569914,372.7,125
1719464571861,374.15,175
1719464571861,374.15,175
1719464573284,373.35,25
1719464573284,373.35,25
1719464575062,374.15,25
1719464575062,374.15,25
1719464575955,372.6,25
1719464575955,372.6,25
1719464576705,372.0,25
1719464578151,373.45,25
1719464578151,373.45,25
1719464585079,374.15,100
1719464586998,373.95,150
1719464587203,374.05,25
1719464587203,374.05,25
1719464588251,373.45,50
1719464589046,371.0,100
1719464590088,370.0,25
1719464590088,370.0,25
1719464590928,366.4,125
1719464591998,365.0,100
1719464592244,363.8,25
1719464592962,364.3,275
1719464593261,365.45,25
1719464593940,363.1,25
1719464595092,366.7,25
1719464595278,365.95,25
1719464595634,365.75,25
1719464596828,365.35,25
1719464596828,365.35,25
1719464597925,365.05,100
1719464598374,364.85,25
1719464598916,364.95,25
1719464599742,361.5,25
1719464600084,362.45,50
1719464600891,359.1,25
1719464601675,354.95,50
1719464602165,354.4,25
1719464602961,353.5,175
1719464602961,353.5,175
1719464603834,352.25,25
1719464604563,353.7,25
1719464606110,353.75,25
1719464606595,350.0,100
1719464607363,344.6,25
1719464608113,342.0,25
1719464608221,343.65,50
1719464609151,343.8,25
1719464609835,338.0,925
1719464610121,337.0,25
1719464611436,336.8,50
1719464611981,325.2,25
1719464612644,319.4,50
1719464613834,294.15,25
1719464626838,328.85,25
1719464626838,328.85,25
1719464628325,329.3,250
1719464628325,329.3,250
1719464629106,336.25,50
1719464629223,335.0,50
1719464631088,334.05,75
1719464631223,333.6,25
1719464631746,333.05,100
1719464632391,334.85,25
1719464632809,333.9,75
1719464633857,330.0,475
1719464634304,330.0,25
1719464635287,325.65,25
1719464635965,323.4,25
1719464636651,319.0,75
1719464636651,319.0,75
1719464637608,318.25,25
1719464637608,318.25,25
1719464638960,321.0,25
1719464640103,323.0,25
1719464640109,322.7,50
1719464641361,320.1,375
1719464641702,318.65,25
1719464642166,320.2,25
1719464642632,323.15,50
1719464643445,322.7,100
1719464644122,325.05,25
1719464644842,325.3,25
1719464644842,325.3,25
1719464644842,325.3,25
1719464646451,326.9,50
1719464647166,330.15,50
1719464647439,329.6,125
1719464648357,331.25,75
1719464648962,331.05,50
1719464648962,331.05,50
1719464650026,329.15,25
1719464650701,328.2,100
1719464651318,325.0,50
1719464652159,325.4,25
1719464652809,327.6,25
1719464652809,327.6,25
1719464653925,325.15,25
1719464654833,324.85,425
1719464654833,324.85,425
1719464656092,323.95,25
1719464656092,323.95,25
1719464657162,323.95,25
1719464657162,323.95,25
1719464658168,323.8,75
1719464658168,323.8,75
1719464658737,322.9,25
1719464659522,328.25,25
1719464659522,328.25,25
1719464660999,329.5,50
1719464661509,329.7,25
1719464661874,327.1,100
1719464663068,326.8,25
1719464663829,325.55,25
1719464665069,320.85,50
1719464665069,320.85,50
1719464665868,324.65,25
1719464666744,323.8,50
1719464666744,323.8,50
1719464668130,324.65,100
1719464668130,324.65,100
1719464668896,323.4,25
1719464669333,322.9,25
1719464670100,323.85,25
1719464670100,323.85,25
1719464670100,323.85,25
1719464670993,328.9,50
1719464671790,329.0,25
1719464673066,328.3,50
1719464673066,328.3,50
1719464674224,328.5,50
1719464674224,328.5,50
1719464675546,331.35,100
1719464675852,330.5,100
1719464675852,330.5,100
1719464676896,329.2,25
1719464676896,329.2,25
1719464678461,327.65,25
1719464678709,328.5,75
1719464679216,328.45,25
1719464680017,326.8,575
1719464680507,326.4,25
1719464681326,324.35,75
1719464681528,324.6,25
1719464682150,326.55,250
1719464682553,326.3,200
1719464683151,324.75,250
1719464683738,325.35,100
1719464684159,326.75,100
1719464684505,327.55,175
1719464685159,327.25,25
1719464686126,327.75,50
1719464687185,325.8,25
1719464687290,326.1,50
1719464688324,324.0,100
1719464688875,327.05,50
1719464689662,326.7,25
1719464689967,326.35,25
1719464690596,324.75,25
1719464690596,324.75,25
1719464691570,322.6,25
1719464693104,323.1,25
1719464693104,323.1,25
1719464694376,320.0,25
1719464694376,320.0,25
1719464695142,320.05,25
1719464695547,318.25,75
1719464696431,317.7,25
1719464697028,317.4,100
1719464697914,317.6,25
1719464702865,308.25,25
1719464703296,308.6,25
1719464704251,308.55,50
1719464704251,308.55,50
1719464705746,310.75,25
1719464712159,317.7,25
1719464713145,317.8,75
1719464713732,316.6,25
1719464714158,315.1,50
1719464715008,319.3,25
1719464715008,319.3,25
1719464716399,323.2,150
1719464716620,321.6,25
1719464716620,321.6,25
1719464716620,321.6,25
1719464718817,320.45,25
1719464719744,319.85,50
1719464720139,319.9,25
1719464721141,318.35,50
1719464721739,317.6,250
1719464721739,317.6,250
1719464723008,314.3,25
1719464723724,314.55,100
1719464723724,314.55,100
1719464725116,317.45,150
1719464725116,317.45,150
1719464725766,315.0,200
1719464725766,315.0,200
1719464726480,313.7,25
1719464727420,316.2,250
1719464727618,316.45,25
1719464728578,313.65,25
1719464728578,313.65,25
1719464728578,313.65,25
1719464728578,313.65,25
1719464730392,317.1,75
1719464730781,316.3,50
1719464732177,315.35,200
1719464732177,315.35,200
1719464733123,317.4,25
1719464733123,317.4,25
1719464733123,317.4,25
1719464735824,319.0,25
1719464735824,319.0,25
1719464736814,317.3,75
1719464737355,317.15,100
1719464737659,317.35,25
1719464737659,317.35,25
1719464739059,319.65,50
1719464739642,317.7,25
1719464740826,319.0,75
1719464740826,319.0,75
1719464741731,321.5,150
1719464741731,321.5,150
1719464743037,319.7,25
1719464743037,319.7,25
1719464743768,320.05,25
1719464743768,320.05,25
1719464744863,319.55,25
1719464744863,319.55,25
1719464744863,319.55,25
1719464747563,321.9,25
1719464747563,321.9,25
1719464748241,321.0,25
1719464749014,321.2,25
1719464750150,322.8,150
1719464751088,322.7,25
1719464751294,324.0,25
1719464751875,323.3,25
1719464752420,323.8,25
1719464753115,323.2,150
1719464754064,323.85,100
1719464754064,323.85,100
1719464755122,324.25,25
1719464755417,323.8,25
1719464755849,325.95,25
1719464756452,327.35,25
1719464757006,329.5,25
1719464757006,329.5,25
1719464758081,327.3,25
1719464758659,327.0,50
1719464779779,324.65,100
1719464782418,322.95,25
1719464782418,322.95,25
1719464782807,323.65,25
1719464782807,323.65,25
1719464784426,325.0,25
1719464784953,325.9,25
1719464784953,325.9,25
1719464786329,327.0,50
1719464786390,328.65,25
1719464787116,330.55,25
1719464787374,330.2,75
1719464788063,330.55,425
1719464788063,330.55,425
1719464789118,329.55,25
1719464789118,329.55,25
1719464789118,329.55,25
1719464790510,329.75,175
1719464791382,327.1,25
1719464791382,327.1,25
1719464791968,326.0,100
1719464809186,328.6,25
1719464809277,328.45,50
1719464810076,328.6,75
1719464810076,328.6,75
1719464810745,327.7,25
1719464810745,327.7,25
1719464810745,327.7,25
1719464813280,323.95,25
1719464813500,323.5,100
1719464813500,323.5,100
1719464815623,326.55,25
1719464815623,326.55,25
1719464816599,325.1,25
1719464817042,325.2,50
1719464817042,325.2,50
1719464818332,325.2,25
1719464818332,325.2,25
1719464818332,325.2,25
1719464818332,325.2,25
1719464820907,325.2,50
1719464820907,325.2,50
1719464821428,324.45,25
1719464822229,327.95,25
1719464822743,326.95,50
1719464822743,326.95,50
1719464824258,325.3,75
1719464824258,325.3,75
1719464825283,324.8,150
1719464825339,324.0,100
1719464825339,324.0,100
1719464826663,323.4,150
1719464826663,323.4,150
1719464827602,323.95,50
1719464827602,323.95,50
1719464828976,326.95,100
1719464829737,329.9,25
1719464829737,329.9,25
1719464831198,334.0,75
1719464831506,333.75,50
1719464831506,333.75,50
1719464833175,335.5,25
1719464833175,335.5,25
1719464833507,334.75,25
1719464834471,333.2,100
1719464834754,332.6,25
1719464835926,331.4,25
1719464836069,329.8,200
1719464836628,329.4,25
1719464836628,329.4,25
1719464838026,331.25,25
1719464838398,330.2,50
1719464839029,331.25,25
1719464839492,331.45,50
1719464839492,331.45,50
1719464840793,333.3,50
1719464841171,333.05,50
1719464841171,333.05,50
1719464842585,331.75,100
1719464843146,332.7,25
1719464843304,334.0,425
1719464843878,335.4,125
1719464843878,335.4,125
1719464845231,334.55,25
1719464845805,334.9,25
1719464845827,334.0,25
1719464850890,334.0,75
1719464850890,334.0,75
1719464852019,334.25,100
1719464852019,334.25,100
1719464853667,333.8,50
1719464854474,337.2,25
1719464854805,336.35,25
1719464855175,335.55,50
1719464856120,335.45,25
1719464856120,335.45,25
1719464857267,337.65,25
1719464857492,338.05,25
1719464857762,339.8,25
1719464858806,337.7,25
1719464859241,337.35,50
1719464859241,337.35,50
1719464860836,337.95,150
1719464860836,337.95,150
1719464861632,337.55,25
1719464862179,336.35,25
1719464862179,336.35,25
1719464863348,335.55,25
1719464863348,335.55,25
1719464863869,334.55,25
1719464863869,334.55,25
1719464865457,333.8,25
1719464865457,333.8,25
1719464866207,333.6,25
1719464866551,334.45,25
1719464867260,336.45,100
1719464868138,338.8,150
1719464869143,339.0,50
1719464869143,339.0,50
1719464869796,339.2,25
1719464869796,339.2,25
1719464871164,339.1,25
1719464871452,339.0,50
1719464871769,338.05,25
1719464871769,338.05,25
1719464873244,336.35,125
1719464873612,337.75,100
1719464876472,340.0,25
1719464876646,340.0,50
1719464877075,341.2,25
1719464878048,338.85,125
1719464878478,339.4,25
1719464879176,337.0,25
1719464879176,337.0,25
1719464879176,337.0,25
1719464880505,337.0,25
