time,price,volume
1719461502618,33.15,25
1719461502618,33.15,25
1719461504456,33.35,25
1719461504456,33.35,25
1719461504456,33.35,25
1719461508145,33.05,125
1719461508145,33.05,125
1719461508145,33.05,125
1719461512715,33.2,250
1719461512715,33.2,250
1719461512715,33.2,250
1719461512715,33.2,250
1719461517782,32.9,75
1719461518049,32.75,25
1719461518393,32.95,25
1719461518917,33.05,25
1719461518917,33.05,25
1719461519999,32.85,25
1719461520592,32.9,25
1719461520592,32.9,25
1719461522144,32.95,25
1719461523141,32.65,200
1719461523602,32.75,175
1719461523602,32.75,175
1719461523602,32.75,175
1719461527511,33.2,275
1719461527511,33.2,275
1719461529371,33.25,125
1719461529371,33.25,125
1719461530938,33.1,125
1719461530938,33.1,125
1719461532955,32.9,100
1719461532955,32.9,100
1719461532955,32.9,100
1719461537793,33.0,75
1719461537793,33.0,75
1719461539481,33.0,25
1719461539481,33.0,25
1719461539481,33.0,25
1719461539481,33.0,25
1719461539481,33.0,25
1719461547226,33.4,25
1719461547331,33.3,25
1719461548015,33.2,125
1719461548015,33.2,125
1719461548015,33.2,125
1719461548015,33.2,125
1719461548015,33.2,125
1719461548015,33.2,125
1719461548015,33.2,125
1719461548015,33.2,125
1719461556658,33.25,25
1719461556658,33.25,25
1719461556658,33.25,25
1719461556658,33.25,25
1719461556658,33.25,25
1719461556658,33.25,25
1719461556658,33.25,25
1719461556658,33.25,25
1719461556658,33.25,25
1719461571593,33.65,100
1719461572447,33.45,125
1719461573139,33.9,25
1719461573139,33.9,25
1719461573139,33.9,25
1719461573139,33.9,25
1719461573139,33.9,25
1719461573139,33.9,25
1719461573139,33.9,25
1719461580461,33.65,125
1719461580461,33.65,125
1719461580461,33.65,125
1719461580461,33.65,125
1719461585898,34.0,250
1719461585898,34.0,250
1719461588218,34.1,150
1719461588218,34.1,150
1719461590153,34.15,50
1719461590968,34.05,25
1719461590968,34.05,25
1719461592990,34.1,25
1719461592990,34.1,25
1719461592990,34.1,25
1719461595827,33.9,100
1719461595827,33.9,100
1719461597477,33.75,25
1719461597477,33.75,25
1719461598858,33.8,25
1719461598858,33.8,25
1719461598858,33.8,25
1719461598858,33.8,25
1719461598858,33.8,25
1719461605668,33.85,200
1719461605668,33.85,200
1719461606920,33.85,75
1719461607705,34.0,75
1719461607705,34.0,75
1719461609248,34.05,25
1719461609248,34.05,25
1719461609248,34.05,25
1719461610597,33.9,25
1719461611512,33.9,50
1719461611512,33.9,50
1719461614584,34.0,50
1719461614584,34.0,50
1719461614584,34.0,50
1719461618174,34.2,50
1719461618433,34.2,25
1719461619592,34.0,50
1719461619592,34.0,50
1719461620576,34.05,50
1719461621043,33.9,50
1719461621043,33.9,50
1719461624549,33.45,50
1719461624549,33.45,50
1719461625578,33.45,50
1719461626370,33.35,25
1719461626370,33.35,25
1719461626370,33.35,25
1719461626370,33.35,25
1719461626370,33.35,25
1719461626370,33.35,25
1719461636476,33.65,50
1719461636476,33.65,50
1719461636476,33.65,50
1719461636476,33.65,50
1719461636476,33.65,50
1719461636476,33.65,50
1719461642072,33.8,25
1719461642418,33.85,25
1719461642855,33.7,25
1719461642855,33.7,25
1719461642855,33.7,25
1719461642855,33.7,25
1719461642855,33.7,25
1719461642855,33.7,25
1719461651066,33.8,25
1719461651066,33.8,25
1719461652925,33.5,650
1719461652925,33.5,650
1719461653586,33.45,25
1719461653586,33.45,25
1719461656388,33.45,150
1719461656388,33.45,150
1719461656388,33.45,150
1719461659756,33.75,25
1719461659756,33.75,25
1719461659756,33.75,25
1719461663671,34.55,25
1719461663671,34.55,25
1719461665005,34.2,200
1719461666053,34.1,100
1719461666053,34.1,100
1719461667592,33.9,25
1719461668045,33.7,25
1719461668045,33.7,25
1719461668045,33.7,25
1719461668045,33.7,25
1719461668045,33.7,25
1719461672437,33.8,250
1719461672437,33.8,250
1719461672437,33.8,250
1719461672437,33.8,250
1719461678168,33.7,25
1719461678168,33.7,25
1719461678168,33.7,25
1719461680560,34.05,25
1719461681598,33.85,50
1719461681598,33.85,50
1719461683017,33.8,50
1719461683341,33.75,50
1719461683341,33.75,50
1719461684467,33.55,50
1719461684467,33.55,50
1719461686794,33.3,250
1719461687618,33.6,50
1719461687618,33.6,50
1719461688476,33.75,25
1719461689611,33.45,50
1719461689611,33.45,50
1719461691945,33.5,150
1719461691945,33.5,150
1719461694773,33.6,50
1719461695240,33.45,25
1719461695240,33.45,25
1719461695240,33.45,25
1719461699504,33.85,25
1719461699504,33.85,25
1719461699504,33.85,25
1719461701204,33.25,25
1719461701805,33.4,175
1719461701805,33.4,175
1719461703067,33.15,25
1719461703067,33.15,25
1719461703550,33.35,50
1719461703550,33.35,50
1719461703550,33.35,50
1719461707036,33.55,300
1719461707950,33.9,125
1719461707950,33.9,125
1719461707950,33.9,125
1719461710866,33.5,25
1719461711584,33.5,25
1719461711584,33.5,25
1719461711584,33.5,25
1719461713587,33.75,25
1719461714530,33.8,25
1719461714530,33.8,25
1719461715620,33.75,25
1719461715620,33.75,25
1719461715620,33.75,25
1719461719585,33.6,25
1719461719585,33.6,25
1719461720139,33.3,25
1719461720139,33.3,25
1719461741458,32.5,225
1719461741458,32.5,225
1719461741458,32.5,225
1719461752378,32.0,50
1719461753387,32.1,100
1719461753387,32.1,100
1719461753387,32.1,100
1719461753387,32.1,100
1719461758535,32.5,25
1719461758535,32.5,25
1719461758535,32.5,25
1719461758535,32.5,25
1719461762333,32.2,25
1719461762653,32.1,150
1719461762653,32.1,150
1719461764271,32.05,25
1719461764271,32.05,25
1719461764271,32.05,25
1719461764271,32.05,25
1719461768772,32.15,25
1719461768772,32.15,25
1719461771714,32.4,50
1719461772535,32.4,150
1719461772535,32.4,150
1719461774769,32.5,25
1719461775499,32.3,50
1719461775499,32.3,50
1719461775499,32.3,50
1719461778594,32.45,25
1719461779036,32.25,25
1719461779036,32.25,25
1719461779036,32.25,25
1719461782556,32.25,25
1719461782881,32.4,25
1719461782881,32.4,25
1719461784138,32.25,25
1719461784138,32.25,25
1719461786294,32.0,100
1719461786394,31.9,25
1719461787379,31.75,25
1719461787379,31.75,25
1719461789150,31.85,25
1719461789329,31.8,25
1719461789329,31.8,25
1719461789329,31.8,25
1719461790707,31.8,200
1719461791182,32.0,25
1719461791182,32.0,25
1719461792481,32.0,25
1719461792481,32.0,25
1719461793922,32.05,25
1719461793922,32.05,25
1719461795572,32.15,25
1719461795682,32.15,25
1719461796587,32.1,25
1719461796587,32.1,25
1719461798905,31.95,25
1719461799758,31.95,25
1719461800105,32.05,50
1719461800549,32.1,25
1719461801504,32.05,25
1719461802599,32.0,25
1719461803074,31.8,225
1719461803074,31.8,225
1719461804585,32.05,25
1719461804585,32.05,25
1719461804585,32.05,25
1719461807752,32.0,175
1719461807752,32.0,175
1719461807752,32.0,175
1719461811583,31.95,25
1719461811583,31.95,25
1719461811583,31.95,25
1719461814077,31.85,225
1719461814077,31.85,225
1719461815680,32.05,25
1719461815680,32.05,25
1719461817006,32.3,150
1719461817446,32.35,150
1719461817446,32.35,150
1719461817446,32.35,150
1719461817446,32.35,150
1719461817446,32.35,150
1719461817446,32.35,150
1719461824762,32.5,25
1719461824762,32.5,25
1719461824762,32.5,25
1719461824762,32.5,25
1719461830114,32.45,25
1719461830114,32.45,25
1719461830114,32.45,25
1719461830114,32.45,25
1719461836006,32.25,150
1719461836520,32.35,25
1719461836918,32.45,25
1719461837457,32.5,50
1719461837457,32.5,50
1719461837457,32.5,50
1719461837457,32.5,50
1719461837457,32.5,50
1719461837457,32.5,50
1719461837457,32.5,50
1719461837457,32.5,50
1719461837457,32.5,50
1719461837457,32.5,50
1719461851699,33.1,175
1719461851699,33.1,175
1719461851699,33.1,175
1719461851699,33.1,175
1719461851699,33.1,175
1719461851699,33.1,175
1719461851699,33.1,175
1719461851699,33.1,175
1719461851699,33.1,175
1719461851699,33.1,175
1719461851699,33.1,175
1719461851699,33.1,175
1719461851699,33.1,175
1719461851699,33.1,175
1719461851699,33.1,175
1719461876877,33.7,75
1719461876877,33.7,75
1719461876877,33.7,75
1719461876877,33.7,75
1719461876877,33.7,75
1719461876877,33.7,75
1719461876877,33.7,75
1719461885312,33.5,500
1719461885312,33.5,500
1719461885312,33.5,500
1719461885312,33.5,500
1719461885312,33.5,500
1719461892109,33.55,100
1719461892109,33.55,100
1719461894717,33.8,50
1719461894717,33.8,50
1719461895472,33.6,50
1719461895472,33.6,50
1719461895472,33.6,50
1719461898906,33.8,50
1719461898906,33.8,50
1719461900507,33.55,100
1719461901914,33.5,100
1719461901914,33.5,100
1719461901914,33.5,100
1719461901914,33.5,100
1719461901914,33.5,100
1719461907651,33.8,25
1719461907651,33.8,25
1719461907651,33.8,25
1719461907651,33.8,25
1719461912008,33.85,100
1719461912387,33.9,25
1719461912387,33.9,25
1719461912387,33.9,25
1719461916591,34.1,25
1719461916591,34.1,25
1719461917028,34.1,25
1719461917584,34.0,50
1719461918375,34.0,25
1719461918375,34.0,25
1719461918375,34.0,25
1719461920461,33.95,50
1719461920665,33.8,175
1719461921119,33.85,50
1719461921119,33.85,50
1719461922599,33.75,50
1719461923042,33.85,50
1719461923042,33.85,50
1719461924034,33.8,25
1719461924034,33.8,25
1719461926551,33.6,50
1719461926551,33.6,50
1719461928550,33.65,50
1719461929482,33.75,25
1719461929482,33.75,25
1719461930454,33.65,25
1719461930615,33.65,50
1719461930615,33.65,50
1719461930615,33.65,50
1719461930615,33.65,50
1719461930615,33.65,50
1719461930615,33.65,50
1719461930615,33.65,50
1719461940804,33.5,100
1719461940960,33.6,25
1719461940960,33.6,25
1719461940960,33.6,25
1719461940960,33.6,25
1719461940960,33.6,25
1719461940960,33.6,25
1719461949486,33.25,125
1719461949486,33.25,125
1719461949486,33.25,125
1719461949486,33.25,125
1719461949486,33.25,125
1719461949486,33.25,125
1719461957481,33.45,25
1719461957481,33.45,25
1719461958687,33.2,25
1719461959131,33.0,25
1719461959131,33.0,25
1719461961856,32.55,25
1719461961856,32.55,25
1719461962328,32.65,25
1719461962328,32.65,25
1719461964122,32.7,75
1719461964122,32.7,75
1719461965720,32.7,75
1719461965720,32.7,75
1719461965720,32.7,75
1719461969383,32.75,25
1719461969383,32.75,25
1719461969383,32.75,25
1719461970591,32.9,75
1719461970591,32.9,75
1719461973575,32.95,25
1719461974057,33.0,75
1719461974057,33.0,75
1719461974057,33.0,75
1719461974057,33.0,75
1719461974057,33.0,75
1719461980502,32.8,25
1719461980502,32.8,25
1719461980502,32.8,25
1719461980502,32.8,25
1719461980502,32.8,25
1719461980502,32.8,25
1719461980502,32.8,25
1719461990698,32.8,50
1719461990698,32.8,50
1719461990698,32.8,50
1719461990698,32.8,50
1719461995444,32.5,25
1719461996720,32.8,175
1719461996720,32.8,175
1719461996720,32.8,175
1719462000312,32.7,25
1719462000312,32.7,25
1719462000312,32.7,25
1719462003496,32.4,25
1719462003496,32.4,25
1719462003496,32.4,25
1719462003496,32.4,25
1719462003496,32.4,25
1719462003496,32.4,25
1719462011623,32.4,25
1719462011623,32.4,25
1719462011623,32.4,25
1719462011623,32.4,25
1719462011623,32.4,25
1719462011623,32.4,25
1719462019753,32.1,25
1719462019753,32.1,25
1719462019753,32.1,25
1719462019753,32.1,25
1719462024022,32.45,25
1719462024022,32.45,25
1719462026060,32.6,25
1719462026060,32.6,25
1719462028367,32.6,50
1719462028367,32.6,50
1719462030231,32.4,50
1719462030231,32.4,50
1719462030231,32.4,50
1719462035179,32.5,25
1719462036372,32.5,25
1719462036372,32.5,25
1719462038741,32.7,225
1719462038741,32.7,225
1719462038741,32.7,225
1719462038741,32.7,225
1719462042896,32.95,225
1719462042896,32.95,225
1719462043963,32.95,50
1719462044312,33.0,250
1719462044312,33.0,250
1719462044312,33.0,250
1719462047155,32.75,150
1719462047155,32.75,150
1719462047155,32.75,150
1719462050485,32.5,1000
1719462050485,32.5,1000
1719462050485,32.5,1000
1719462050485,32.5,1000
1719462056007,32.7,25
1719462056007,32.7,25
1719462057229,32.8,25
1719462057756,32.75,25
1719462057756,32.75,25
1719462059085,32.95,25
1719462059779,32.9,25
1719462059779,32.9,25
1719462059779,32.9,25
1719462063548,32.9,75
1719462064343,33.05,75
1719462064343,33.05,75
1719462064343,33.05,75
1719462064343,33.05,75
1719462064343,33.05,75
1719462064343,33.05,75
1719462064343,33.05,75
1719462064343,33.05,75
1719462064343,33.05,75
1719462064343,33.05,75
1719462064343,33.05,75
1719462064343,33.05,75
1719462064343,33.05,75
1719462064343,33.05,75
1719462086421,33.0,25
1719462086421,33.0,25
1719462087364,32.95,50
1719462087364,32.95,50
1719462087364,32.95,50
1719462089602,33.0,25
1719462089602,33.0,25
1719462089602,33.0,25
1719462089602,33.0,25
1719462092367,33.05,25
1719462092925,33.0,25
1719462092925,33.0,25
1719462092925,33.0,25
1719462092925,33.0,25
1719462092925,33.0,25
1719462092925,33.0,25
1719462092925,33.0,25
1719462092925,33.0,25
1719462092925,33.0,25
1719462092925,33.0,25
1719462108575,32.8,125
1719462108575,32.8,125
1719462108575,32.8,125
1719462113443,32.5,25
1719462113443,32.5,25
1719462113443,32.5,25
1719462113443,32.5,25
1719462113443,32.5,25
1719462113443,32.5,25
1719462113443,32.5,25
1719462120828,32.8,50
1719462120828,32.8,50
1719462122458,33.3,25
1719462123791,33.1,50
1719462123791,33.1,50
1719462124332,32.95,75
1719462124332,32.95,75
1719462124332,32.95,75
1719462124332,32.95,75
1719462128871,32.9,225
1719462129917,32.8,50
1719462129917,32.8,50
1719462129917,32.8,50
1719462129917,32.8,50
1719462129917,32.8,50
1719462129917,32.8,50
1719462138759,33.3,25
1719462138759,33.3,25
1719462138759,33.3,25
1719462138759,33.3,25
1719462138759,33.3,25
1719462138759,33.3,25
1719462146858,33.1,25
1719462146858,33.1,25
1719462146858,33.1,25
1719462149965,33.1,100
1719462149965,33.1,100
1719462149965,33.1,100
1719462152193,33.4,100
1719462152193,33.4,100
1719462152193,33.4,100
1719462154319,33.3,25
1719462154319,33.3,25
1719462154319,33.3,25
1719462154319,33.3,25
1719462154319,33.3,25
1719462154319,33.3,25
1719462163707,33.6,25
1719462163707,33.6,25
1719462163707,33.6,25
1719462163707,33.6,25
1719462168458,33.3,100
1719462168458,33.3,100
1719462168458,33.3,100
1719462168458,33.3,100
1719462173381,33.3,275
1719462173381,33.3,275
1719462173381,33.3,275
1719462173381,33.3,275
1719462178129,33.75,150
1719462178129,33.75,150
1719462180115,33.65,100
1719462180115,33.65,100
1719462180115,33.65,100
1719462180115,33.65,100
1719462180115,33.65,100
1719462184991,33.65,100
1719462184991,33.65,100
1719462184991,33.65,100
1719462184991,33.65,100
1719462189639,33.6,100
1719462190553,33.7,50
1719462190553,33.7,50
1719462191946,33.6,25
1719462191946,33.6,25
1719462193255,33.55,175
1719462193255,33.55,175
1719462193255,33.55,175
1719462196881,33.65,175
1719462196881,33.65,175
1719462196881,33.65,175
1719462196881,33.65,175
1719462196881,33.65,175
1719462196881,33.65,175
1719462196881,33.65,175
1719462196881,33.65,175
1719462196881,33.65,175
1719462196881,33.65,175
1719462196881,33.65,175
1719462196881,33.65,175
1719462213429,33.25,25
1719462213429,33.25,25
1719462213429,33.25,25
1719462213429,33.25,25
1719462213429,33.25,25
1719462213429,33.25,25
1719462213429,33.25,25
1719462213429,33.25,25
1719462213429,33.25,25
1719462213429,33.25,25
1719462213429,33.25,25
1719462213429,33.25,25
1719462213429,33.25,25
1719462213429,33.25,25
1719462213429,33.25,25
1719462213429,33.25,25
1719462213429,33.25,25
1719462213429,33.25,25
1719462213429,33.25,25
1719462213429,33.25,25
1719462213429,33.25,25
1719462213429,33.25,25
1719462245874,33.4,75
1719462245874,33.4,75
1719462245874,33.4,75
1719462245874,33.4,75
1719462251043,33.4,150
1719462252017,33.85,75
1719462252017,33.85,75
1719462253473,33.9,50
1719462253473,33.9,50
1719462253473,33.9,50
1719462254974,33.75,25
1719462254974,33.75,25
1719462256921,33.8,50
1719462256921,33.8,50
1719462256921,33.8,50
1719462256921,33.8,50
1719462256921,33.8,50
1719462256921,33.8,50
1719462256921,33.8,50
1719462256921,33.8,50
1719462256921,33.8,50
1719462269980,33.5,25
1719462269980,33.5,25
1719462269980,33.5,25
1719462269980,33.5,25
1719462269980,33.5,25
1719462275181,33.75,25
1719462275181,33.75,25
1719462275181,33.75,25
1719462275181,33.75,25
1719462275181,33.75,25
1719462275181,33.75,25
1719462282533,33.15,25
1719462283934,33.25,25
1719462284997,33.4,75
1719462284997,33.4,75
1719462284997,33.4,75
1719462284997,33.4,75
1719462289413,33.3,25
1719462289413,33.3,25
1719462289413,33.3,25
1719462289413,33.3,25
1719462289413,33.3,25
1719462289413,33.3,25
1719462289413,33.3,25
1719462289413,33.3,25
1719462289413,33.3,25
1719462300998,32.9,150
1719462301470,32.85,50
1719462301470,32.85,50
1719462301470,32.85,50
1719462304119,32.95,150
1719462304119,32.95,150
1719462304119,32.95,150
1719462304119,32.95,150
1719462310098,33.0,75
1719462310098,33.0,75
1719462312114,32.6,125
1719462312114,32.6,125
1719462313563,32.4,250
1719462313563,32.4,250
1719462313563,32.4,250
1719462313563,32.4,250
1719462313563,32.4,250
1719462313563,32.4,250
1719462313563,32.4,250
1719462313563,32.4,250
1719462313563,32.4,250
1719462313563,32.4,250
1719462313563,32.4,250
1719462313563,32.4,250
1719462313563,32.4,250
1719462330920,32.6,25
1719462331747,32.25,75
1719462331747,32.25,75
1719462333035,32.6,25
1719462333914,32.5,25
1719462333981,32.5,25
1719462333981,32.5,25
1719462333981,32.5,25
1719462338334,32.75,50
1719462338334,32.75,50
1719462338334,32.75,50
1719462338334,32.75,50
1719462338334,32.75,50
1719462338334,32.75,50
1719462338334,32.75,50
1719462338334,32.75,50
1719462338334,32.75,50
1719462338334,32.75,50
1719462338334,32.75,50
1719462338334,32.75,50
1719462338334,32.75,50
1719462338334,32.75,50
1719462338334,32.75,50
1719462338334,32.75,50
1719462338334,32.75,50
1719462338334,32.75,50
1719462338334,32.75,50
1719462338334,32.75,50
1719462338334,32.75,50
1719462338334,32.75,50
1719462338334,32.75,50
1719462338334,32.75,50
1719462338334,32.75,50
1719462338334,32.75,50
1719462338334,32.75,50
1719462338334,32.75,50
1719462338334,32.75,50
1719462338334,32.75,50
1719462338334,32.75,50
1719462338334,32.75,50
1719462387924,32.8,150
1719462387924,32.8,150
1719462387924,32.8,150
1719462387924,32.8,150
1719462387924,32.8,150
1719462387924,32.8,150
1719462393318,33.1,25
1719462393318,33.1,25
1719462393318,33.1,25
1719462393318,33.1,25
1719462393318,33.1,25
1719462399850,32.4,25
1719462400487,31.9,450
1719462400487,31.9,450
1719462401394,32.0,100
1719462402583,31.85,50
1719462402583,31.85,50
1719462402583,31.85,50
1719462402583,31.85,50
1719462402583,31.85,50
1719462402583,31.85,50
1719462411064,31.75,25
1719462411064,31.75,25
1719462411064,31.75,25
1719462413194,31.75,25
1719462413541,31.75,25
1719462413541,31.75,25
1719462415808,31.05,25
1719462415808,31.05,25
1719462415808,31.05,25
1719462418515,30.9,50
1719462418566,30.95,25
1719462418566,30.95,25
1719462418566,30.95,25
1719462420526,30.45,25
1719462420526,30.45,25
1719462420526,30.45,25
1719462422914,30.45,200
1719462423121,30.35,75
1719462423474,30.5,75
1719462423474,30.5,75
1719462425017,30.6,75
1719462426087,30.75,25
1719462426606,30.8,25
1719462426606,30.8,25
1719462427759,31.0,1275
1719462427759,31.0,1275
1719462429571,30.75,125
1719462429571,30.75,125
1719462429571,30.75,125
1719462429571,30.75,125
1719462429571,30.75,125
1719462429571,30.75,125
1719462439128,30.5,25
1719462440956,30.75,25
1719462441127,30.75,25
1719462441127,30.75,25
1719462441714,30.55,150
1719462442698,30.5,50
1719462442698,30.5,50
1719462442698,30.5,50
1719462442698,30.5,50
1719462446578,30.1,25
1719462446578,30.1,25
1719462449274,30.7,25
1719462449274,30.7,25
1719462449274,30.7,25
1719462450714,30.6,25
1719462450714,30.6,25
1719462452515,30.75,25
1719462452611,30.75,25
1719462452765,30.75,75
1719462452765,30.75,75
1719462455497,30.5,325
1719462455497,30.5,325
1719462457339,30.55,25
1719462457339,30.55,25
1719462458117,30.35,125
1719462458117,30.35,125
1719462458117,30.35,125
1719462461566,30.55,50
1719462461566,30.55,50
1719462463864,30.0,25
1719462464236,29.9,25
1719462464236,29.9,25
1719462464761,30.2,50
1719462464761,30.2,50
1719462467676,29.75,125
1719462468107,29.7,25
1719462468207,29.75,25
1719462468207,29.75,25
1719462468207,29.75,25
1719462473691,29.25,225
1719462474128,29.2,100
1719462474128,29.2,100
1719462474624,29.4,25
1719462474624,29.4,25
1719462477359,29.1,25
1719462477765,28.95,25
1719462477765,28.95,25
1719462477765,28.95,25
1719462479512,29.25,25
1719462479876,29.15,25
1719462479876,29.15,25
1719462480678,29.05,50
1719462480678,29.05,50
1719462484307,28.95,25
1719462484508,29.2,25
1719462485014,28.6,125
1719462485014,28.6,125
1719462486870,29.25,25
1719462486870,29.25,25
1719462488017,29.3,25
1719462488017,29.3,25
1719462490758,29.35,50
1719462490758,29.35,50
1719462491495,29.0,25
1719462491495,29.0,25
1719462491495,29.0,25
1719462495885,29.25,25
1719462495885,29.25,25
1719462495885,29.25,25
1719462498269,28.95,25
1719462498269,28.95,25
1719462500663,28.8,275
1719462500663,28.8,275
1719462500663,28.8,275
1719462500663,28.8,275
1719462504718,28.6,100
1719462505188,28.8,125
1719462505188,28.8,125
1719462507749,28.55,25
1719462507937,28.55,25
1719462507937,28.55,25
1719462507937,28.55,25
1719462507937,28.55,25
1719462511043,28.7,150
1719462511043,28.7,150
1719462511043,28.7,150
1719462514714,28.6,100
1719462514714,28.6,100
1719462516768,28.6,325
1719462516768,28.6,325
1719462518754,28.7,50
1719462518754,28.7,50
1719462520936,28.6,25
1719462520936,28.6,25
1719462520936,28.6,25
1719462523567,28.7,25
1719462523779,28.65,25
1719462524239,28.5,25
1719462524239,28.5,25
1719462524239,28.5,25
1719462524239,28.5,25
1719462528610,28.7,25
1719462528610,28.7,25
1719462528610,28.7,25
1719462529563,28.6,300
1719462529563,28.6,300
1719462531347,28.6,25
1719462532739,28.5,25
1719462533201,28.5,25
1719462533450,28.55,25
1719462533450,28.55,25
1719462533450,28.55,25
1719462533450,28.55,25
1719462533450,28.55,25
1719462533450,28.55,25
1719462533450,28.55,25
1719462533450,28.55,25
1719462533450,28.55,25
1719462533450,28.55,25
1719462533450,28.55,25
1719462533450,28.55,25
1719462533450,28.55,25
1719462553540,28.3,50
1719462553540,28.3,50
1719462553540,28.3,50
1719462553540,28.3,50
1719462553540,28.3,50
1719462553540,28.3,50
1719462553540,28.3,50
1719462553540,28.3,50
1719462566131,28.25,25
1719462566131,28.25,25
1719462566882,28.25,25
1719462566882,28.25,25
1719462566882,28.25,25
1719462566882,28.25,25
1719462566882,28.25,25
1719462566882,28.25,25
1719462566882,28.25,25
1719462575237,28.15,100
1719462575237,28.15,100
1719462575237,28.15,100
1719462575237,28.15,100
1719462575237,28.15,100
1719462575237,28.15,100
1719462575237,28.15,100
1719462575237,28.15,100
1719462587550,28.1,25
1719462587550,28.1,25
1719462590273,28.25,75
1719462590273,28.25,75
1719462590273,28.25,75
1719462590273,28.25,75
1719462595009,28.0,25
1719462595009,28.0,25
1719462595009,28.0,25
1719462595009,28.0,25
1719462595009,28.0,25
1719462600384,27.8,1425
1719462601045,27.4,75
1719462601045,27.4,75
1719462601045,27.4,75
1719462604458,28.0,225
1719462604458,28.0,225
1719462604964,28.0,175
1719462604964,28.0,175
1719462604964,28.0,175
1719462608241,28.3,25
1719462609471,28.25,25
1719462609471,28.25,25
1719462609471,28.25,25
1719462609471,28.25,25
1719462609471,28.25,25
1719462616983,28.0,75
1719462617556,28.2,175
1719462617556,28.2,175
1719462617556,28.2,175
1719462617556,28.2,175
1719462621529,28.1,25
1719462621529,28.1,25
1719462621529,28.1,25
1719462621529,28.1,25
1719462621529,28.1,25
1719462621529,28.1,25
1719462621529,28.1,25
1719462621529,28.1,25
1719462621529,28.1,25
1719462633618,27.85,75
1719462633618,27.85,75
1719462635383,27.8,25
1719462635383,27.8,25
1719462635383,27.8,25
1719462639259,28.15,25
1719462639259,28.15,25
1719462642253,28.05,125
1719462642253,28.05,125
1719462642253,28.05,125
1719462646199,28.0,100
1719462646199,28.0,100
1719462646199,28.0,100
1719462648429,27.8,50
1719462648429,27.8,50
1719462648429,27.8,50
1719462652963,28.0,25
1719462652963,28.0,25
1719462652963,28.0,25
1719462652963,28.0,25
1719462652963,28.0,25
1719462652963,28.0,25
1719462652963,28.0,25
1719462660747,27.4,50
1719462660747,27.4,50
1719462660747,27.4,50
1719462663272,27.5,25
1719462702424,27.3,200
1719462702424,27.3,200
1719462707899,27.25,25
1719462707899,27.25,25
1719462707899,27.25,25
1719462710650,27.45,25
1719462710650,27.45,25
1719462712064,27.3,25
1719462712838,27.2,25
1719462712838,27.2,25
1719462714012,27.0,200
1719462714012,27.0,200
1719462714012,27.0,200
1719462717297,26.9,125
1719462717297,26.9,125
1719462718919,26.9,25
1719462719151,26.9,125
1719462719151,26.9,125
1719462720288,26.95,50
1719462720986,26.9,25
1719462720986,26.9,25
1719462722692,26.45,300
1719462723132,26.35,75
1719462723132,26.35,75
1719462724668,26.6,125
1719462724668,26.6,125
1719462725862,26.55,175
1719462725862,26.55,175
1719462726427,26.6,50
1719462727678,26.85,25
1719462727678,26.85,25
1719462730687,26.8,25
1719462730687,26.8,25
1719462731552,26.9,150
1719462732642,27.2,50
1719462732990,27.2,75
1719462732990,27.2,75
1719462734109,27.25,50
1719462734109,27.25,50
1719462735001,27.1,75
1719462735001,27.1,75
1719462737770,27.2,125
1719462737770,27.2,125
1719462738811,27.25,50
1719462739302,27.2,125
1719462739302,27.2,125
1719462740245,27.2,25
1719462740863,27.2,125
1719462740863,27.2,125
1719462741928,27.3,25
1719462741928,27.3,25
1719462743950,27.15,150
1719462743950,27.15,150
1719462744930,27.05,25
1719462745246,27.0,25
1719462745246,27.0,25
1719462745246,27.0,25
1719462749359,26.75,25
1719462749359,26.75,25
1719462749359,26.75,25
1719462751331,27.0,125
1719462751331,27.0,125
1719462752312,26.85,150
1719462752312,26.85,150
1719462752312,26.85,150
1719462752312,26.85,150
1719462757697,26.8,350
1719462757697,26.8,350
1719462757697,26.8,350
1719462761723,26.55,25
1719462761723,26.55,25
1719462761723,26.55,25
1719462766023,26.55,25
1719462766023,26.55,25
1719462766023,26.55,25
1719462766023,26.55,25
1719462766023,26.55,25
1719462771486,26.2,150
1719462771733,26.0,25
1719462771733,26.0,25
1719462771733,26.0,25
1719462775027,26.05,200
1719462775512,26.15,100
1719462776094,25.8,25
1719462776094,25.8,25
1719462776094,25.8,25
1719462776094,25.8,25
1719462780510,25.95,25
1719462781275,25.9,25
1719462781275,25.9,25
1719462781712,25.95,50
1719462781712,25.95,50
1719462783559,25.75,50
1719462784148,25.8,25
1719462784148,25.8,25
1719462785242,25.55,100
1719462785242,25.55,100
1719462788104,25.75,50
1719462789949,25.5,50
1719462790069,25.45,150
1719462790669,25.4,50
1719462790669,25.4,50
1719462790669,25.4,50
1719462793202,25.6,50
1719462793202,25.6,50
1719462793202,25.6,50
1719462796888,25.7,100
1719462796888,25.7,100
1719462796888,25.7,100
1719462796888,25.7,100
1719462802928,25.5,100
1719462803129,25.4,50
1719462803129,25.4,50
1719462804666,25.55,150
1719462804666,25.55,150
1719462804666,25.55,150
1719462806988,25.85,50
1719462806988,25.85,50
1719462808749,25.75,75
1719462808749,25.75,75
1719462808749,25.75,75
1719462810458,25.95,25
1719462810796,26.0,50
1719462810796,26.0,50
1719462812381,25.85,50
1719462812381,25.85,50
1719462813577,25.5,25
1719462814255,25.55,200
1719462814864,25.5,150
1719462814864,25.5,150
1719462816051,25.55,50
1719462816051,25.55,50
1719462817066,25.45,50
1719462817066,25.45,50
1719462818268,25.65,125
1719462818268,25.65,125
1719462821194,25.9,100
1719462821194,25.9,100
1719462823290,25.6,200
1719462824773,25.85,50
1719462824773,25.85,50
1719462825785,25.75,25
1719462826527,26.0,25
1719462826527,26.0,25
1719462829178,26.0,25
1719462829178,26.0,25
1719462829178,26.0,25
1719462829178,26.0,25
1719462834796,25.9,25
1719462834796,25.9,25
1719462834796,25.9,25
1719462834796,25.9,25
1719462834796,25.9,25
1719462842956,26.0,25
1719462842956,26.0,25
1719462842956,26.0,25
1719462845216,25.9,150
1719462846352,26.25,150
1719462846352,26.25,150
1719462846352,26.25,150
1719462851219,26.4,150
1719462851219,26.4,150
1719462851219,26.4,150
1719462851219,26.4,150
1719462855822,26.3,50
1719462855822,26.3,50
1719462855822,26.3,50
1719462859074,26.45,25
1719462859074,26.45,25
1719462859074,26.45,25
1719462862688,26.25,25
1719462862853,26.35,150
1719462863577,26.3,25
1719462863577,26.3,25
1719462865874,26.3,50
1719462865874,26.3,50
1719462865874,26.3,50
1719462869230,26.5,50
1719462869230,26.5,50
1719462986608,26.5,50
1719462987143,26.4,75
1719462987143,26.4,75
1719462988578,26.5,25
1719463007618,25.7,100
1719463011454,25.65,25
1719463011582,25.55,25
1719463012500,25.7,375
1719463012500,25.7,375
1719463012500,25.7,375
1719463012500,25.7,375
1719463017514,25.6,25
1719463017514,25.6,25
1719463017514,25.6,25
1719463017514,25.6,25
1719463017514,25.6,25
1719463017514,25.6,25
1719463101515,26.25,50
1719463101515,26.25,50
1719463107850,26.35,25
1719463107964,26.35,75
1719463107964,26.35,75
1719463107964,26.35,75
1719463107964,26.35,75
1719463107964,26.35,75
1719463107964,26.35,75
1719463107964,26.35,75
1719463107964,26.35,75
1719463107964,26.35,75
1719463121150,26.25,250
1719463121903,26.1,50
1719463121903,26.1,50
1719463123854,26.05,125
1719463123854,26.05,125
1719463123854,26.05,125
1719463127784,25.8,100
1719463128649,25.95,75
1719463128649,25.95,75
1719463128649,25.95,75
1719463130520,26.0,50
1719463131901,26.0,150
1719463132095,25.8,100
1719463132095,25.8,100
1719463136666,25.8,175
1719463136666,25.8,175
1719463137471,25.8,25
1719463137471,25.8,25
1719463236335,25.75,75
1719463309955,25.65,25
1719463321165,25.4,25
1719463321801,25.5,100
1719463321801,25.5,100
1719463321801,25.5,100
1719463321801,25.5,100
1719463321801,25.5,100
1719463327991,25.45,25
1719463327991,25.45,25
1719463330607,25.4,25
1719463331581,25.7,175
1719463331581,25.7,175
1719463331581,25.7,175
1719463334316,25.65,25
1719463335010,25.55,100
1719463335010,25.55,100
1719463336540,25.5,75
1719463336540,25.5,75
1719463338191,25.65,125
1719463338191,25.65,125
1719463339781,25.5,125
1719463339781,25.5,125
1719463339781,25.5,125
1719463339781,25.5,125
1719463339781,25.5,125
1719463339781,25.5,125
1719463339781,25.5,125
1719463339781,25.5,125
1719463350587,25.5,25
1719463350587,25.5,25
1719463350587,25.5,25
1719463350587,25.5,25
1719463350587,25.5,25
1719463350587,25.5,25
1719463350587,25.5,25
1719463350587,25.5,25
1719463361169,25.2,75
1719463361811,25.3,25
1719463361811,25.3,25
1719463361811,25.3,25
1719463364154,25.7,125
1719463364154,25.7,125
1719463364154,25.7,125
1719463368338,25.55,100
1719463368338,25.55,100
1719463368338,25.55,100
1719463368338,25.55,100
1719463368338,25.55,100
1719463368338,25.55,100
1719463376144,25.65,25
1719463376566,25.65,150
1719463376566,25.65,150
1719463376566,25.65,150
1719463379543,25.7,50
1719463380458,25.9,50
1719463382078,26.0,75
1719463382078,26.0,75
1719463382078,26.0,75
1719463384359,25.65,25
1719463385157,25.5,100
1719463385343,25.45,175
1719463385858,25.5,50
1719463387121,25.35,25
1719463387121,25.35,25
1719463388714,25.45,50
1719463388714,25.45,50
1719463388714,25.45,50
1719463388714,25.45,50
1719463391303,25.75,25
1719463391303,25.75,25
1719463393913,25.8,50
1719463393913,25.8,50
1719463393913,25.8,50
1719463393913,25.8,50
1719463393913,25.8,50
1719463393913,25.8,50
1719463402254,25.8,25
1719463402254,25.8,25
1719463402254,25.8,25
1719463402254,25.8,25
1719463406905,26.0,25
1719463407252,26.1,25
1719463407252,26.1,25
1719463407252,26.1,25
1719463407252,26.1,25
1719463407252,26.1,25
1719463412037,26.0,125
1719463412037,26.0,125
1719463412756,26.0,100
1719463413965,25.9,25
1719463413965,25.9,25
1719463413965,25.9,25
1719463415612,26.0,50
1719463416889,26.0,25
1719463417054,26.0,25
1719463417688,26.0,25
1719463418286,26.0,100
1719463418286,26.0,100
1719463418286,26.0,100
1719463420998,26.0,25
1719463420998,26.0,25
1719463420998,26.0,25
1719463420998,26.0,25
1719463425949,26.15,25
1719463425949,26.15,25
1719463429079,26.6,25
1719463429079,26.6,25
1719463429079,26.6,25
1719463432561,26.15,75
1719463433547,26.2,50
1719463433547,26.2,50
1719463433547,26.2,50
1719463433547,26.2,50
1719463433547,26.2,50
1719463433547,26.2,50
1719463433547,26.2,50
1719463440754,26.0,50
1719463440754,26.0,50
1719463443762,25.95,100
1719463443762,25.95,100
1719463444993,25.8,125
1719463444993,25.8,125
1719463444993,25.8,125
1719463447877,26.05,25
1719463447877,26.05,25
1719463447877,26.05,25
1719463452282,25.95,25
1719463452282,25.95,25
1719463452282,25.95,25
1719463452282,25.95,25
1719463455863,26.0,75
1719463455863,26.0,75
1719463458172,26.1,25
1719463458172,26.1,25
1719463458172,26.1,25
1719463461017,26.2,25
1719463461197,26.2,25
1719463462466,26.1,25
1719463462682,26.2,25
1719463463687,26.15,25
1719463464078,26.05,25
1719463464232,26.1,25
1719463464232,26.1,25
1719463464232,26.1,25
1719463464232,26.1,25
1719463469431,26.05,25
1719463469870,26.1,25
1719463470235,25.85,75
1719463470562,25.8,25
1719463471367,25.8,25
1719463471367,25.8,25
1719463471367,25.8,25
1719463474132,25.85,125
1719463474132,25.85,125
1719463475854,26.0,25
1719463477510,26.0,25
1719463478348,26.15,25
1719463478348,26.15,25
1719463478348,26.15,25
1719463481266,26.4,50
1719463481266,26.4,50
1719463483482,26.4,125
1719463483482,26.4,125
1719463483482,26.4,125
1719463483482,26.4,125
1719463488243,26.15,25
1719463488243,26.15,25
1719463489724,26.25,25
1719463489724,26.25,25
1719463489724,26.25,25
1719463489724,26.25,25
1719463489724,26.25,25
1719463497415,26.5,50
1719463497415,26.5,50
1719463497415,26.5,50
1719463500131,26.25,25
1719463500131,26.25,25
1719463500131,26.25,25
1719463500131,26.25,25
1719463500131,26.25,25
1719463500131,26.25,25
1719463505797,26.35,125
1719463506245,26.45,50
1719463506245,26.45,50
1719463506245,26.45,50
1719463506245,26.45,50
1719463506245,26.45,50
1719463513305,26.4,250
1719463513305,26.4,250
1719463513305,26.4,250
1719463513305,26.4,250
1719463517937,26.5,175
1719463517937,26.5,175
1719463517937,26.5,175
1719463517937,26.5,175
1719463517937,26.5,175
1719463524367,26.25,25
1719463525597,26.2,25
1719463525597,26.2,25
1719463526683,26.2,25
1719463527024,26.4,25
1719463527024,26.4,25
1719463527024,26.4,25
1719463527024,26.4,25
1719463527024,26.4,25
1719463527024,26.4,25
1719463532888,26.1,50
1719463533463,26.25,25
1719463533463,26.25,25
1719463534290,26.3,150
1719463535226,26.3,25
1719463536951,26.15,125
1719463536951,26.15,125
1719463537480,26.05,25
1719463537480,26.05,25
1719463537480,26.05,25
1719463537480,26.05,25
1719463537480,26.05,25
1719463537480,26.05,25
1719463537480,26.05,25
1719463537480,26.05,25
1719463550034,25.9,50
1719463550034,25.9,50
1719463550034,25.9,50
1719463552910,26.25,50
1719463552910,26.25,50
1719463552910,26.25,50
1719463552910,26.25,50
1719463559109,26.5,100
1719463559109,26.5,100
1719463559109,26.5,100
1719463559109,26.5,100
1719463559109,26.5,100
1719463559109,26.5,100
1719463559109,26.5,100
1719463559109,26.5,100
1719463559109,26.5,100
1719463572180,26.3,25
1719463572180,26.3,25
1719463572180,26.3,25
1719463572180,26.3,25
1719463572180,26.3,25
1719463572180,26.3,25
1719463572180,26.3,25
1719463581204,26.4,100
1719463581204,26.4,100
1719463581204,26.4,100
1719463585369,26.45,75
1719463585369,26.45,75
1719463586794,26.5,25
1719463587077,26.5,25
1719463587077,26.5,25
1719463587077,26.5,25
1719463587077,26.5,25
1719463587077,26.5,25
1719463587077,26.5,25
1719463587077,26.5,25
1719463587077,26.5,25
1719463587077,26.5,25
1719463587077,26.5,25
1719463587077,26.5,25
1719463587077,26.5,25
1719463587077,26.5,25
1719463587077,26.5,25
1719463587077,26.5,25
1719463587077,26.5,25
1719463610499,26.8,50
1719463610499,26.8,50
1719463611085,26.6,50
1719463611085,26.6,50
1719463611085,26.6,50
1719463611085,26.6,50
1719463616364,26.6,25
1719463616364,26.6,25
1719463616364,26.6,25
1719463620101,26.85,25
1719463620319,26.75,100
1719463620435,26.75,25
1719463620435,26.75,25
1719463622145,27.0,50
1719463622145,27.0,50
1719463622145,27.0,50
1719463622145,27.0,50
1719463622145,27.0,50
1719463622145,27.0,50
1719463629423,26.75,50
1719463629423,26.75,50
1719463629423,26.75,50
1719463629423,26.75,50
1719463629423,26.75,50
1719463637225,26.65,25
1719463637225,26.65,25
1719463637225,26.65,25
1719463640048,26.65,50
1719463640048,26.65,50
1719463640048,26.65,50
1719463640048,26.65,50
1719463645400,26.55,75
1719463645685,26.65,100
1719463645685,26.65,100
1719463648068,27.0,125
1719463648068,27.0,125
1719463648068,27.0,125
1719463648068,27.0,125
1719463651138,26.95,125
1719463651138,26.95,125
1719463654352,27.1,25
1719463654352,27.1,25
1719463654352,27.1,25
1719463656566,27.25,25
1719463656566,27.25,25
1719463656566,27.25,25
1719463656566,27.25,25
1719463656566,27.25,25
1719463656566,27.25,25
1719463656566,27.25,25
1719463656566,27.25,25
1719463656566,27.25,25
1719463656566,27.25,25
1719463656566,27.25,25
1719463656566,27.25,25
1719463656566,27.25,25
1719463656566,27.25,25
1719463677723,27.0,25
1719463677723,27.0,25
1719463677723,27.0,25
1719463677723,27.0,25
1719463681850,27.1,50
1719463681850,27.1,50
1719463683855,27.15,25
1719463683855,27.15,25
1719463683855,27.15,25
1719463687014,26.85,75
1719463687014,26.85,75
1719463687014,26.85,75
1719463687014,26.85,75
1719463687014,26.85,75
1719463687014,26.85,75
1719463687014,26.85,75
1719463687014,26.85,75
1719463687014,26.85,75
1719463687014,26.85,75
1719463687014,26.85,75
1719463703928,26.75,50
1719463703928,26.75,50
1719463703928,26.75,50
1719463706401,26.6,25
1719463706401,26.6,25
1719463706401,26.6,25
1719463706401,26.6,25
1719463706401,26.6,25
1719463706401,26.6,25
1719463706401,26.6,25
1719463706401,26.6,25
1719463716866,26.55,25
1719463717347,26.65,25
1719463717347,26.65,25
1719463717347,26.65,25
1719463717347,26.65,25
1719463717347,26.65,25
1719463723546,26.4,250
1719463723546,26.4,250
1719463723546,26.4,250
1719463726751,26.65,50
1719463726751,26.65,50
1719463726751,26.65,50
1719463726751,26.65,50
1719463726751,26.65,50
1719463726751,26.65,50
1719463735141,26.75,150
1719463735141,26.75,150
1719463735141,26.75,150
1719463735141,26.75,150
1719463735141,26.75,150
1719463735141,26.75,150
1719463735141,26.75,150
1719463743570,26.4,100
1719463744258,26.5,25
1719463744258,26.5,25
1719463744258,26.5,25
1719463746108,26.4,50
1719463746417,26.35,25
1719463746417,26.35,25
1719463748260,26.4,25
1719463748884,26.3,50
1719463748884,26.3,50
1719463749674,26.4,125
1719463749674,26.4,125
1719463751384,26.4,25
1719463751521,26.25,50
1719463751521,26.25,50
1719463751521,26.25,50
1719463751521,26.25,50
1719463751521,26.25,50
1719463751521,26.25,50
1719463758914,26.25,50
1719463758914,26.25,50
1719463758914,26.25,50
1719463758914,26.25,50
1719463758914,26.25,50
1719463758914,26.25,50
1719463767305,26.25,75
1719463767305,26.25,75
1719463769176,26.2,50
1719463769769,26.3,125
1719463769769,26.3,125
1719463769769,26.3,125
1719463769769,26.3,125
1719463769769,26.3,125
1719463774096,26.1,150
1719463774096,26.1,150
1719463775415,25.95,25
1719463775415,25.95,25
1719463776638,26.05,175
1719463776638,26.05,175
1719463776638,26.05,175
1719463776638,26.05,175
1719463776638,26.05,175
1719463776638,26.05,175
1719463776638,26.05,175
1719463776638,26.05,175
1719463776638,26.05,175
1719463776638,26.05,175
1719463791936,26.0,50
1719463791936,26.0,50
1719463791936,26.0,50
1719463791936,26.0,50
1719463791936,26.0,50
1719463791936,26.0,50
1719463791936,26.0,50
1719463791936,26.0,50
1719463800447,25.95,25
1719463800568,25.95,50
1719463800568,25.95,50
1719463800568,25.95,50
1719463800568,25.95,50
1719463806262,26.25,100
1719463806262,26.25,100
1719463806262,26.25,100
1719463810741,26.1,25
1719463810741,26.1,25
1719463812573,26.15,50
1719463812573,26.15,50
1719463812573,26.15,50
1719463812573,26.15,50
1719463812573,26.15,50
1719463812573,26.15,50
1719463821607,26.0,25
1719463821607,26.0,25
1719463821607,26.0,25
1719463821607,26.0,25
1719463821607,26.0,25
1719463821607,26.0,25
1719463821607,26.0,25
1719463821607,26.0,25
1719463821607,26.0,25
1719463821607,26.0,25
1719463821607,26.0,25
1719463821607,26.0,25
1719463821607,26.0,25
1719463821607,26.0,25
1719463821607,26.0,25
1719463821607,26.0,25
1719463847769,26.55,50
1719463847769,26.55,50
1719463847769,26.55,50
1719463847769,26.55,50
1719463847769,26.55,50
1719463847769,26.55,50
1719463855345,26.95,25
1719463855484,26.95,25
1719463855484,26.95,25
1719463857810,26.65,25
1719463857810,26.65,25
1719463858631,26.85,25
1719463859014,26.55,150
1719463859014,26.55,150
1719463859014,26.55,150
1719463859014,26.55,150
1719463861390,26.5,25
1719463861390,26.5,25
1719463861390,26.5,25
1719463861390,26.5,25
1719463866671,26.9,50
1719463866671,26.9,50
1719463866671,26.9,50
1719463866671,26.9,50
1719463866671,26.9,50
1719463866671,26.9,50
1719463866671,26.9,50
1719463866671,26.9,50
1719463866671,26.9,50
1719463866671,26.9,50
1719463866671,26.9,50
1719463882972,26.4,25
1719463884784,26.4,25
1719463884784,26.4,25
1719463884784,26.4,25
1719463884784,26.4,25
1719463884784,26.4,25
1719463890880,26.1,250
1719463890880,26.1,250
1719463891603,26.3,125
1719463891603,26.3,125
1719463891603,26.3,125
1719463891603,26.3,125
1719463896533,26.5,25
1719463897158,26.6,25
1719463897158,26.6,25
1719463897158,26.6,25
1719463897158,26.6,25
1719463897158,26.6,25
1719464032688,26.8,25
1719464032688,26.8,25
1719464032688,26.8,25
1719464032688,26.8,25
1719464032688,26.8,25
1719464042912,26.95,25
1719464042912,26.95,25
1719464044872,27.1,100
1719464045475,27.05,25
1719464045475,27.05,25
1719464045475,27.05,25
1719464045475,27.05,25
1719464045475,27.05,25
1719464052931,27.05,25
1719464052931,27.05,25
1719464054793,26.85,125
1719464055622,26.7,150
1719464055622,26.7,150
1719464057509,26.7,125
1719464057509,26.7,125
1719464057509,26.7,125
1719464057509,26.7,125
1719464057509,26.7,125
1719464057509,26.7,125
1719464057509,26.7,125
1719464057509,26.7,125
1719464057509,26.7,125
1719464057509,26.7,125
1719464057509,26.7,125
1719464057509,26.7,125
1719464057509,26.7,125
1719464074912,27.1,25
1719464074912,27.1,25
1719464074912,27.1,25
1719464074912,27.1,25
1719464074912,27.1,25
1719464074912,27.1,25
1719464084369,27.2,50
1719464084369,27.2,50
1719464084369,27.2,50
1719464084369,27.2,50
1719464088343,27.0,25
1719464089460,27.1,25
1719464089460,27.1,25
1719464089460,27.1,25
1719464092817,26.7,25
1719464092817,26.7,25
1719464094759,26.5,25
1719464094759,26.5,25
1719464094976,26.5,125
1719464094976,26.5,125
1719464094976,26.5,125
1719464094976,26.5,125
1719464094976,26.5,125
1719464094976,26.5,125
1719464104237,26.75,25
1719464104237,26.75,25
1719464104237,26.75,25
1719464104237,26.75,25
1719464104237,26.75,25
1719464110216,26.7,25
1719464110216,26.7,25
1719464112431,26.75,25
1719464112431,26.75,25
1719464112431,26.75,25
1719464115985,26.85,225
1719464115985,26.85,225
1719464115985,26.85,225
1719464119039,26.65,25
1719464119039,26.65,25
1719464119039,26.65,25
1719464119039,26.65,25
1719464119039,26.65,25
1719464119039,26.65,25
1719464119039,26.65,25
1719464119039,26.65,25
1719464119039,26.65,25
1719464119039,26.65,25
1719464132537,26.95,25
1719464132537,26.95,25
1719464132537,26.95,25
1719464136221,27.15,25
1719464136221,27.15,25
1719464136221,27.15,25
1719464136221,27.15,25
1719464140812,27.4,75
1719464140812,27.4,75
1719464140812,27.4,75
1719464140812,27.4,75
1719464140812,27.4,75
1719464140812,27.4,75
1719464140812,27.4,75
1719464140812,27.4,75
1719464140812,27.4,75
1719464140812,27.4,75
1719464140812,27.4,75
1719464140812,27.4,75
1719464140812,27.4,75
1719464140812,27.4,75
1719464161509,27.05,25
1719464161509,27.05,25
1719464161509,27.05,25
1719464161509,27.05,25
1719464161509,27.05,25
1719464161509,27.05,25
1719464161509,27.05,25
1719464161509,27.05,25
1719464161509,27.05,25
1719464161509,27.05,25
1719464176721,27.25,150
1719464176721,27.25,150
1719464176721,27.25,150
1719464176721,27.25,150
1719464181618,27.1,50
1719464181618,27.1,50
1719464181618,27.1,50
1719464181618,27.1,50
1719464181618,27.1,50
1719464188769,27.3,100
1719464188769,27.3,100
1719464188769,27.3,100
1719464188769,27.3,100
1719464188769,27.3,100
1719464188769,27.3,100
1719464188769,27.3,100
1719464188769,27.3,100
1719464188769,27.3,100
1719464188769,27.3,100
1719464188769,27.3,100
1719464204479,27.05,25
1719464204479,27.05,25
1719464205108,27.05,25
1719464205291,27.0,25
1719464205291,27.0,25
1719464205291,27.0,25
1719464205291,27.0,25
1719464205291,27.0,25
1719464205291,27.0,25
1719464214950,27.1,25
1719464215190,27.1,25
1719464216177,27.1,25
1719464216596,27.1,25
1719464217128,27.0,25
1719464218060,26.9,25
1719464218332,26.9,25
1719464219165,26.6,50
1719464219165,26.6,50
1719464219165,26.6,50
1719464221012,26.75,25
1719464221277,26.75,25
1719464221850,26.75,25
1719464222884,26.8,25
1719464222884,26.8,25
1719464224873,26.75,25
1719464225372,26.75,25
1719464226055,26.55,25
1719464226055,26.55,25
1719464230483,26.3,25
1719464231038,26.35,25
1719464231439,26.3,25
1719464232228,26.3,25
1719464233236,26.55,25
1719464234026,26.4,25
1719464234026,26.4,25
1719464236350,26.2,50
1719464236614,26.25,25
1719464236614,26.25,25
1719464238094,26.25,25
1719464238741,26.3,25
1719464238741,26.3,25
1719464239894,26.3,25
1719464239894,26.3,25
1719464239894,26.3,25
1719464243333,26.2,25
1719464243873,26.3,25
1719464244728,26.25,25
1719464244728,26.25,25
1719464245813,26.25,25
1719464246343,26.1,25
1719464246897,26.0,25
1719464246897,26.0,25
1719464248545,25.6,225
1719464248891,25.5,25
1719464249701,25.6,50
1719464249701,25.6,50
1719464249701,25.6,50
1719464250740,25.75,25
1719464250740,25.75,25
1719464250740,25.75,25
1719464250740,25.75,25
1719464250740,25.75,25
1719464257538,25.55,125
1719464257538,25.55,125
1719464257538,25.55,125
1719464257538,25.55,125
1719464257538,25.55,125
1719464257538,25.55,125
1719464257538,25.55,125
1719464257538,25.55,125
1719464257538,25.55,125
1719464257538,25.55,125
1719464257538,25.55,125
1719464274452,25.8,25
1719464274452,25.8,25
1719464274452,25.8,25
1719464274452,25.8,25
1719464274452,25.8,25
1719464279925,25.95,350
1719464279925,25.95,350
1719464281442,25.95,600
1719464281442,25.95,600
1719464281442,25.95,600
1719464285958,25.8,25
1719464286762,25.8,50
1719464287731,25.9,125
1719464287731,25.9,125
1719464287731,25.9,125
1719464290100,25.7,25
1719464290629,25.75,25
1719464290629,25.75,25
1719464292455,25.3,25
1719464293177,25.55,25
1719464293177,25.55,25
1719464294201,25.5,25
1719464294597,25.45,25
1719464295431,25.55,25
1719464295431,25.55,25
1719464297505,25.7,25
1719464297693,25.5,75
1719464299513,25.5,25
1719464299731,25.6,25
1719464299731,25.6,25
1719464299731,25.6,25
1719464299731,25.6,25
1719464303407,25.7,375
1719464303407,25.7,375
1719464303407,25.7,375
1719464307139,25.7,125
1719464307139,25.7,125
1719464307139,25.7,125
1719464307139,25.7,125
1719464311232,25.45,25
1719464311715,25.45,25
1719464312106,25.45,25
1719464312875,25.5,25
1719464314521,25.4,125
1719464314521,25.4,125
1719464315698,25.35,550
1719464316417,25.4,250
1719464316417,25.4,250
1719464316417,25.4,250
1719464318615,25.45,25
1719464319718,25.5,25
1719464319718,25.5,25
1719464319718,25.5,25
1719464323568,25.35,25
1719464324935,25.6,25
1719464325374,25.5,25
1719464326543,25.6,75
1719464326543,25.6,75
1719464327389,26.0,25
1719464327570,25.8,325
1719464327570,25.8,325
1719464327570,25.8,325
1719464327570,25.8,325
1719464327570,25.8,325
1719464327570,25.8,325
1719464327570,25.8,325
1719464336926,25.7,150
1719464336926,25.7,150
1719464336926,25.7,150
1719464336926,25.7,150
1719464336926,25.7,150
1719464336926,25.7,150
1719464336926,25.7,150
1719464345677,25.8,250
1719464345677,25.8,250
1719464348030,25.7,225
1719464348168,25.7,825
1719464348168,25.7,825
1719464348168,25.7,825
1719464348168,25.7,825
1719464348168,25.7,825
1719464348168,25.7,825
1719464357516,25.85,25
1719464357516,25.85,25
1719464357516,25.85,25
1719464361100,25.8,125
1719464361100,25.8,125
1719464362687,25.65,25
1719464362687,25.65,25
1719464362687,25.65,25
1719464365318,25.85,50
1719464365836,25.8,25
1719464365836,25.8,25
1719464367889,25.75,25
1719464367889,25.75,25
1719464367889,25.75,25
1719464367889,25.75,25
1719464367889,25.75,25
1719464367889,25.75,25
1719464367889,25.75,25
1719464367889,25.75,25
1719464367889,25.75,25
1719464367889,25.75,25
1719464381112,25.85,1800
1719464381112,25.85,1800
1719464381112,25.85,1800
1719464384923,26.05,25
1719464384923,26.05,25
1719464384923,26.05,25
1719464384923,26.05,25
1719464384923,26.05,25
1719464384923,26.05,25
1719464394682,25.9,50
1719464394891,25.8,25
1719464395323,25.8,50
1719464395323,25.8,50
1719464398064,25.75,300
1719464398064,25.75,300
1719464398064,25.75,300
1719464398064,25.75,300
1719464400423,25.85,25
1719464400423,25.85,25
1719464400423,25.85,25
1719464400423,25.85,25
1719464405832,25.7,75
1719464405832,25.7,75
1719464405832,25.7,75
1719464409634,25.65,100
1719464409634,25.65,100
1719464411422,25.75,50
1719464411422,25.75,50
1719464413105,26.15,100
1719464413105,26.15,100
1719464413105,26.15,100
1719464413105,26.15,100
1719464413105,26.15,100
1719464413105,26.15,100
1719464420568,25.75,25
1719464420568,25.75,25
1719464420568,25.75,25
1719464425019,25.75,125
1719464425278,25.75,50
1719464425278,25.75,50
1719464427450,25.65,100
1719464427864,25.75,25
1719464427864,25.75,25
1719464427864,25.75,25
1719464427864,25.75,25
1719464427864,25.75,25
1719464427864,25.75,25
1719464435913,25.55,25
1719464435978,25.55,25
1719464436681,25.55,550
1719464436681,25.55,550
1719464438052,25.35,100
1719464438052,25.35,100
1719464438052,25.35,100
1719464438052,25.35,100
1719464444945,25.7,25
1719464446044,25.6,25
1719464446044,25.6,25
1719464448106,25.65,25
1719464448106,25.65,25
1719464448106,25.65,25
1719464451901,25.5,25
1719464451901,25.5,25
1719464451901,25.5,25
1719464451901,25.5,25
1719464451901,25.5,25
1719464451901,25.5,25
1719464451901,25.5,25
1719464451901,25.5,25
1719464451901,25.5,25
1719464464629,25.6,25
1719464464629,25.6,25
1719464466213,25.5,25
1719464466213,25.5,25
1719464467594,25.5,25
1719464467594,25.5,25
1719464470073,25.4,25
1719464470073,25.4,25
1719464470073,25.4,25
1719464470073,25.4,25
1719464474105,25.25,25
1719464474105,25.25,25
1719464474105,25.25,25
1719464474105,25.25,25
1719464474105,25.25,25
1719464481873,25.7,25
1719464481873,25.7,25
1719464481873,25.7,25
1719464481873,25.7,25
1719464481873,25.7,25
1719464487951,25.5,25
1719464487951,25.5,25
1719464487951,25.5,25
1719464487951,25.5,25
1719464487951,25.5,25
1719464492937,25.5,125
1719464492937,25.5,125
1719464494332,25.5,25
1719464494332,25.5,25
1719464494332,25.5,25
1719464497417,25.4,25
1719464498296,25.45,25
1719464498653,25.4,25
1719464499343,25.4,25
1719464499944,25.3,25
1719464500503,25.25,25
1719464501195,25.25,100
1719464501195,25.25,100
1719464502503,25.35,25
1719464503080,25.35,25
1719464503080,25.35,25
1719464504322,25.35,25
1719464504944,25.45,25
1719464504944,25.45,25
1719464504944,25.45,25
1719464504944,25.45,25
1719464504944,25.45,25
1719464511228,25.45,50
1719464511228,25.45,50
1719464511228,25.45,50
1719464511228,25.45,50
1719464511228,25.45,50
1719464511228,25.45,50
1719464511228,25.45,50
1719464511228,25.45,50
1719464511228,25.45,50
1719464522708,25.65,150
1719464522708,25.65,150
1719464523978,25.8,25
1719464524363,25.8,25
1719464525122,25.5,25
1719464525122,25.5,25
1719464526394,25.5,25
1719464526779,25.5,25
1719464527239,25.3,50
1719464528386,25.35,25
1719464528522,25.35,25
1719464528999,25.35,25
1719464530485,25.5,25
1719464530685,25.5,25
1719464531785,25.35,25
1719464531785,25.35,25
1719464531785,25.35,25
1719464533718,25.4,25
1719464534074,25.3,75
1719464534074,25.3,75
1719464534074,25.3,75
1719464537392,25.45,50
1719464538136,25.6,175
1719464538136,25.6,175
1719464538136,25.6,175
1719464541000,25.4,25
1719464541000,25.4,25
1719464541000,25.4,25
1719464541000,25.4,25
1719464541000,25.4,25
1719464541000,25.4,25
1719464548516,25.65,125
1719464548516,25.65,125
1719464548516,25.65,125
1719464548516,25.65,125
1719464548516,25.65,125
1719464548516,25.65,125
1719464548516,25.65,125
1719464548516,25.65,125
1719464548516,25.65,125
1719464548516,25.65,125
1719464548516,25.65,125
1719464548516,25.65,125
1719464565360,25.7,150
1719464565360,25.7,150
1719464565360,25.7,150
1719464565360,25.7,150
1719464565360,25.7,150
1719464572152,25.55,75
1719464572152,25.55,75
1719464572152,25.55,75
1719464572152,25.55,75
1719464577554,25.6,25
1719464578203,25.65,25
1719464578203,25.65,25
1719464579319,25.6,25
1719464580081,25.65,25
1719464580081,25.65,25
1719464581174,25.7,25
1719464581174,25.7,25
1719464582514,25.6,25
1719464582840,25.65,25
1719464582840,25.65,25
1719464583959,25.7,25
1719464584850,25.65,25
1719464584850,25.65,25
1719464585850,25.65,25
1719464585850,25.65,25
1719464587322,25.7,25
1719464588158,25.65,25
1719464588511,25.8,25
1719464589029,25.8,25
1719464590391,25.75,25
1719464590545,25.75,25
1719464590846,26.0,25
1719464592083,26.2,25
1719464592083,26.2,25
1719464593234,25.9,25
1719464593732,26.0,25
1719464594280,25.9,25
1719464594504,25.85,75
1719464594504,25.85,75
1719464594504,25.85,75
1719464594504,25.85,75
1719464599975,25.95,75
1719464599975,25.95,75
1719464599975,25.95,75
1719464603109,26.5,25
1719464603109,26.5,25
1719464603109,26.5,25
1719464603109,26.5,25
1719464608433,26.75,25
1719464609778,27.0,200
1719464610317,27.05,150
1719464610317,27.05,150
1719464610317,27.05,150
1719464611210,27.05,100
1719464611871,27.35,125
1719464611871,27.35,125
1719464611871,27.35,125
1719464611871,27.35,125
1719464612246,28.1,150
1719464612754,28.7,400
1719464612754,28.7,400
1719464613356,30.6,50
1719464613681,30.9,25
1719464613681,30.9,25
1719464614484,29.7,150
1719464615809,29.0,225
1719464615809,29.0,225
1719464620434,27.65,25
1719464622185,27.85,125
1719464622185,27.85,125
1719464623632,27.6,150
1719464623632,27.6,150
1719464626025,27.6,25
1719464626908,27.65,100
1719464626908,27.65,100
1719464628402,27.6,25
1719464629039,27.1,225
1719464629039,27.1,225
1719464631330,27.4,100
1719464631330,27.4,100
1719464633590,27.75,150
1719464635342,28.25,25
1719464635750,28.6,100
1719464636108,28.65,50
1719464636108,28.65,50
1719464636108,28.65,50
1719464636108,28.65,50
1719464640436,28.3,125
1719464640827,28.35,100
1719464640857,28.45,25
1719464640857,28.45,25
1719464643011,28.0,100
1719464643078,28.15,25
1719464643078,28.15,25
1719464645162,28.05,25
1719464645162,28.05,25
1719464646734,27.6,100
1719464646734,27.6,100
1719464646734,27.6,100
1719464650050,28.1,25
1719464650050,28.1,25
1719464650050,28.1,25
1719464650050,28.1,25
1719464650050,28.1,25
1719464650050,28.1,25
1719464650050,28.1,25
1719464650050,28.1,25
1719464650050,28.1,25
1719464650050,28.1,25
1719464664125,28.2,25
1719464664732,28.25,150
1719464665073,28.4,25
1719464665073,28.4,25
1719464665073,28.4,25
1719464668790,28.0,125
1719464668790,28.0,125
1719464668790,28.0,125
1719464671610,27.9,150
1719464671610,27.9,150
1719464671610,27.9,150
1719464671610,27.9,150
1719464671610,27.9,150
1719464671610,27.9,150
1719464680393,27.9,75
1719464680393,27.9,75
1719464683382,28.0,50
1719464683382,28.0,50
1719464683382,28.0,50
1719464683382,28.0,50
1719464688063,28.4,25
1719464688063,28.4,25
1719464688063,28.4,25
1719464688063,28.4,25
1719464693106,28.4,25
1719464693106,28.4,25
1719464693106,28.4,25
1719464693106,28.4,25
1719464698671,29.0,200
1719464698671,29.0,200
1719464698671,29.0,200
1719464698671,29.0,200
1719464698671,29.0,200
1719464698671,29.0,200
1719464704527,30.0,100
1719464705729,29.6,900
1719464705751,29.75,25
1719464705751,29.75,25
1719464705751,29.75,25
1719464709310,29.15,100
1719464710396,29.0,50
1719464710396,29.0,50
1719464710396,29.0,50
1719464712163,29.0,250
1719464713549,29.15,50
1719464713549,29.15,50
1719464713549,29.15,50
1719464713549,29.15,50
1719464713549,29.15,50
1719464713549,29.15,50
1719464722331,29.2,125
1719464723677,29.4,300
1719464723677,29.4,300
1719464723677,29.4,300
1719464723677,29.4,300
1719464723677,29.4,300
1719464723677,29.4,300
1719464723677,29.4,300
1719464731344,29.3,50
1719464731344,29.3,50
1719464733108,28.85,25
1719464733108,28.85,25
1719464733108,28.85,25
1719464733108,28.85,25
1719464737896,29.1,50
1719464737896,29.1,50
1719464737896,29.1,50
1719464737896,29.1,50
1719464737896,29.1,50
1719464737896,29.1,50
1719464745765,28.75,50
1719464745765,28.75,50
1719464745765,28.75,50
1719464745765,28.75,50
1719464745765,28.75,50
1719464745765,28.75,50
1719464754328,28.1,25
1719464755207,28.3,50
1719464756153,28.0,50
1719464757142,27.85,25
1719464757142,27.85,25
1719464757142,27.85,25
1719464757142,27.85,25
1719464757142,27.85,25
1719464757142,27.85,25
1719464757142,27.85,25
1719464757142,27.85,25
1719464757142,27.85,25
1719464767813,28.8,25
1719464767813,28.8,25
1719464767813,28.8,25
1719464770707,27.85,50
1719464770707,27.85,50
1719464773561,28.0,25
1719464773561,28.0,25
1719464774598,28.35,100
1719464774598,28.35,100
1719464774598,28.35,100
1719464774598,28.35,100
1719464774598,28.35,100
1719464774598,28.35,100
1719464774598,28.35,100
1719464774598,28.35,100
1719464774598,28.35,100
1719464774598,28.35,100
1719464774598,28.35,100
1719464774598,28.35,100
1719464774598,28.35,100
1719464793749,28.75,150
1719464794089,28.9,25
1719464794089,28.9,25
1719464797253,28.6,125
1719464797253,28.6,125
1719464797253,28.6,125
1719464797253,28.6,125
1719464797253,28.6,125
1719464797253,28.6,125
1719464797253,28.6,125
1719464797253,28.6,125
1719464797253,28.6,125
1719464797253,28.6,125
1719464797253,28.6,125
1719464797253,28.6,125
1719464797253,28.6,125
1719464797253,28.6,125
1719464797253,28.6,125
1719464797253,28.6,125
1719464822300,28.25,25
1719464822479,28.2,50
1719464822479,28.2,50
1719464822479,28.2,50
1719464826114,28.8,50
1719464826114,28.8,50
1719464828172,28.7,50
1719464828172,28.7,50
1719464828172,28.7,50
1719464831195,27.8,25
1719464831195,27.8,25
1719464831195,27.8,25
1719464834398,27.85,25
1719464834398,27.85,25
1719464834398,27.85,25
1719464838572,28.05,50
1719464838572,28.05,50
1719464838572,28.05,50
1719464838572,28.05,50
1719464838572,28.05,50
1719464838572,28.05,50
1719464838572,28.05,50
1719464848960,27.6,75
1719464848960,27.6,75
1719464848960,27.6,75
1719464848960,27.6,75
1719464848960,27.6,75
1719464848960,27.6,75
1719464848960,27.6,75
1719464856891,27.45,25
1719464856891,27.45,25
1719464856891,27.45,25
1719464856891,27.45,25
1719464861098,27.5,75
1719464861098,27.5,75
1719464863926,27.85,50
1719464863926,27.85,50
1719464863926,27.85,50
1719464863926,27.85,50
1719464869799,27.45,50
1719464869799,27.45,50
1719464869799,27.45,50
1719464869799,27.45,50
1719464875655,27.5,25
1719464876532,27.35,25
1719464876532,27.35,25
1719464877782,27.4,25
1719464878314,27.4,25
1719464878997,27.6,25
1719464879422,27.6,475
1719464880114,27.8,50
1719464880114,27.8,50
1719464880114,27.8,50
1719464881885,27.7,25
1719464881885,27.7,25
1719464881885,27.7,25
1719464881885,27.7,25
1719464881885,27.7,25
1719464881885,27.7,25
1719464881885,27.7,25
1719464891536,28.2,25
1719464891536,28.2,25
1719464891536,28.2,25
1719464891536,28.2,25
1719464891536,28.2,25
1719464898863,28.3,100
1719464898863,28.3,100
1719464899976,28.3,25
1719464899976,28.3,25
1719464899976,28.3,25
1719464903022,28.0,50
1719464903022,28.0,50
1719464904561,27.7,225
1719464904619,27.65,25
1719464904619,27.65,25
1719464906467,27.2,50
1719464907436,27.5,25
1719464907436,27.5,25
1719464909089,27.5,25
1719464910338,26.95,25
1719464910338,26.95,25
1719464911607,26.9,50
1719464911607,26.9,50
1719464912738,27.15,100
1719464913747,27.2,50
1719464913747,27.2,50
1719464913747,27.2,50
1719464913747,27.2,50
1719464913747,27.2,50
1719464913747,27.2,50
1719464913747,27.2,50
1719464913747,27.2,50
1719464913747,27.2,50
1719464927352,27.75,50
1719464927352,27.75,50
1719464927352,27.75,50
1719464931260,28.0,50
1719464931260,28.0,50
1719464931260,28.0,50
1719464931260,28.0,50
1719464931260,28.0,50
1719464931260,28.0,50
1719464939860,27.75,75
1719464939860,27.75,75
1719464939860,27.75,75
1719464939860,27.75,75
1719464939860,27.75,75
1719464939860,27.75,75
1719464946517,27.6,25
1719464946517,27.6,25
1719464946517,27.6,25
1719464946517,27.6,25
1719464946517,27.6,25
1719464946517,27.6,25
1719464946517,27.6,25
1719464946517,27.6,25
1719464946517,27.6,25
1719464960073,28.2,25
1719464960073,28.2,25
1719464960073,28.2,25
1719464960073,28.2,25
1719464960073,28.2,25
1719464960073,28.2,25
1719464960073,28.2,25
1719464960073,28.2,25
1719464960073,28.2,25
1719464960073,28.2,25
1719464960073,28.2,25
1719464960073,28.2,25
1719464960073,28.2,25
1719464960073,28.2,25
1719464960073,28.2,25
1719464960073,28.2,25
1719464960073,28.2,25
1719464960073,28.2,25
1719464960073,28.2,25
1719464960073,28.2,25
1719464960073,28.2,25
1719464960073,28.2,25
1719464960073,28.2,25
1719464994750,28.3,125
1719464994750,28.3,125
1719464994750,28.3,125
1719464994750,28.3,125
1719464994750,28.3,125
1719464994750,28.3,125
1719465001973,28.3,25
1719465001973,28.3,25
1719465001973,28.3,25
1719465001973,28.3,25
1719465001973,28.3,25
1719465001973,28.3,25
1719465009796,28.6,50
1719465010267,28.65,125
1719465010267,28.65,125
1719465010267,28.65,125
1719465010267,28.65,125
1719465010267,28.65,125
1719465010267,28.65,125
1719465010267,28.65,125
1719465010267,28.65,125
1719465023122,29.0,25
1719465023122,29.0,25
1719465023122,29.0,25
1719465023122,29.0,25
1719465027882,28.85,100
1719465027882,28.85,100
1719465027882,28.85,100
1719465027882,28.85,100
1719465027882,28.85,100
1719465027882,28.85,100
1719465027882,28.85,100
1719465036388,28.1,50
1719465036556,28.3,125
1719465036832,28.1,25
1719465036832,28.1,25
1719465036832,28.1,25
1719465036832,28.1,25
1719465036832,28.1,25
1719465036832,28.1,25
1719465046924,28.2,25
1719465046924,28.2,25
1719465046924,28.2,25
1719465046924,28.2,25
1719465052317,28.2,25
1719465052317,28.2,25
1719465052317,28.2,25
1719465052317,28.2,25
1719465052317,28.2,25
1719465058123,29.0,200
1719465058123,29.0,200
1719465060012,29.15,25
1719465060393,29.2,25
1719465060393,29.2,25
1719465060393,29.2,25
1719465060975,29.05,125
1719465060975,29.05,125
1719465060975,29.05,125
1719465060975,29.05,125
1719465060975,29.05,125
1719465060975,29.05,125
1719465069926,29.0,25
1719465069926,29.0,25
1719465071241,28.95,25
1719465071241,28.95,25
1719465071241,28.95,25
1719465071241,28.95,25
1719465075938,28.85,50
1719465075938,28.85,50
1719465077925,29.0,25
1719465078572,28.95,50
1719465078572,28.95,50
1719465078572,28.95,50
1719465080983,28.95,25
1719465080983,28.95,25
1719465080983,28.95,25
1719465080983,28.95,25
1719465086744,29.2,25
1719465087146,29.2,25
1719465087684,29.3,25
1719465087918,29.25,25
1719465088701,29.15,25
1719465088701,29.15,25
1719465088701,29.15,25
1719465088701,29.15,25
1719465091002,29.35,25
1719465091194,29.3,25
1719465092242,29.4,25
1719465093242,29.5,25
1719465094303,29.45,25
1719465094303,29.45,25
1719465095538,29.4,25
1719465095701,29.3,25
1719465095701,29.3,25
1719465095701,29.3,25
1719465097923,29.5,25
1719465098303,29.4,25
1719465098941,29.55,25
1719465098941,29.55,25
1719465098941,29.55,25
1719465098941,29.55,25
1719465103773,29.7,25
1719465103773,29.7,25
1719465103773,29.7,25
1719465107279,29.6,25
1719465107279,29.6,25
1719465107802,29.6,25
1719465108972,29.7,25
1719465109305,29.65,25
1719465109481,29.65,25
1719465110205,29.75,25
1719465110872,29.7,25
1719465111470,29.4,125
1719465112205,29.65,25
1719465112640,29.6,25
1719465113305,29.7,25
1719465114065,29.75,25
1719465114065,29.75,25
1719465114065,29.75,25
1719465114065,29.75,25
1719465114065,29.75,25
1719465119688,30.05,25
1719465119688,30.05,25
1719465119688,30.05,25
1719465119688,30.05,25
1719465123109,29.4,125
1719465123109,29.4,125
1719465123109,29.4,125
1719465123109,29.4,125
1719465123109,29.4,125
1719465123109,29.4,125
1719465131983,29.9,25
1719465131983,29.9,25
1719465131983,29.9,25
1719465131983,29.9,25
1719465131983,29.9,25
1719465131983,29.9,25
1719465139946,29.1,25
1719465140360,29.25,25
1719465140360,29.25,25
1719465140360,29.25,25
1719465140360,29.25,25
1719465144316,30.0,100
1719465144316,30.0,100
1719465144316,30.0,100
1719465144316,30.0,100
1719465150137,29.15,75
1719465150137,29.15,75
1719465150137,29.15,75
1719465150137,29.15,75
1719465150137,29.15,75
1719465150137,29.15,75
1719465150137,29.15,75
1719465150137,29.15,75
1719465159906,29.6,400
1719465159906,29.6,400
1719465159906,29.6,400
1719465163278,29.35,125
1719465163278,29.35,125
1719465163278,29.35,125
1719465163278,29.35,125
1719465167950,29.5,25
1719465167950,29.5,25
1719465170774,29.65,50
1719465170774,29.65,50
1719465170774,29.65,50
1719465170774,29.65,50
1719465170774,29.65,50
1719465170774,29.65,50
1719465178737,29.45,50
1719465178737,29.45,50
1719465178737,29.45,50
1719465178737,29.45,50
1719465181786,29.4,50
1719465181786,29.4,50
1719465183261,29.2,50
1719465183261,29.2,50
1719465183261,29.2,50
1719465183261,29.2,50
1719465188187,29.45,25
1719465188187,29.45,25
1719465188187,29.45,25
1719465191182,29.65,100
1719465191182,29.65,100
1719465191182,29.65,100
1719465191182,29.65,100
1719465191182,29.65,100
1719465191182,29.65,100
1719465191182,29.65,100
1719465191182,29.65,100
1719465191182,29.65,100
1719465191182,29.65,100
1719465191182,29.65,100
1719465208323,30.45,25
1719465208323,30.45,25
1719465208323,30.45,25
1719465208323,30.45,25
1719465211283,30.45,25
1719465211283,30.45,25
1719465213087,31.0,225
1719465214056,31.15,50
1719465214056,31.15,50
1719465215186,31.6,175
1719465215935,31.75,25
1719465216150,32.3,25
1719465216192,32.85,125
1719465218253,32.8,150
1719465218253,32.8,150
1719465219661,33.15,25
1719465220721,33.5,50
1719465220721,33.5,50
1719465221807,33.5,25
1719465221807,33.5,25
1719465221807,33.5,25
1719465224850,33.6,50
1719465225339,33.55,50
1719465226228,33.6,25
1719465227281,34.3,25
1719465227281,34.3,25
1719465228876,35.65,250
1719465228876,35.65,250
1719465229003,36.0,75
1719465229990,34.3,75
1719465230708,34.35,25
1719465231485,34.1,25
1719465232428,33.95,125
1719465232428,33.95,125
1719465233414,34.2,100
1719465233414,34.2,100
1719465234500,33.75,350
1719465235908,34.55,50
1719465235908,34.55,50
1719465236404,35.3,150
1719465236404,35.3,150
1719465237985,35.6,25
1719465239079,35.3,50
1719465239079,35.3,50
1719465240331,35.3,25
1719465240463,35.8,175
1719465240541,35.6,150
1719465240786,35.4,25
1719465242170,35.45,75
1719465242170,35.45,75
1719465243723,35.45,250
1719465243723,35.45,250
1719465244876,34.95,75
1719465245528,34.65,25
1719465246003,34.8,150
1719465246255,34.85,25
1719465246255,34.85,25
1719465248047,34.6,150
1719465248047,34.6,150
1719465250007,35.4,150
1719465250888,35.35,125
1719465250888,35.35,125
1719465251540,35.15,25
1719465251540,35.15,25
1719465253036,36.3,175
1719465254044,36.3,25
1719465254291,35.6,25
1719465254291,35.6,25
1719465255871,35.4,50
1719465255871,35.4,50
1719465255871,35.4,50
1719465258286,35.1,175
1719465259260,35.4,25
1719465259260,35.4,25
1719465260397,35.5,100
1719465260397,35.5,100
1719465262017,35.05,25
1719465262349,35.25,50
1719465263151,35.5,250
1719465264253,35.55,25
1719465264253,35.55,25
1719465265152,35.15,25
1719465265152,35.15,25
1719465266853,35.0,25
1719465267411,35.0,25
1719465267411,35.0,25
1719465268849,34.95,400
1719465268849,34.95,400
1719465269811,35.7,500
1719465269811,35.7,500
1719465270445,35.8,50
1719465270445,35.8,50
1719465271912,36.0,25
1719465272768,35.7,150
1719465273823,35.9,250
1719465274289,35.65,75
1719465274289,35.65,75
1719465274289,35.65,75
1719465277757,35.3,625
1719465277757,35.3,625
1719465279051,35.3,100
1719465279299,35.6,25
1719465279299,35.6,25
1719465279961,35.5,25
1719465279961,35.5,25
1719465284267,34.8,250
1719465284267,34.8,250
1719465286069,35.5,25
1719465287291,35.25,25
1719465287596,35.05,25
1719465287596,35.05,25
1719465288262,35.25,25
1719465289036,35.65,25
1719465289036,35.65,25
1719465289036,35.65,25
1719465291054,35.7,25
1719465291415,35.4,25
1719465292355,35.7,25
1719465292853,35.25,25
1719465292853,35.25,25
1719465295822,34.95,100
1719465295822,34.95,100
1719465299030,35.65,25
1719465299030,35.65,25
1719465299030,35.65,25
1719465299030,35.65,25
1719465299030,35.65,25
1719465303510,35.95,300
1719465303510,35.95,300
1719465304467,35.25,25
1719465304569,35.6,125
1719465305972,36.5,25
1719465305972,36.5,25
1719465307089,36.35,50
1719465307377,36.15,25
1719465307990,36.55,25
1719465308603,36.6,225
1719465309226,36.65,25
1719465309226,36.65,25
1719465309226,36.65,25
1719465311596,36.9,150
1719465312187,36.5,75
1719465312187,36.5,75
1719465312187,36.5,75
1719465315030,36.95,150
1719465315030,36.95,150
1719465316961,36.1,75
1719465317222,35.8,150
1719465318094,35.9,25
1719465318835,36.2,25
1719465319082,36.35,25
1719465319082,36.35,25
1719465319082,36.35,25
1719465322106,35.65,100
1719465322488,35.7,50
1719465323055,35.55,25
1719465323270,36.2,175
1719465324290,35.85,25
1719465324290,35.85,25
1719465324290,35.85,25
1719465324290,35.85,25
1719465328172,36.2,50
1719465329036,36.2,25
1719465329036,36.2,25
1719465329973,36.0,25
1719465330289,35.7,25
1719465330910,35.7,50
1719465331871,35.55,25
1719465332242,35.85,25
1719465332970,35.25,50
1719465333995,34.65,25
1719465333995,34.65,25
1719465335123,35.35,100
1719465335123,35.35,100
1719465335963,35.05,75
1719465337286,35.6,150
1719465337286,35.6,150
1719465337626,35.7,125
1719465339092,36.35,25
1719465339092,36.35,25
1719465340508,36.5,25
1719465340715,36.3,25
1719465340887,36.2,25
1719465341693,35.9,75
1719465342010,35.85,25
1719465342010,35.85,25
1719465343098,35.4,125
1719465344150,34.8,25
1719465344371,34.9,25
1719465345545,34.85,25
1719465345545,34.85,25
1719465345545,34.85,25
1719465345545,34.85,25
1719465350298,34.8,25
1719465350710,34.5,25
1719465351139,34.2,25
1719465351922,34.4,25
1719465352530,34.65,100
1719465352530,34.65,100
1719465353787,35.05,100
1719465353787,35.05,100
1719465355424,34.75,25
1719465355424,34.75,25
1719465355424,34.75,25
1719465357667,35.25,75
1719465357873,35.35,150
1719465357873,35.35,150
1719465359750,35.1,50
1719465359750,35.1,50
1719465359750,35.1,50
1719465359750,35.1,50
1719465362804,35.45,150
1719465364194,34.7,25
1719465365008,34.7,25
1719465365008,34.7,25
1719465366327,34.7,25
1719465366327,34.7,25
1719465368876,34.75,25
1719465368876,34.75,25
1719465369737,34.75,100
1719465369737,34.75,100
1719465369737,34.75,100
1719465372627,34.45,50
1719465372627,34.45,50
1719465372627,34.45,50
1719465372627,34.45,50
1719465377836,34.4,75
1719465379157,34.2,100
1719465379680,34.0,50
1719465380148,34.1,75
1719465380148,34.1,75
1719465381111,34.0,100
1719465381111,34.0,100
1719465383023,33.65,25
1719465383023,33.65,25
1719465385698,33.6,25
1719465385698,33.6,25
1719465388268,33.7,25
1719465389125,33.95,75
1719465389389,34.1,75
1719465389461,33.95,75
1719465390394,34.45,25
1719465390394,34.45,25
1719465392401,34.75,100
1719465394002,35.05,100
1719465394309,34.75,25
1719465394422,34.65,25
1719465394422,34.65,25
1719465397076,35.05,150
1719465397691,34.95,125
1719465398059,34.8,50
1719465398983,34.75,75
1719465399565,34.5,25
1719465400502,34.9,25
1719465401580,34.8,25
1719465401580,34.8,25
1719465401580,34.8,25
1719465401580,34.8,25
1719465406541,35.1,25
1719465406541,35.1,25
1719465408317,34.8,25
1719465408317,34.8,25
1719465408317,34.8,25
1719465408317,34.8,25
1719465413414,34.7,25
1719465413414,34.7,25
1719465413414,34.7,25
1719465413414,34.7,25
1719465413414,34.7,25
1719465420039,35.25,25
1719465420039,35.25,25
1719465420039,35.25,25
1719465421558,35.3,25
1719465421687,35.4,25
1719465422531,35.3,25
1719465422531,35.3,25
1719465422531,35.3,25
1719465424687,35.5,25
1719465425888,35.55,25
1719465425888,35.55,25
1719465427072,35.45,25
1719465427072,35.45,25
1719465428826,35.6,25
1719465428826,35.6,25
1719465430559,35.6,25
1719465430559,35.6,25
1719465431528,35.35,25
1719465431869,35.5,25
1719465432466,35.0,25
1719465432466,35.0,25
1719465433023,35.05,25
1719465433886,34.8,25
1719465433886,34.8,25
1719465433886,34.8,25
1719465436963,35.8,75
1719465436963,35.8,75
1719465437887,35.8,125
1719465438407,35.7,125
1719465438407,35.7,125
1719465438407,35.7,125
1719465438407,35.7,125
1719465444147,35.95,25
1719465444147,35.95,25
1719465444903,35.95,75
1719465444903,35.95,75
1719465444903,35.95,75
1719465449309,35.7,25
1719465449309,35.7,25
1719465450882,35.85,25
1719465450882,35.85,25
1719465451754,36.0,100
1719465452775,35.8,25
1719465452775,35.8,25
1719465452775,35.8,25
1719465455028,35.8,25
1719465455602,35.7,50
1719465456024,35.7,125
1719465456024,35.7,125
1719465456024,35.7,125
1719465459086,36.05,75
1719465459086,36.05,75
1719465460277,36.35,150
1719465460277,36.35,150
1719465461489,36.15,25
1719465461489,36.15,25
1719465463319,36.2,25
1719465464028,36.2,25
1719465464393,35.9,25
1719465464393,35.9,25
1719465465573,35.95,25
1719465465966,35.95,25
1719465466393,36.0,25
1719465467560,36.5,50
1719465467560,36.5,50
1719465468787,36.5,25
1719465469174,36.5,25
1719465469174,36.5,25
1719465469174,36.5,25
1719465469174,36.5,25
1719465474373,36.45,25
1719465474373,36.45,25
1719465475262,36.5,25
1719465475626,36.6,25
1719465475626,36.6,25
1719465476957,36.6,25
1719465476957,36.6,25
1719465478722,36.4,25
1719465478722,36.4,25
1719465479884,36.45,25
1719465480084,36.2,25
1719465480084,36.2,25
1719465481066,35.65,25
1719465481218,35.7,25
1719465481218,35.7,25
1719465483308,35.75,25
1719465483308,35.75,25
1719465483308,35.75,25
1719465483308,35.75,25
1719465488537,36.45,25
1719465489338,36.6,25
1719465489695,36.45,25
1719465489695,36.45,25
1719465491441,36.45,25
1719465491583,36.35,25
1719465491583,36.35,25
1719465491583,36.35,25
1719465494430,36.0,50
1719465495645,35.7,25
1719465496101,35.75,25
1719465496213,35.75,25
1719465496213,35.75,25
1719465498548,36.35,100
1719465498548,36.35,100
1719465498548,36.35,100
1719465498548,36.35,100
1719465503094,36.0,200
1719465503255,35.85,25
1719465503255,35.85,25
1719465503255,35.85,25
1719465507224,35.7,25
1719465507224,35.7,25
1719465508902,35.55,25
1719465508902,35.55,25
1719465508902,35.55,25
1719465511009,36.0,25
1719465511009,36.0,25
1719465514179,36.2,100
1719465514179,36.2,100
1719465514179,36.2,100
1719465514179,36.2,100
1719465518118,36.4,25
1719465518118,36.4,25
1719465518118,36.4,25
1719465522627,36.35,125
1719465522627,36.35,125
1719465522627,36.35,125
1719465527596,35.8,150
1719465527596,35.8,150
1719465527596,35.8,150
1719465530982,36.1,25
1719465530982,36.1,25
1719465532472,36.05,25
1719465532472,36.05,25
1719465532472,36.05,25
1719465532472,36.05,25
1719465536941,36.5,25
1719465536941,36.5,25
1719465536941,36.5,25
1719465536941,36.5,25
1719465536941,36.5,25
1719465536941,36.5,25
1719465543191,36.55,25
1719465543258,36.3,25
1719465544199,36.2,25
1719465544199,36.2,25
1719465545335,36.15,25
1719465545335,36.15,25
1719465545335,36.15,25
1719465545335,36.15,25
1719465549776,36.25,200
1719465549776,36.25,200
1719465551809,35.9,100
1719465552390,35.85,50
1719465552390,35.85,50
1719465552390,35.85,50
1719465552390,35.85,50
1719465552390,35.85,50
1719465558545,35.85,25
1719465558545,35.85,25
1719465558545,35.85,25
1719465562020,35.55,25
1719465562020,35.55,25
1719465563903,35.7,25
1719465563903,35.7,25
1719465564833,35.7,25
1719465565590,35.85,25
1719465566034,36.0,25
1719465566034,36.0,25
1719465567705,36.0,25
1719465568747,35.9,25
1719465568747,35.9,25
1719465569827,36.0,25
1719465569827,36.0,25
1719465569827,36.0,25
1719465571474,35.9,25
1719465572308,35.8,25
1719465572811,35.8,25
1719465572811,35.8,25
1719465572811,35.8,25
1719465572811,35.8,25
1719465577736,35.7,25
1719465577960,35.4,25
1719465579308,36.0,25
1719465579540,35.85,25
1719465579540,35.85,25
1719465579540,35.85,25
1719465579540,35.85,25
1719465579540,35.85,25
1719465586760,36.1,75
1719465587464,35.75,25
1719465589044,35.25,25
1719465589473,35.0,25
1719465589473,35.0,25
1719465590833,34.75,25
1719465590833,34.75,25
1719465591874,34.5,75
1719465591874,34.5,75
1719465591874,34.5,75
1719465591874,34.5,75
1719465596531,34.85,25
1719465596531,34.85,25
1719465598098,33.75,25
1719465599369,33.4,125
1719465599369,33.4,125
1719465599369,33.4,125
1719465599369,33.4,125
1719465603022,34.2,25
1719465603022,34.2,25
1719465603022,34.2,25
1719465607679,34.0,25
1719465609252,33.9,25
1719465609252,33.9,25
1719465609252,33.9,25
1719465609252,33.9,25
1719465612902,33.75,25
1719465612902,33.75,25
1719465612902,33.75,25
1719465612902,33.75,25
1719465612902,33.75,25
1719465618126,34.15,150
1719465618126,34.15,150
1719465619991,34.1,50
1719465619991,34.1,50
1719465619991,34.1,50
1719465619991,34.1,50
1719465619991,34.1,50
1719465627406,32.25,25
1719465627730,32.1,150
1719465628734,32.75,125
1719465629254,32.7,125
1719465629898,33.1,75
1719465630248,32.95,25
1719465630248,32.95,25
1719465631192,33.05,25
1719465631720,33.2,75
1719465631720,33.2,75
1719465634420,33.1,50
1719465634420,33.1,50
1719465634420,33.1,50
1719465634420,33.1,50
1719465634420,33.1,50
1719465634420,33.1,50
1719465643414,32.75,50
1719465643414,32.75,50
1719465643414,32.75,50
1719465643414,32.75,50
1719465648764,32.75,25
1719465648764,32.75,25
1719465650728,32.3,25
1719465650728,32.3,25
1719465652834,32.7,25
1719465652834,32.7,25
1719465652834,32.7,25
1719465655884,32.8,150
1719465655884,32.8,150
1719465655884,32.8,150
1719465659825,32.35,75
1719465659932,32.3,300
1719465660746,32.0,25
1719465660746,32.0,25
1719465660746,32.0,25
1719465664268,32.6,100
1719465664268,32.6,100
1719465664268,32.6,100
1719465664268,32.6,100
1719465664268,32.6,100
1719465664268,32.6,100
1719465664268,32.6,100
1719465664268,32.6,100
1719465664268,32.6,100
1719465664268,32.6,100
1719465664268,32.6,100
1719465664268,32.6,100
1719465681540,32.3,250
1719465681540,32.3,250
1719465684431,32.55,50
1719465684431,32.55,50
1719465684431,32.55,50
1719465687058,31.1,150
1719465687725,31.3,75
1719465687725,31.3,75
1719465687725,31.3,75
1719465689775,31.9,25
1719465689775,31.9,25
1719465690601,31.95,125
1719465690601,31.95,125
1719465690601,31.95,125
1719465690601,31.95,125
1719465696439,31.8,25
1719465696747,31.6,75
1719465696747,31.6,75
1719465696747,31.6,75
1719465700436,31.7,25
1719465700436,31.7,25
1719465702392,32.0,200
1719465702612,31.95,125
1719465702612,31.95,125
1719465704497,31.8,50
1719465705004,31.6,250
1719465705004,31.6,250
1719465705004,31.6,250
1719465705004,31.6,250
1719465705004,31.6,250
1719465705004,31.6,250
1719465705004,31.6,250
1719465705004,31.6,250
1719465717573,31.65,75
1719465717573,31.65,75
1719465717573,31.65,75
1719465717573,31.65,75
1719465717573,31.65,75
1719465717573,31.65,75
1719465723583,32.2,25
1719465724472,32.1,75
1719465724472,32.1,75
1719465724472,32.1,75
1719465727550,32.15,25
1719465727550,32.15,25
1719465729208,32.25,25
1719465729208,32.25,25
1719465729208,32.25,25
1719465729208,32.25,25
1719465729208,32.25,25
1719465729208,32.25,25
1719465729208,32.25,25
1719465739287,32.1,125
1719465739287,32.1,125
1719465739287,32.1,125
1719465742744,32.1,250
1719465742744,32.1,250
1719465744295,32.55,75
1719465744295,32.55,75
1719465744295,32.55,75
1719465744295,32.55,75
1719465744295,32.55,75
1719465744295,32.55,75
1719465744295,32.55,75
1719465752528,32.8,50
1719465752528,32.8,50
1719465752528,32.8,50
1719465752528,32.8,50
1719465752528,32.8,50
1719465752528,32.8,50
1719465752528,32.8,50
1719465752528,32.8,50
1719465752528,32.8,50
1719465752528,32.8,50
1719465766810,33.55,125
1719465767530,33.45,25
1719465767530,33.45,25
1719465769771,33.05,125
1719465770981,32.8,25
1719465770981,32.8,25
1719465771891,32.6,75
1719465771891,32.6,75
1719465771891,32.6,75
1719465771891,32.6,75
1719465777484,32.9,125
1719465777667,32.85,200
1719465777667,32.85,200
1719465777667,32.85,200
1719465777667,32.85,200
1719465777667,32.85,200
1719465777667,32.85,200
1719465777667,32.85,200
1719465777667,32.85,200
1719465777667,32.85,200
1719465777667,32.85,200
1719465777667,32.85,200
1719465777667,32.85,200
1719465777667,32.85,200
1719465777667,32.85,200
1719465777667,32.85,200
1719465799543,33.2,25
1719465799543,33.2,25
1719465799543,33.2,25
1719465799543,33.2,25
1719465799543,33.2,25
1719465806563,33.25,125
1719465806563,33.25,125
1719465808252,33.3,25
1719465808252,33.3,25
1719465808252,33.3,25
1719465808252,33.3,25
1719465813264,32.9,25
1719465813264,32.9,25
1719465816611,33.45,25
1719465816611,33.45,25
1719465816611,33.45,25
1719465816611,33.45,25
1719465816611,33.45,25
1719465816611,33.45,25
1719465816611,33.45,25
1719465816611,33.45,25
1719465826856,33.3,125
1719465826856,33.3,125
1719465826856,33.3,125
1719465830745,33.2,100
1719465830745,33.2,100
1719465831973,33.45,25
1719465831973,33.45,25
1719465831973,33.45,25
1719465831973,33.45,25
1719465838375,33.45,75
1719465838375,33.45,75
1719465838375,33.45,75
1719465841516,33.1,25
1719465841657,33.25,25
1719465841657,33.25,25
1719465841657,33.25,25
1719465841657,33.25,25
1719465841657,33.25,25
1719465846986,33.75,25
1719465848071,33.45,75
1719465848071,33.45,75
1719465848071,33.45,75
1719465848071,33.45,75
1719465848071,33.45,75
1719465848071,33.45,75
1719465848071,33.45,75
1719465848071,33.45,75
1719465848071,33.45,75
1719465860518,34.8,125
1719465860913,34.65,125
1719465860913,34.65,125
1719465861708,34.6,175
1719465861708,34.6,175
1719465865147,34.7,100
1719465866635,34.85,50
1719465868111,35.05,100
1719465868111,35.05,100
1719465868111,35.05,100
1719465868111,35.05,100
1719465870509,35.05,75
1719465870509,35.05,75
1719465870509,35.05,75
1719465870509,35.05,75
1719465870509,35.05,75
1719465870509,35.05,75
1719465870509,35.05,75
1719465870509,35.05,75
1719465882024,36.45,150
1719465882953,36.3,200
1719465882953,36.3,200
1719465882953,36.3,200
1719465882953,36.3,200
1719465886845,36.5,250
1719465888178,35.9,150
1719465888178,35.9,150
1719465889207,36.2,25
1719465889930,36.25,25
1719465889930,36.25,25
1719465890281,36.2,175
1719465890281,36.2,175
1719465890281,36.2,175
1719465894687,35.9,250
1719465894845,36.2,25
1719465894845,36.2,25
1719465895552,35.7,275
1719465895552,35.7,275
1719465897929,35.9,25
1719465897929,35.9,25
1719465899409,36.15,200
1719465899409,36.15,200
1719465899409,36.15,200
1719465899409,36.15,200
1719465899409,36.15,200
1719465899409,36.15,200
1719465899409,36.15,200
1719465907096,35.9,50
1719465907096,35.9,50
1719465907096,35.9,50
1719465907096,35.9,50
1719465914186,35.4,25
1719465914186,35.4,25
1719465914186,35.4,25
1719465917499,35.25,125
1719465917499,35.25,125
1719465917499,35.25,125
1719465917499,35.25,125
1719465917499,35.25,125
1719465924931,35.25,50
1719465924931,35.25,50
1719465924931,35.25,50
1719465924931,35.25,50
1719465924931,35.25,50
1719465924931,35.25,50
1719465924931,35.25,50
1719465924931,35.25,50
1719465924931,35.25,50
1719465924931,35.25,50
1719465924931,35.25,50
1719465941095,35.1,50
1719465941095,35.1,50
1719465941095,35.1,50
1719465941095,35.1,50
1719465941095,35.1,50
1719465941095,35.1,50
1719465948644,35.35,25
1719465948644,35.35,25
1719465948644,35.35,25
1719465948644,35.35,25
1719465948644,35.35,25
1719465956556,35.4,25
1719465956556,35.4,25
1719465957468,35.25,25
1719465957468,35.25,25
1719465957468,35.25,25
1719465957468,35.25,25
1719465960575,35.2,50
1719465960912,34.9,175
1719465960912,34.9,175
1719465963209,34.5,75
1719465963274,34.35,250
1719465963930,34.2,175
1719465964917,34.0,25
1719465964917,34.0,25
1719465965696,33.95,150
1719465966496,33.95,275
1719465966943,33.7,50
1719465968007,33.95,50
1719465968972,33.7,50
1719465968972,33.7,50
1719465971291,33.7,50
1719465971530,33.6,1000
1719465971530,33.6,1000
1719465971530,33.6,1000
1719465974394,33.55,25
1719465974394,33.55,25
1719465974394,33.55,25
1719465974394,33.55,25
1719465978641,33.05,175
1719465979969,33.15,100
1719465980740,32.9,775
1719465980740,32.9,775
1719465983059,33.15,25
1719465983527,32.9,75
1719465983527,32.9,75
1719465985246,33.2,25
1719465985786,33.0,75
1719465986580,33.0,175
1719465987201,33.2,25
1719465987201,33.2,25
1719465988575,32.7,150
1719465988891,33.0,25
1719465989597,32.7,25
1719465989597,32.7,25
1719465990454,32.7,200
1719465991663,32.95,25
1719465991663,32.95,25
1719465992475,32.55,25
1719465992475,32.55,25
1719465994020,32.85,175
1719465994570,32.85,75
1719465994570,32.85,75
1719465995956,32.8,25
1719465995956,32.8,25
1719465995956,32.8,25
1719465995956,32.8,25
1719465995956,32.8,25
1719465995956,32.8,25
1719465995956,32.8,25
1719465995956,32.8,25
1719465995956,32.8,25
1719465995956,32.8,25
1719466011541,33.0,200
1719466011541,33.0,200
1719466014335,33.2,25
1719466014335,33.2,25
1719466015199,33.15,225
1719466015199,33.15,225
1719466017238,33.3,150
1719466017238,33.3,150
1719466017238,33.3,150
1719466017238,33.3,150
1719466020659,33.3,25
1719466020659,33.3,25
1719466020659,33.3,25
1719466023517,33.4,175
1719466023517,33.4,175
1719466026335,33.3,25
1719466026335,33.3,25
1719466026335,33.3,25
1719466026335,33.3,25
1719466030295,33.4,25
1719466030295,33.4,25
1719466031954,33.6,25
1719466031954,33.6,25
1719466031954,33.6,25
1719466031954,33.6,25
1719466031954,33.6,25
1719466031954,33.6,25
1719466031954,33.6,25
1719466042098,33.7,125
1719466042098,33.7,125
1719466042098,33.7,125
1719466045673,33.4,325
1719466045673,33.4,325
1719466045673,33.4,325
1719466045673,33.4,325
1719466045673,33.4,325
1719466045673,33.4,325
1719466052150,33.75,50
1719466052150,33.75,50
1719466052150,33.75,50
1719466057744,33.2,50
1719466057744,33.2,50
1719466057744,33.2,50
1719466057744,33.2,50
1719466229674,32.1,50
1719466229674,32.1,50
1719466230818,32.15,25
1719466230818,32.15,25
1719466230818,32.15,25
1719466230818,32.15,25
1719466230818,32.15,25
1719466230818,32.15,25
1719466230818,32.15,25
1719466230818,32.15,25
1719466242999,32.25,175
1719466242999,32.25,175
1719466242999,32.25,175
1719466242999,32.25,175
1719466247198,32.5,50
1719466248388,32.75,25
1719466248388,32.75,25
1719466248388,32.75,25
1719466248388,32.75,25
1719466248388,32.75,25
1719466248388,32.75,25
1719466248388,32.75,25
1719466258584,32.55,75
1719466258584,32.55,75
1719466258584,32.55,75
1719466258584,32.55,75
1719466258584,32.55,75
1719466258584,32.55,75
1719466258584,32.55,75
1719466258584,32.55,75
1719466258584,32.55,75
1719466271349,32.05,25
1719466271349,32.05,25
1719466272233,32.0,25
1719466272233,32.0,25
1719466272233,32.0,25
1719466272233,32.0,25
1719466272233,32.0,25
1719466279122,31.4,25
1719466279122,31.4,25
1719466281172,31.25,25
1719466281172,31.25,25
1719466281172,31.25,25
1719466281172,31.25,25
1719466281172,31.25,25
1719466288300,31.05,25
1719466288300,31.05,25
1719466290069,31.0,375
1719466290069,31.0,375
1719466290069,31.0,375
1719466292247,31.05,275
1719466292247,31.05,275
1719466292247,31.05,275
1719466292247,31.05,275
1719466292247,31.05,275
1719466292247,31.05,275
1719466292247,31.05,275
1719466292247,31.05,275
1719466292247,31.05,275
1719466306966,31.35,50
1719466306966,31.35,50
1719466306966,31.35,50
1719466306966,31.35,50
1719466312696,31.3,25
1719466312696,31.3,25
1719466312696,31.3,25
1719466315881,31.65,100
1719466316565,31.55,50
1719466316565,31.55,50
1719466316565,31.55,50
1719466316565,31.55,50
1719466316565,31.55,50
1719466320836,31.75,125
1719466320836,31.75,125
1719466320836,31.75,125
1719466320836,31.75,125
1719466320836,31.75,125
1719466327234,32.15,25
1719466327234,32.15,25
1719466327234,32.15,25
1719466327234,32.15,25
1719466327234,32.15,25
1719466327234,32.15,25
1719466327234,32.15,25
1719466327234,32.15,25
1719466327234,32.15,25
1719466327234,32.15,25
1719466327234,32.15,25
1719466327234,32.15,25
1719466327234,32.15,25
1719466348150,31.9,25
1719466348150,31.9,25
1719466348150,31.9,25
1719466348150,31.9,25
1719466351983,31.9,25
1719466352296,31.8,25
1719466353087,31.9,25
1719466353462,32.1,25
1719466353462,32.1,25
1719466354379,32.25,25
1719466354379,32.25,25
1719466354379,32.25,25
1719466354379,32.25,25
1719466360564,32.45,50
1719466360564,32.45,50
1719466361224,32.35,25
1719466361224,32.35,25
1719466361224,32.35,25
1719466361224,32.35,25
1719466361224,32.35,25
1719466361224,32.35,25
1719466361224,32.35,25
1719466361224,32.35,25
1719466361224,32.35,25
1719466375438,32.4,300
1719466375438,32.4,300
1719466375438,32.4,300
1719466375438,32.4,300
1719466375438,32.4,300
1719466375438,32.4,300
1719466380981,32.55,25
1719466380981,32.55,25
1719466383132,33.2,25
1719466383132,33.2,25
1719466383132,33.2,25
1719466387330,32.75,25
1719466387330,32.75,25
1719466387330,32.75,25
1719466387330,32.75,25
1719466387330,32.75,25
1719466387330,32.75,25
1719466387330,32.75,25
1719466396163,32.9,25
1719466396163,32.9,25
1719466396163,32.9,25
1719466396163,32.9,25
1719466401083,33.25,25
1719466401083,33.25,25
1719466403675,32.7,25
1719466403675,32.7,25
1719466403675,32.7,25
1719466406332,32.25,25
1719466406673,32.0,25
1719466406673,32.0,25
1719466406673,32.0,25
1719466406673,32.0,25
1719466406673,32.0,25
1719466406673,32.0,25
1719466406673,32.0,25
1719466406673,32.0,25
1719466406673,32.0,25
1719466406673,32.0,25
1719466419249,32.7,75
1719466420335,32.8,25
1719466420335,32.8,25
1719466422201,32.95,25
1719466422201,32.95,25
1719466422201,32.95,25
1719466422201,32.95,25
1719466422201,32.95,25
1719466422201,32.95,25
1719466422201,32.95,25
1719466422201,32.95,25
1719466422201,32.95,25
1719466422201,32.95,25
1719466422201,32.95,25
1719466439610,33.1,625
1719466439610,33.1,625
1719466439610,33.1,625
1719466439610,33.1,625
1719466439610,33.1,625
1719466439610,33.1,625
1719466439610,33.1,625
1719466448958,32.95,125
1719466448958,32.95,125
1719466448958,32.95,125
1719466448958,32.95,125
1719466448958,32.95,125
1719466448958,32.95,125
1719466448958,32.95,125
1719466448958,32.95,125
1719466448958,32.95,125
1719466463977,33.05,25
1719466463977,33.05,25
1719466463977,33.05,25
1719466463977,33.05,25
1719466463977,33.05,25
1719466463977,33.05,25
1719466463977,33.05,25
1719466463977,33.05,25
1719466463977,33.05,25
1719466463977,33.05,25
1719466463977,33.05,25
1719466478917,32.85,25
1719466478917,32.85,25
1719466478917,32.85,25
1719466478917,32.85,25
1719466478917,32.85,25
1719466478917,32.85,25
1719466478917,32.85,25
1719466478917,32.85,25
1719466478917,32.85,25
1719466478917,32.85,25
1719466478917,32.85,25
1719466478917,32.85,25
1719466478917,32.85,25
1719466478917,32.85,25
1719466478917,32.85,25
1719466478917,32.85,25
1719466478917,32.85,25
1719466478917,32.85,25
1719466478917,32.85,25
1719466507636,32.75,25
1719466507636,32.75,25
1719466509166,32.4,25
1719466509166,32.4,25
1719466509166,32.4,25
1719466512869,32.5,25
1719466512869,32.5,25
1719466512869,32.5,25
1719466512869,32.5,25
1719466512869,32.5,25
1719466512869,32.5,25
1719466512869,32.5,25
1719466512869,32.5,25
1719466523782,32.85,25
1719466523782,32.85,25
1719466523782,32.85,25
1719466523782,32.85,25
1719466523782,32.85,25
1719466523782,32.85,25
1719466523782,32.85,25
1719466523782,32.85,25
1719466523782,32.85,25
1719466523782,32.85,25
1719466537309,32.2,25
1719466537309,32.2,25
1719466538556,32.2,25
1719466538556,32.2,25
1719466540469,32.3,25
1719466540469,32.3,25
1719466540469,32.3,25
1719466540469,32.3,25
1719466540469,32.3,25
1719466540469,32.3,25
1719466540469,32.3,25
1719466540469,32.3,25
1719466553146,31.95,25
1719466553146,31.95,25
1719466554440,31.9,100
1719466554440,31.9,100
1719466556237,32.1,25
1719466556237,32.1,25
1719466557624,32.35,25
1719466557624,32.35,25
1719466559423,32.25,625
1719466559440,32.25,75
1719466559440,32.25,75
1719466559440,32.25,75
1719466559440,32.25,75
1719466559440,32.25,75
1719466565213,32.1,125
1719466565628,32.4,25
1719466565628,32.4,25
1719466565628,32.4,25
1719466565628,32.4,25
1719466565628,32.4,25
1719466572941,32.05,125
1719466572941,32.05,125
1719466572941,32.05,125
1719466572941,32.05,125
1719466572941,32.05,125
1719466578647,31.6,25
1719466578647,31.6,25
1719466581850,31.6,25
1719466581850,31.6,25
1719466581850,31.6,25
1719466581850,31.6,25
1719466581850,31.6,25
1719466581850,31.6,25
1719466581850,31.6,25
1719466581850,31.6,25
1719466581850,31.6,25
1719466581850,31.6,25
1719466594094,31.7,50
1719466594094,31.7,50
1719466594094,31.7,50
1719466594094,31.7,50
1719466594094,31.7,50
1719466594094,31.7,50
1719466594094,31.7,50
1719466594094,31.7,50
1719466594094,31.7,50
1719466594094,31.7,50
1719466608901,31.8,25
1719466609338,31.8,225
1719466610408,32.0,25
1719466610553,32.0,25
1719466610553,32.0,25
1719466610553,32.0,25
1719466610553,32.0,25
1719466616195,32.2,25
1719466616195,32.2,25
1719466616195,32.2,25
1719466616195,32.2,25
1719466616195,32.2,25
1719466616195,32.2,25
1719466616195,32.2,25
1719466616195,32.2,25
1719466616195,32.2,25
1719466616195,32.2,25
1719466616195,32.2,25
1719466616195,32.2,25
1719466616195,32.2,25
1719466636227,31.9,100
1719466636227,31.9,100
1719466636227,31.9,100
1719466636227,31.9,100
1719466636227,31.9,100
1719466636227,31.9,100
1719466636227,31.9,100
1719466636227,31.9,100
1719466636227,31.9,100
1719466636227,31.9,100
1719466636227,31.9,100
1719466636227,31.9,100
1719466636227,31.9,100
1719466636227,31.9,100
1719466657247,31.65,125
1719466657247,31.65,125
1719466657247,31.65,125
1719466661380,31.55,25
1719466661380,31.55,25
1719466661380,31.55,25
1719466661380,31.55,25
1719466666196,31.7,250
1719466666196,31.7,250
1719466666196,31.7,250
1719466666196,31.7,250
1719466671644,31.6,25
1719466671644,31.6,25
1719466671644,31.6,25
1719466671644,31.6,25
1719466671644,31.6,25
1719466671644,31.6,25
1719466679152,31.6,150
1719466679518,31.35,25
1719466679518,31.35,25
1719466679518,31.35,25
1719466682146,31.6,25
1719466682146,31.6,25
1719466683856,31.85,25
1719466685243,32.2,25
1719466685243,32.2,25
1719466685655,32.0,50
1719466685655,32.0,50
1719466687968,32.2,25
1719466687968,32.2,25
1719466687968,32.2,25
1719466687968,32.2,25
1719466692639,31.75,25
1719466692639,31.75,25
1719466692639,31.75,25
1719466692639,31.75,25
1719466692639,31.75,25
1719466692639,31.75,25
1719466701821,31.8,25
1719466701821,31.8,25
1719466701821,31.8,25
1719466701821,31.8,25
1719466701821,31.8,25
1719466701821,31.8,25
1719466701821,31.8,25
1719466701821,31.8,25
1719466713483,31.4,25
1719466713483,31.4,25
1719466713483,31.4,25
1719466713483,31.4,25
1719466717789,31.5,25
1719466717789,31.5,25
1719466717789,31.5,25
1719466717789,31.5,25
1719466717789,31.5,25
1719466717789,31.5,25
1719466717789,31.5,25
1719466717789,31.5,25
1719466717789,31.5,25
1719466717789,31.5,25
1719466717789,31.5,25
1719466734002,31.7,225
1719466734002,31.7,225
1719466736858,31.5,25
1719466736858,31.5,25
1719466736858,31.5,25
1719466736858,31.5,25
1719466736858,31.5,25
1719466736858,31.5,25
1719466743611,31.2,125
1719466743611,31.2,125
1719466745825,31.25,25
1719466745825,31.25,25
1719466745825,31.25,25
1719466745825,31.25,25
1719466745825,31.25,25
1719466745825,31.25,25
1719466753748,31.1,150
1719466753748,31.1,150
1719466753748,31.1,150
1719466757516,31.05,25
1719466757516,31.05,25
1719466757516,31.05,25
1719466757516,31.05,25
1719466757516,31.05,25
1719466765203,31.3,50
1719466765203,31.3,50
1719466765203,31.3,50
1719466769637,31.05,275
1719466769637,31.05,275
1719466769637,31.05,275
1719466769637,31.05,275
1719466773548,31.15,125
1719466773548,31.15,125
1719466773548,31.15,125
1719466773548,31.15,125
1719466777846,31.2,25
1719466777846,31.2,25
1719466777846,31.2,25
1719466777846,31.2,25
1719466777846,31.2,25
1719466777846,31.2,25
1719466777846,31.2,25
1719466777846,31.2,25
1719466789343,31.1,25
1719466789343,31.1,25
1719466789343,31.1,25
1719466789343,31.1,25
1719466789343,31.1,25
1719466796781,31.05,25
1719466796781,31.05,25
1719466797871,30.75,25
1719466797871,30.75,25
1719466797871,30.75,25
1719466797871,30.75,25
1719466801513,30.4,25
1719466801513,30.4,25
1719466802637,30.7,25
1719466802637,30.7,25
1719466802637,30.7,25
1719466802637,30.7,25
1719466802637,30.7,25
1719466802637,30.7,25
1719466802637,30.7,25
1719466802637,30.7,25
1719466802637,30.7,25
1719466802637,30.7,25
1719466802637,30.7,25
1719466820148,30.5,25
1719466820148,30.5,25
1719466820148,30.5,25
1719466824746,30.45,25
1719466824746,30.45,25
1719466825633,30.8,25
1719466826288,30.6,300
1719466826288,30.6,300
1719466826288,30.6,300
1719466826288,30.6,300
1719466826288,30.6,300
1719466826288,30.6,300
1719466826288,30.6,300
1719466826288,30.6,300
1719466826288,30.6,300
1719466826288,30.6,300
1719466826288,30.6,300
1719466840169,30.4,25
1719466840647,30.45,25
1719466840647,30.45,25
1719466842519,30.15,250
1719466842519,30.15,250
1719466842519,30.15,250
1719466845739,29.9,25
1719466846069,29.95,25
1719466846069,29.95,25
1719466847305,30.05,25
1719466847305,30.05,25
1719466847305,30.05,25
1719466850947,30.05,25
1719466851226,30.15,25
1719466851226,30.15,25
1719466851226,30.15,25
1719466854127,30.1,200
1719466854741,29.65,150
1719466854741,29.65,150
1719466854741,29.65,150
1719466857286,29.3,25
1719466858024,29.4,400
1719466858024,29.4,400
1719466860143,29.3,50
1719466860143,29.3,50
1719466860758,29.3,75
1719466861978,29.4,125
1719466861978,29.4,125
1719466862603,29.55,100
1719466862603,29.55,100
1719466862603,29.55,100
1719466862603,29.55,100
1719466862603,29.55,100
1719466862603,29.55,100
1719466871125,29.3,25
1719466871125,29.3,25
1719466871125,29.3,25
1719466871125,29.3,25
1719466871125,29.3,25
1719466877961,29.15,25
1719466877961,29.15,25
1719466877961,29.15,25
1719466877961,29.15,25
1719466877961,29.15,25
1719466877961,29.15,25
1719466877961,29.15,25
1719466877961,29.15,25
1719466877961,29.15,25
1719466877961,29.15,25
1719466877961,29.15,25
1719466877961,29.15,25
1719466877961,29.15,25
1719466877961,29.15,25
1719466877961,29.15,25
1719466899477,29.2,75
1719466899477,29.2,75
1719466899477,29.2,75
1719466899477,29.2,75
1719466899477,29.2,75
1719466905804,29.55,25
1719466905804,29.55,25
1719466905804,29.55,25
1719466905804,29.55,25
1719466905804,29.55,25
1719466905804,29.55,25
1719466905804,29.55,25
1719466905804,29.55,25
1719466905804,29.55,25
1719466905804,29.55,25
1719466905804,29.55,25
1719466905804,29.55,25
1719466905804,29.55,25
1719466905804,29.55,25
1719466905804,29.55,25
1719466930498,28.9,150
1719466930498,28.9,150
1719466932519,29.0,25
1719466932519,29.0,25
1719466934421,28.7,300
1719466934421,28.7,300
1719466934421,28.7,300
1719466937679,28.8,25
1719466937679,28.8,25
1719466937679,28.8,25
1719466937679,28.8,25
1719466937679,28.8,25
1719466937679,28.8,25
1719466937679,28.8,25
1719466948106,28.7,100
1719466948106,28.7,100
1719466948106,28.7,100
1719466948106,28.7,100
1719466948106,28.7,100
1719466948106,28.7,100
1719466948106,28.7,100
1719466948106,28.7,100
1719466948106,28.7,100
1719466960927,28.85,25
1719466960927,28.85,25
1719466960927,28.85,25
1719466960927,28.85,25
1719466960927,28.85,25
1719466960927,28.85,25
1719466960927,28.85,25
1719466970941,28.0,25
1719466971851,28.1,25
1719466971851,28.1,25
1719466972764,28.1,25
1719466973088,28.1,25
1719466973088,28.1,25
1719466974676,28.0,25
1719466974676,28.0,25
1719466976416,27.8,25
1719466976416,27.8,25
1719466977224,28.0,25
1719466978351,28.2,25
1719466978351,28.2,25
1719466978351,28.2,25
1719466978351,28.2,25
1719466978351,28.2,25
1719466982793,27.4,200
1719466982793,27.4,200
1719466982793,27.4,200
1719466986407,27.6,150
1719466986407,27.6,150
1719466986407,27.6,150
1719466989554,27.45,250
1719466989554,27.45,250
1719466989554,27.45,250
1719466989554,27.45,250
1719466994617,27.7,25
1719466994617,27.7,25
1719466994617,27.7,25
1719466997509,27.5,75
1719466997509,27.5,75
1719466997509,27.5,75
1719467000776,27.4,75
1719467000776,27.4,75
1719467000776,27.4,75
1719467005015,27.65,25
1719467005015,27.65,25
1719467006513,27.4,25
1719467006513,27.4,25
1719467008651,27.4,25
1719467008651,27.4,25
1719467008651,27.4,25
1719467008651,27.4,25
1719467008651,27.4,25
1719467008651,27.4,25
1719467014865,27.75,125
1719467015291,27.8,25
1719467015291,27.8,25
1719467016071,27.65,25
1719467016071,27.65,25
1719467018923,27.2,100
1719467018923,27.2,100
1719467020775,27.2,25
1719467021836,27.3,25
1719467021836,27.3,25
1719467021836,27.3,25
1719467024703,27.3,50
1719467024703,27.3,50
1719467024703,27.3,50
1719467024703,27.3,50
1719467024703,27.3,50
1719467031236,27.2,150
1719467031236,27.2,150
1719467031236,27.2,150
1719467034122,27.2,25
1719467034496,27.25,25
1719467034496,27.25,25
1719467036812,27.1,100
1719467036812,27.1,100
1719467036812,27.1,100
1719467040002,27.2,75
1719467040002,27.2,75
1719467040002,27.2,75
1719467041186,27.2,50
1719467041186,27.2,50
1719467041186,27.2,50
1719467041186,27.2,50
1719467041186,27.2,50
1719467047779,27.35,50
1719467047779,27.35,50
1719467047779,27.35,50
1719467047779,27.35,50
1719467052638,27.65,25
1719467052638,27.65,25
1719467052638,27.65,25
1719467052638,27.65,25
1719467058424,27.8,50
1719467058424,27.8,50
1719467058424,27.8,50
1719467061819,27.65,25
1719467061863,27.65,25
1719467061863,27.65,25
1719467061863,27.65,25
1719467064385,27.85,25
1719467065226,27.7,25
1719467065607,27.65,25
1719467066264,27.65,25
1719467067255,27.7,25
1719467067255,27.7,25
1719467067255,27.7,25
1719467067255,27.7,25
1719467067255,27.7,25
1719467072586,27.45,25
1719467072586,27.45,25
1719467074682,27.55,50
1719467074682,27.55,50
1719467076165,27.55,175
1719467076165,27.55,175
1719467076165,27.55,175
1719467076165,27.55,175
1719467082106,27.8,100
1719467082106,27.8,100
1719467082106,27.8,100
1719467085383,27.6,100
1719467085383,27.6,100
1719467086109,27.55,25
1719467087485,27.6,25
1719467088344,27.6,25
1719467088775,27.6,25
1719467088775,27.6,25
1719467089889,27.75,50
1719467089889,27.75,50
1719467089889,27.75,50
1719467089889,27.75,50
1719467089889,27.75,50
1719467095923,27.75,25
1719467095923,27.75,25
1719467095923,27.75,25
1719467095923,27.75,25
