time,price,volume
1719461501864,439.9,200
1719461501864,439.9,200
1719461501864,439.9,200
1719461501864,439.9,200
1719461507986,442.0,25
1719461507986,442.0,25
1719461507986,442.0,25
1719461511764,441.2,25
1719461511764,441.2,25
1719461513137,440.4,125
1719461513137,440.4,125
1719461513137,440.4,125
1719461516177,443.0,25
1719461516792,444.0,175
1719461516792,444.0,175
1719461518791,440.4,25
1719461518791,440.4,25
1719461519920,441.0,25
1719461519920,441.0,25
1719461519920,441.0,25
1719461521728,439.65,50
1719461521851,440.0,100
1719461521851,440.0,100
1719461524420,436.95,50
1719461524420,436.95,50
1719461524420,436.95,50
1719461525749,438.8,50
1719461525749,438.8,50
1719461527322,435.0,100
1719461527516,435.0,150
1719461527516,435.0,150
1719461527516,435.0,150
1719461532532,436.0,25
1719461532752,436.0,25
1719461532752,436.0,25
1719461532752,436.0,25
1719461532752,436.0,25
1719461532752,436.0,25
1719461538357,435.55,25
1719461538467,435.55,25
1719461538467,435.55,25
1719461540083,435.0,25
1719461540523,435.4,50
1719461540523,435.4,50
1719461541380,434.65,25
1719461541380,434.65,25
1719461543134,434.0,25
1719461544260,432.4,25
1719461544260,432.4,25
1719461545706,431.65,50
1719461545706,431.65,50
1719461545706,431.65,50
1719461545706,431.65,50
1719461545706,431.65,50
1719461550893,434.35,25
1719461550893,434.35,25
1719461550893,434.35,25
1719461550893,434.35,25
1719461550893,434.35,25
1719461556873,434.0,25
1719461556873,434.0,25
1719461556873,434.0,25
1719461556873,434.0,25
1719461556873,434.0,25
1719461563997,432.7,50
1719461563997,432.7,50
1719461563997,432.7,50
1719461566262,431.6,25
1719461567489,431.7,25
1719461567489,431.7,25
1719461570052,431.05,50
1719461570500,432.5,25
1719461570500,432.5,25
1719461570500,432.5,25
1719461570500,432.5,25
1719461570500,432.5,25
1719461570500,432.5,25
1719461570500,432.5,25
1719461570500,432.5,25
1719461580584,435.7,50
1719461580584,435.7,50
1719461580584,435.7,50
1719461580584,435.7,50
1719461580584,435.7,50
1719461580584,435.7,50
1719461588147,432.5,100
1719461588447,432.95,100
1719461588447,432.95,100
1719461588447,432.95,100
1719461588447,432.95,100
1719461588447,432.95,100
1719461595429,434.5,25
1719461595429,434.5,25
1719461595429,434.5,25
1719461597974,435.0,25
1719461599120,434.15,25
1719461599120,434.15,25
1719461599120,434.15,25
1719461599120,434.15,25
1719461599120,434.15,25
1719461599120,434.15,25
1719461599120,434.15,25
1719461599120,434.15,25
1719461599120,434.15,25
1719461599120,434.15,25
1719461599120,434.15,25
1719461599120,434.15,25
1719461599120,434.15,25
1719461599120,434.15,25
1719461599120,434.15,25
1719461599120,434.15,25
1719461599120,434.15,25
1719461599120,434.15,25
1719461625150,438.0,25
1719461625150,438.0,25
1719461627339,436.7,25
1719461627862,437.4,75
1719461629025,438.0,25
1719461629135,438.0,200
1719461629135,438.0,200
1719461629135,438.0,200
1719461632876,438.45,25
1719461632876,438.45,25
1719461633539,438.8,25
1719461633539,438.8,25
1719461634872,437.85,50
1719461634872,437.85,50
1719461634872,437.85,50
1719461634872,437.85,50
1719461634872,437.85,50
1719461640668,438.3,50
1719461640668,438.3,50
1719461640668,438.3,50
1719461640668,438.3,50
1719461640668,438.3,50
1719461640668,438.3,50
1719461640668,438.3,50
1719461640668,438.3,50
1719461652926,439.0,25
1719461652926,439.0,25
1719461654261,438.75,25
1719461654261,438.75,25
1719461654261,438.75,25
1719461657199,439.3,25
1719461657199,439.3,25
1719461657199,439.3,25
1719461657199,439.3,25
1719461657199,439.3,25
1719461663778,434.05,50
1719461664284,435.65,50
1719461664284,435.65,50
1719461664284,435.65,50
1719461664284,435.65,50
1719461664284,435.65,50
1719461664284,435.65,50
1719461664284,435.65,50
1719461664284,435.65,50
1719461664284,435.65,50
1719461664284,435.65,50
1719461664284,435.65,50
1719461664284,435.65,50
1719461679805,436.3,25
1719461679805,436.3,25
1719461679805,436.3,25
1719461679805,436.3,25
1719461679805,436.3,25
1719461679805,436.3,25
1719461688221,437.0,50
1719461688221,437.0,50
1719461688221,437.0,50
1719461688221,437.0,50
1719461688221,437.0,50
1719461695050,437.95,25
1719461695050,437.95,25
1719461695050,437.95,25
1719461695050,437.95,25
1719461695050,437.95,25
1719461695050,437.95,25
1719461695050,437.95,25
1719461695050,437.95,25
1719461706379,436.55,25
1719461707835,435.1,100
1719461709609,435.8,75
1719461709609,435.8,75
1719461709609,435.8,75
1719461709609,435.8,75
1719461709609,435.8,75
1719461709609,435.8,75
1719461709609,435.8,75
1719461719078,436.7,25
1719461719078,436.7,25
1719461719758,439.95,25
1719461719962,439.0,25
1719461719962,439.0,25
1719461723355,438.5,25
1719461745573,444.5,50
1719461749306,446.55,50
1719461749306,446.55,50
1719461751319,447.6,50
1719461751319,447.6,50
1719461752381,448.0,25
1719461753118,448.95,25
1719461754044,447.15,25
1719461754044,447.15,25
1719461754873,446.0,25
1719461756166,446.45,50
1719461756497,446.5,25
1719461756497,446.5,25
1719461756497,446.5,25
1719461756497,446.5,25
1719461756497,446.5,25
1719461756497,446.5,25
1719461762106,448.0,25
1719461762106,448.0,25
1719461763848,446.75,25
1719461764274,449.0,50
1719461764274,449.0,50
1719461764274,449.0,50
1719461764274,449.0,50
1719461769527,448.5,25
1719461769527,448.5,25
1719461769527,448.5,25
1719461772130,446.5,25
1719461772130,446.5,25
1719461772130,446.5,25
1719461772130,446.5,25
1719461777965,446.65,75
1719461777965,446.65,75
1719461778224,445.55,25
1719461778224,445.55,25
1719461778224,445.55,25
1719461781828,445.6,25
1719461782839,447.95,25
1719461782839,447.95,25
1719461784151,448.35,225
1719461784151,448.35,225
1719461786310,449.3,50
1719461786705,450.0,100
1719461787394,451.0,50
1719461787394,451.0,50
1719461788736,452.35,50
1719461789532,452.3,25
1719461789863,451.85,25
1719461790348,451.9,25
1719461790459,452.7,25
1719461790459,452.7,25
1719461791575,450.2,25
1719461791575,450.2,25
1719461791575,450.2,25
1719461795281,450.0,25
1719461795445,449.75,150
1719461796277,450.9,50
1719461796277,450.9,50
1719461796277,450.9,50
1719461796277,450.9,50
1719461796277,450.9,50
1719461801954,450.9,25
1719461802467,450.9,150
1719461802467,450.9,150
1719461803808,452.0,25
1719461803808,452.0,25
1719461806271,450.9,50
1719461806271,450.9,50
1719461806271,450.9,50
1719461810052,450.0,200
1719461810052,450.0,200
1719461810052,450.0,200
1719461814171,451.5,150
1719461814171,451.5,150
1719461815012,450.0,50
1719461816119,450.15,25
1719461816119,450.15,25
1719461816529,450.45,50
1719461816997,449.0,25
1719461816997,449.0,25
1719461816997,449.0,25
1719461816997,449.0,25
1719461816997,449.0,25
1719461816997,449.0,25
1719461816997,449.0,25
1719461816997,449.0,25
1719461816997,449.0,25
1719461816997,449.0,25
1719461829953,446.75,25
1719461830497,445.3,100
1719461830497,445.3,100
1719461830497,445.3,100
1719461830497,445.3,100
1719461834934,448.25,125
1719461835999,449.95,100
1719461835999,449.95,100
1719461835999,449.95,100
1719461838108,448.55,25
1719461838108,448.55,25
1719461838108,448.55,25
1719461841441,446.95,25
1719461841924,446.6,25
1719461841924,446.6,25
1719461841924,446.6,25
1719461841924,446.6,25
1719461841924,446.6,25
1719461841924,446.6,25
1719461841924,446.6,25
1719461841924,446.6,25
1719461851635,446.7,25
1719461851635,446.7,25
1719461851635,446.7,25
1719461855793,446.65,50
1719461855793,446.65,50
1719461855793,446.65,50
1719461858289,446.6,50
1719461858289,446.6,50
1719461860024,445.95,25
1719461860024,445.95,25
1719461861668,447.05,50
1719461861668,447.05,50
1719461861668,447.05,50
1719461861668,447.05,50
1719461866481,448.0,25
1719461867316,446.6,25
1719461867316,446.6,25
1719461867316,446.6,25
1719461867316,446.6,25
1719461871885,446.0,50
1719461871885,446.0,50
1719461873850,445.0,50
1719461873850,445.0,50
1719461873850,445.0,50
1719461873850,445.0,50
1719461877458,444.25,50
1719461877458,444.25,50
1719461877458,444.25,50
1719461877458,444.25,50
1719461881078,443.25,25
1719461881078,443.25,25
1719461882780,443.0,200
1719461882780,443.0,200
1719461882780,443.0,200
1719461882780,443.0,200
1719461882780,443.0,200
1719461889326,444.1,25
1719461889326,444.1,25
1719461891037,444.05,75
1719461891037,444.05,75
1719461891037,444.05,75
1719461894285,442.0,50
1719461894285,442.0,50
1719461896311,442.0,25
1719461896311,442.0,25
1719461896311,442.0,25
1719461896311,442.0,25
1719461901504,443.0,100
1719461901504,443.0,100
1719461901504,443.0,100
1719461901504,443.0,100
1719461904979,443.15,50
1719461904979,443.15,50
1719461904979,443.15,50
1719461908526,443.45,25
1719461908526,443.45,25
1719461908526,443.45,25
1719461910656,442.0,50
1719461910656,442.0,50
1719461912465,441.8,25
1719461912465,441.8,25
1719461913741,441.45,25
1719461913741,441.45,25
1719461913741,441.45,25
1719461916966,439.2,25
1719461916966,439.2,25
1719461916966,439.2,25
1719461921398,441.9,25
1719461921398,441.9,25
1719461921633,443.15,25
1719461922992,441.75,100
1719461923985,441.95,100
1719461923985,441.95,100
1719461925124,442.0,125
1719461925124,442.0,125
1719461925124,442.0,125
1719461925124,442.0,125
1719461925124,442.0,125
1719461925124,442.0,125
1719461925124,442.0,125
1719461925124,442.0,125
1719461925124,442.0,125
1719461939278,442.35,25
1719461939278,442.35,25
1719461939278,442.35,25
1719461939278,442.35,25
1719461939278,442.35,25
1719461939278,442.35,25
1719461939278,442.35,25
1719461948082,445.0,25
1719461948082,445.0,25
1719461948082,445.0,25
1719461948082,445.0,25
1719461948082,445.0,25
1719461954279,445.4,25
1719461954279,445.4,25
1719461955870,445.75,25
1719461955870,445.75,25
1719461955870,445.75,25
1719461959125,448.0,25
1719461959125,448.0,25
1719461960038,448.0,25
1719461960686,450.0,25
1719461961524,451.0,25
1719461961885,451.5,175
1719461962909,452.05,50
1719461963152,453.0,100
1719461963277,452.5,25
1719461963277,452.5,25
1719461966104,451.7,25
1719461966104,451.7,25
1719461966104,451.7,25
1719461966104,451.7,25
1719461966104,451.7,25
1719461966104,451.7,25
1719461973167,451.7,25
1719461973167,451.7,25
1719461974045,450.3,100
1719461974045,450.3,100
1719461974045,450.3,100
1719461974045,450.3,100
1719461978917,450.0,100
1719461978917,450.0,100
1719461980177,450.3,25
1719461980431,451.45,25
1719461980431,451.45,25
1719461982897,451.85,50
1719461982897,451.85,50
1719461984270,454.0,25
1719461984957,451.5,75
1719461984957,451.5,75
1719461984957,451.5,75
1719461984957,451.5,75
1719461984957,451.5,75
1719461984957,451.5,75
1719461995024,453.0,25
1719461995024,453.0,25
1719461996789,451.5,200
1719461997379,451.8,25
1719461997379,451.8,25
1719461997379,451.8,25
1719461997379,451.8,25
1719461997379,451.8,25
1719462001764,453.0,25
1719462001764,453.0,25
1719462001764,453.0,25
1719462005487,452.65,25
1719462005487,452.65,25
1719462007062,455.0,25
1719462007062,455.0,25
1719462008496,456.0,25
1719462008496,456.0,25
1719462008496,456.0,25
1719462008496,456.0,25
1719462008496,456.0,25
1719462008496,456.0,25
1719462008496,456.0,25
1719462008496,456.0,25
1719462008496,456.0,25
1719462021784,455.0,25
1719462023261,452.65,50
1719462023261,452.65,50
1719462023261,452.65,50
1719462023261,452.65,50
1719462029009,452.0,650
1719462029009,452.0,650
1719462029009,452.0,650
1719462029009,452.0,650
1719462032060,453.2,25
1719462032060,453.2,25
1719462032060,453.2,25
1719462035180,452.65,25
1719462035180,452.65,25
1719462035180,452.65,25
1719462035180,452.65,25
1719462035180,452.65,25
1719462035180,452.65,25
1719462043552,452.15,25
1719462043552,452.15,25
1719462043552,452.15,25
1719462043552,452.15,25
1719462048474,452.45,25
1719462048474,452.45,25
1719462050866,454.9,50
1719462050866,454.9,50
1719462052559,455.0,25
1719462052559,455.0,25
1719462053562,455.45,300
1719462054204,454.7,25
1719462054204,454.7,25
1719462056267,453.85,25
1719462056267,453.85,25
1719462057950,452.65,25
1719462057950,452.65,25
1719462058706,452.0,50
1719462059420,452.75,50
1719462059420,452.75,50
1719462059420,452.75,50
1719462059420,452.75,50
1719462063033,453.6,25
1719462063033,453.6,25
1719462064736,452.0,25
1719462064736,452.0,25
1719462064736,452.0,25
1719462064736,452.0,25
1719462064736,452.0,25
1719462064736,452.0,25
1719462064736,452.0,25
1719462064736,452.0,25
1719462064736,452.0,25
1719462064736,452.0,25
1719462064736,452.0,25
1719462081211,453.0,25
1719462081211,453.0,25
1719462082264,451.5,25
1719462082741,450.0,25
1719462082741,450.0,25
1719462082741,450.0,25
1719462082741,450.0,25
1719462089299,450.0,175
1719462089299,450.0,175
1719462089299,450.0,175
1719462090532,450.0,275
1719462090532,450.0,275
1719462092201,450.0,25
1719462092713,450.0,100
1719462092713,450.0,100
1719462092713,450.0,100
1719462095995,449.7,25
1719462095995,449.7,25
1719462095995,449.7,25
1719462095995,449.7,25
1719462101088,448.2,50
1719462101088,448.2,50
1719462102437,449.0,50
1719462102437,449.0,50
1719462102437,449.0,50
1719462127800,446.55,25
1719462127800,446.55,25
1719462128801,447.1,50
1719462128801,447.1,50
1719462132706,446.55,25
1719462132986,446.0,25
1719462133352,446.0,25
1719462133952,447.2,1000
1719462134005,447.0,25
1719462134005,447.0,25
1719462134005,447.0,25
1719462134005,447.0,25
1719462140115,445.0,25
1719462140115,445.0,25
1719462140115,445.0,25
1719462140115,445.0,25
1719462140115,445.0,25
1719462140115,445.0,25
1719462148875,448.15,50
1719462148875,448.15,50
1719462148875,448.15,50
1719462148875,448.15,50
1719462148875,448.15,50
1719462148875,448.15,50
1719462148875,448.15,50
1719462148875,448.15,50
1719462148875,448.15,50
1719462148875,448.15,50
1719462163196,445.0,25
1719462163196,445.0,25
1719462164159,444.55,50
1719462164159,444.55,50
1719462164159,444.55,50
1719462167695,444.7,25
1719462167695,444.7,25
1719462168686,443.8,25
1719462168686,443.8,25
1719462168686,443.8,25
1719462168686,443.8,25
1719462168686,443.8,25
1719462168686,443.8,25
1719462177654,443.2,100
1719462177654,443.2,100
1719462177654,443.2,100
1719462177654,443.2,100
1719462180925,443.0,25
1719462180925,443.0,25
1719462180925,443.0,25
1719462183649,443.2,100
1719462183649,443.2,100
1719462185349,442.0,50
1719462185847,443.3,125
1719462185847,443.3,125
1719462187244,442.0,25
1719462187244,442.0,25
1719462187244,442.0,25
1719462187244,442.0,25
1719462187244,442.0,25
1719462193965,441.8,25
1719462193965,441.8,25
1719462193965,441.8,25
1719462193965,441.8,25
1719462193965,441.8,25
1719462193965,441.8,25
1719462202963,443.95,25
1719462202963,443.95,25
1719462202963,443.95,25
1719462202963,443.95,25
1719462202963,443.95,25
1719462202963,443.95,25
1719462202963,443.95,25
1719462202963,443.95,25
1719462202963,443.95,25
1719462214417,443.95,150
1719462214417,443.95,150
1719462214417,443.95,150
1719462214417,443.95,150
1719462214417,443.95,150
1719462214417,443.95,150
1719462214417,443.95,150
1719462225075,443.95,25
1719462225075,443.95,25
1719462227251,443.45,50
1719462227251,443.45,50
1719462229742,443.0,100
1719462229742,443.0,100
1719462229742,443.0,100
1719462232379,443.45,50
1719462232379,443.45,50
1719462232379,443.45,50
1719462236225,443.0,25
1719462236225,443.0,25
1719462236225,443.0,25
1719462239753,443.45,25
1719462240219,443.0,100
1719462240219,443.0,100
1719462240219,443.0,100
1719462240219,443.0,100
1719462240219,443.0,100
1719462246699,445.0,25
1719462246699,445.0,25
1719462246699,445.0,25
1719462249980,445.05,25
1719462250106,445.05,25
1719462250106,445.05,25
1719462250106,445.05,25
1719462250106,445.05,25
1719462250106,445.05,25
1719462250106,445.05,25
1719462257273,445.3,50
1719462257273,445.3,50
1719462257273,445.3,50
1719462261138,445.2,50
1719462261138,445.2,50
1719462261138,445.2,50
1719462261138,445.2,50
1719462266723,446.0,25
1719462267379,446.0,75
1719462267379,446.0,75
1719462267379,446.0,75
1719462267379,446.0,75
1719462267379,446.0,75
1719462267379,446.0,75
1719462267379,446.0,75
1719462267379,446.0,75
1719462267379,446.0,75
1719462281261,448.8,325
1719462281261,448.8,325
1719462282728,449.2,125
1719462283049,449.1,25
1719462283049,449.1,25
1719462284383,448.65,75
1719462284383,448.65,75
1719462284383,448.65,75
1719462288257,448.0,25
1719462288257,448.0,25
1719462288257,448.0,25
1719462290775,449.8,100
1719462290775,449.8,100
1719462290775,449.8,100
1719462294200,450.0,25
1719462294200,450.0,25
1719462294200,450.0,25
1719462294200,450.0,25
1719462294200,450.0,25
1719462294200,450.0,25
1719462303259,450.55,75
1719462303259,450.55,75
1719462303259,450.55,75
1719462305666,450.15,125
1719462305666,450.15,125
1719462306942,450.1,100
1719462306942,450.1,100
1719462309473,450.0,200
1719462309473,450.0,200
1719462311143,450.6,175
1719462311143,450.6,175
1719462312054,452.0,25
1719462312543,452.6,25
1719462312543,452.6,25
1719462312543,452.6,25
1719462316820,451.55,25
1719462317680,452.7,25
1719462317680,452.7,25
1719462319068,453.0,150
1719462319068,453.0,150
1719462321622,451.95,25
1719462321622,451.95,25
1719462322673,451.85,25
1719462322996,451.7,25
1719462322996,451.7,25
1719462325138,452.2,25
1719462325138,452.2,25
1719462327492,452.0,25
1719462328068,452.85,25
1719462328645,453.1,25
1719462328886,453.5,25
1719462328886,453.5,25
1719462328886,453.5,25
1719462330622,453.4,25
1719462330622,453.4,25
1719462332632,452.9,175
1719462333456,453.45,50
1719462333456,453.45,50
1719462333456,453.45,50
1719462333456,453.45,50
1719462333456,453.45,50
1719462333456,453.45,50
1719462333456,453.45,50
1719462333456,453.45,50
1719462333456,453.45,50
1719462333456,453.45,50
1719462333456,453.45,50
1719462349713,453.4,25
1719462349713,453.4,25
1719462349713,453.4,25
1719462349713,453.4,25
1719462349713,453.4,25
1719462356092,451.2,25
1719462356092,451.2,25
1719462356092,451.2,25
1719462356092,451.2,25
1719462356092,451.2,25
1719462356092,451.2,25
1719462365221,449.55,25
1719462365397,449.5,25
1719462365397,449.5,25
1719462365397,449.5,25
1719462368169,448.9,25
1719462368169,448.9,25
1719462368722,449.15,25
1719462370105,449.25,25
1719462370105,449.25,25
1719462371143,450.15,25
1719462371143,450.15,25
1719462372858,451.5,25
1719462372858,451.5,25
1719462374242,452.4,50
1719462374242,452.4,50
1719462374242,452.4,50
1719462374242,452.4,50
1719462374242,452.4,50
1719462374242,452.4,50
1719462382431,448.6,25
1719462382431,448.6,25
1719462384940,449.8,25
1719462384940,449.8,25
1719462384940,449.8,25
1719462387633,450.15,50
1719462387633,450.15,50
1719462390410,448.4,25
1719462390410,448.4,25
1719462392901,449.2,25
1719462392901,449.2,25
1719462394065,450.15,25
1719462394065,450.15,25
1719462397054,452.0,25
1719462397054,452.0,25
1719462397054,452.0,25
1719462399856,454.9,75
1719462400344,455.1,25
1719462400835,458.15,75
1719462401988,459.05,175
1719462402301,459.0,25
1719462402301,459.0,25
1719462402301,459.0,25
1719462406033,458.25,25
1719462406033,458.25,25
1719462407485,460.0,25
1719462407774,460.0,200
1719462408422,462.0,25
1719462408422,462.0,25
1719462409814,461.35,25
1719462409814,461.35,25
1719462409814,461.35,25
1719462413466,462.6,25
1719462413466,462.6,25
1719462415326,465.25,25
1719462415359,466.0,50
1719462415983,467.05,25
1719462417024,468.95,100
1719462417024,468.95,100
1719462417385,468.05,25
1719462417385,468.05,25
1719462419101,469.0,25
1719462419101,469.0,25
1719462420408,470.0,25
1719462420408,470.0,25
1719462421196,472.0,100
1719462422026,473.7,75
1719462422530,474.9,100
1719462423498,475.0,25
1719462424818,473.9,25
1719462424818,473.9,25
1719462426853,473.9,25
1719462426853,473.9,25
1719462427707,470.8,50
1719462428382,469.95,25
1719462428382,469.95,25
1719462429000,472.0,25
1719462430121,471.1,75
1719462430121,471.1,75
1719462431227,472.0,125
1719462431227,472.0,125
1719462433484,471.9,25
1719462433484,471.9,25
1719462434039,470.95,25
1719462434399,472.0,150
1719462434399,472.0,150
1719462434399,472.0,150
1719462437370,473.8,25
1719462438226,473.3,25
1719462438638,473.65,25
1719462438638,473.65,25
1719462440285,471.9,25
1719462440285,471.9,25
1719462441284,470.95,25
1719462441918,472.45,25
1719462442328,472.35,25
1719462442471,471.8,25
1719462442471,471.8,25
1719462442471,471.8,25
1719462445718,473.15,25
1719462446556,475.0,25
1719462446700,474.45,25
1719462446700,474.45,25
1719462446700,474.45,25
1719462446700,474.45,25
1719462446700,474.45,25
1719462446700,474.45,25
1719462446700,474.45,25
1719462446700,474.45,25
1719462456506,473.25,150
1719462456506,473.25,150
1719462458494,472.25,50
1719462458494,472.25,50
1719462459029,471.15,25
1719462460021,472.0,50
1719462460021,472.0,50
1719462461533,471.45,125
1719462461533,471.45,125
1719462462809,474.0,75
1719462463651,475.0,25
1719462463651,475.0,25
1719462464232,474.55,25
1719462465121,474.3,75
1719462465121,474.3,75
1719462466126,475.2,25
1719462467061,477.0,25
1719462467061,477.0,25
1719462467061,477.0,25
1719462470104,480.0,25
1719462470104,480.0,25
1719462471309,479.5,25
1719462472130,482.75,25
1719462472130,482.75,25
1719462473209,484.15,50
1719462473481,483.5,25
1719462474303,481.75,25
1719462475360,480.95,25
1719462476179,482.35,25
1719462477167,485.0,25
1719462477588,484.2,25
1719462477751,484.0,25
1719462478615,482.5,25
1719462478615,482.5,25
1719462480024,483.1,50
1719462480024,483.1,50
1719462481090,485.7,25
1719462481806,485.5,25
1719462482569,488.0,25
1719462483281,489.6,25
1719462483820,487.5,25
1719462484060,487.95,25
1719462484935,489.65,25
1719462484935,489.65,25
1719462486080,486.75,25
1719462486080,486.75,25
1719462487403,488.15,50
1719462488187,487.2,150
1719462488187,487.2,150
1719462489139,487.5,25
1719462490183,485.4,25
1719462490183,485.4,25
1719462491728,486.9,50
1719462492098,487.25,25
1719462493284,487.4,25
1719462493616,484.95,100
1719462493616,484.95,100
1719462495562,485.65,25
1719462495716,486.65,25
1719462496543,485.7,25
1719462497260,485.8,25
1719462498557,484.4,25
1719462498812,484.6,25
1719462498812,484.6,25
1719462498812,484.6,25
1719462500900,484.3,125
1719462501091,485.35,25
1719462501091,485.35,25
1719462502285,484.55,25
1719462502758,484.55,25
1719462502758,484.55,25
1719462504542,485.5,25
1719462505455,485.95,25
1719462506269,486.8,25
1719462506650,487.5,25
1719462507764,487.15,25
1719462507764,487.15,25
1719462507764,487.15,25
1719462507764,487.15,25
1719462507764,487.15,25
1719462513254,489.25,25
1719462513254,489.25,25
1719462514341,488.7,25
1719462514634,488.9,25
1719462514634,488.9,25
1719462517206,488.65,25
1719462517206,488.65,25
1719462517846,488.0,25
1719462517846,488.0,25
1719462517846,488.0,25
1719462520810,488.1,25
1719462521887,486.05,50
1719462522264,485.0,50
1719462522264,485.0,50
1719462522519,484.75,25
1719462524004,485.0,25
1719462524133,485.6,25
1719462525131,485.15,25
1719462525131,485.15,25
1719462526102,484.1,25
1719462526102,484.1,25
1719462528473,484.0,25
1719462528473,484.0,25
1719462528473,484.0,25
1719462530945,483.25,75
1719462531075,484.5,25
1719462531075,484.5,25
1719462533312,483.95,25
1719462533971,484.5,25
1719462533971,484.5,25
1719462535244,484.75,25
1719462535244,484.75,25
1719462535244,484.75,25
1719462535244,484.75,25
1719462539184,486.65,25
1719462540173,486.75,25
1719462540173,486.75,25
1719462540173,486.75,25
1719462542009,486.75,25
1719462542009,486.75,25
1719462542682,487.0,25
1719462543661,486.55,50
1719462543661,486.55,50
1719462543661,486.55,50
1719462545745,486.75,25
1719462545745,486.75,25
1719462545745,486.75,25
1719462549851,486.35,25
1719462549851,486.35,25
1719462549851,486.35,25
1719462553599,487.0,25
1719462553599,487.0,25
1719462554272,487.75,50
1719462555259,488.5,25
1719462555259,488.5,25
1719462556869,488.65,25
1719462557310,489.75,25
1719462557310,489.75,25
1719462557310,489.75,25
1719462559174,489.65,25
1719462560157,489.4,75
1719462560157,489.4,75
1719462561160,488.65,25
1719462561856,488.65,50
1719462561856,488.65,50
1719462563911,488.65,25
1719462563911,488.65,25
1719462564874,488.0,50
1719462564874,488.0,50
1719462564874,488.0,50
1719462564874,488.0,50
1719462570236,488.75,25
1719462570236,488.75,25
1719462570236,488.75,25
1719462570236,488.75,25
1719462571775,490.25,25
1719462573496,489.25,25
1719462573496,489.25,25
1719462573496,489.25,25
1719462576648,488.0,25
1719462576648,488.0,25
1719462576648,488.0,25
1719462579743,485.5,25
1719462579743,485.5,25
1719462579743,485.5,25
1719462582683,485.2,25
1719462582878,486.5,25
1719462583526,485.5,100
1719462583526,485.5,100
1719462583526,485.5,100
1719462583526,485.5,100
1719462583526,485.5,100
1719462590257,488.05,25
1719462590257,488.05,25
1719462591427,488.8,25
1719462591427,488.8,25
1719462591427,488.8,25
1719462591427,488.8,25
1719462591427,488.8,25
1719462598805,489.0,25
1719462598805,489.0,25
1719462600309,490.25,25
1719462600440,490.35,25
1719462600440,490.35,25
1719462601472,492.1,25
1719462602291,491.5,50
1719462603602,489.65,25
1719462603602,489.65,25
1719462604989,489.2,100
1719462604989,489.2,100
1719462604989,489.2,100
1719462608259,489.0,50
1719462608259,489.0,50
1719462609825,489.75,25
1719462609825,489.75,25
1719462612367,488.2,150
1719462613343,488.15,75
1719462613668,488.55,25
1719462614249,488.7,25
1719462614717,489.3,50
1719462615504,490.0,25
1719462616092,488.7,25
1719462616092,488.7,25
1719462617487,488.95,25
1719462618259,488.65,25
1719462618891,489.5,25
1719462618891,489.5,25
1719462618891,489.5,25
1719462618891,489.5,25
1719462623754,486.95,25
1719462623898,485.7,25
1719462623898,485.7,25
1719462625382,485.5,25
1719462625382,485.5,25
1719462625382,485.5,25
1719462625382,485.5,25
1719462629701,487.5,50
1719462629701,487.5,50
1719462629701,487.5,50
1719462629701,487.5,50
1719462632646,489.95,25
1719462633372,490.5,25
1719462633372,490.5,25
1719462633372,490.5,25
1719462635753,492.0,25
1719462635753,492.0,25
1719462635753,492.0,25
1719462635753,492.0,25
1719462640832,491.1,25
1719462640832,491.1,25
1719462640832,491.1,25
1719462640832,491.1,25
1719462640832,491.1,25
1719462648535,490.9,25
1719462649012,492.0,50
1719462649012,492.0,50
1719462649012,492.0,50
1719462651322,490.15,50
1719462652238,491.7,25
1719462652238,491.7,25
1719462654953,491.15,75
1719462654953,491.15,75
1719462656245,490.9,25
1719462656245,490.9,25
1719462658571,493.55,50
1719462658571,493.55,50
1719462659327,492.15,25
1719462660446,495.7,100
1719462660660,495.85,25
1719462660777,495.1,25
1719462661848,497.2,25
1719462661848,497.2,25
1719462693919,500.0,25
1719462693919,500.0,25
1719462693919,500.0,25
1719462693919,500.0,25
1719462711279,502.0,25
1719462712111,503.15,25
1719462712383,504.5,25
1719462712383,504.5,25
1719462714307,506.7,25
1719462714496,504.8,75
1719462714985,506.8,25
1719462714985,506.8,25
1719462714985,506.8,25
1719462717817,506.7,25
1719462718922,507.0,150
1719462718922,507.0,150
1719462718922,507.0,150
1719462720136,506.7,25
1719462720890,507.0,25
1719462721345,510.15,25
1719462721796,510.0,25
1719462723311,513.1,25
1719462724331,513.3,25
1719462724407,513.05,25
1719462725398,511.0,25
1719462725398,511.0,25
1719462726264,512.35,25
1719462726264,512.35,25
1719462728052,512.55,50
1719462728610,511.85,25
1719462728882,513.7,25
1719462728882,513.7,25
1719462728882,513.7,25
1719462728882,513.7,25
1719462734096,510.15,25
1719462734096,510.15,25
1719462735909,511.8,25
1719462735909,511.8,25
1719462735909,511.8,25
1719462735909,511.8,25
1719462739632,511.35,25
1719462739632,511.35,25
1719462742051,509.95,50
1719462742051,509.95,50
1719462742051,509.95,50
1719462742051,509.95,50
1719462746667,510.55,25
1719462746667,510.55,25
1719462746667,510.55,25
1719462746667,510.55,25
1719462746667,510.55,25
1719462751286,508.7,25
1719462752102,509.45,25
1719462752592,510.65,25
1719462752592,510.65,25
1719462752592,510.65,25
1719462756003,508.95,50
1719462756815,510.55,25
1719462757218,511.25,25
1719462757385,511.75,25
1719462757385,511.75,25
1719462758459,510.0,25
1719462758459,510.0,25
1719462761011,509.8,25
1719462761011,509.8,25
1719462761011,509.8,25
1719462763027,509.15,25
1719462763027,509.15,25
1719462764700,507.55,50
1719462765032,508.55,25
1719462765032,508.55,25
1719462765032,508.55,25
1719462765032,508.55,25
1719462770625,509.95,25
1719462770625,509.95,25
1719462771485,510.0,250
1719462771485,510.0,250
1719462773109,515.3,100
1719462773404,514.75,100
1719462773779,515.2,25
1719462773779,515.2,25
1719462775545,514.2,25
1719462775545,514.2,25
1719462777507,513.6,125
1719462777507,513.6,125
1719462777507,513.6,125
1719462777507,513.6,125
1719462777507,513.6,125
1719462781661,516.2,25
1719462781661,516.2,25
1719462783610,516.2,25
1719462784357,516.75,25
1719462784357,516.75,25
1719462787723,516.65,25
1719462787903,517.0,25
1719462788674,516.55,50
1719462788674,516.55,50
1719462790640,520.0,25
1719462790640,520.0,25
1719462791177,519.0,25
1719462791177,519.0,25
1719462793163,519.0,50
1719462793163,519.0,50
1719462793163,519.0,50
1719462796583,517.5,25
1719462796583,517.5,25
1719462798489,516.6,25
1719462798489,516.6,25
1719462798489,516.6,25
1719462798489,516.6,25
1719462798489,516.6,25
1719462798489,516.6,25
1719462806379,516.75,100
1719462806408,516.75,75
1719462806408,516.75,75
1719462808400,515.0,25
1719462808634,514.75,25
1719462808634,514.75,25
1719462808634,514.75,25
1719462812190,511.0,25
1719462812190,511.0,25
1719462813480,513.75,25
1719462813923,512.65,25
1719462813923,512.65,25
1719462813923,512.65,25
1719462817965,511.0,25
1719462818861,510.15,25
1719462819018,511.35,25
1719462819018,511.35,25
1719462820361,508.15,25
1719462820870,509.2,25
1719462821303,509.0,50
1719462821303,509.0,50
1719462821303,509.0,50
1719462821303,509.0,50
1719462821303,509.0,50
1719462821303,509.0,50
1719462830314,509.0,75
1719462830314,509.0,75
1719462830314,509.0,75
1719462833843,509.2,25
1719462833843,509.2,25
1719462833843,509.2,25
1719462836274,510.1,25
1719462836274,510.1,25
1719462839455,511.2,25
1719462840048,512.0,25
1719462840048,512.0,25
1719462840048,512.0,25
1719462841914,511.15,25
1719462841914,511.15,25
1719462841914,511.15,25
1719462845251,512.65,25
1719462845251,512.65,25
1719462845251,512.65,25
1719462848619,510.95,25
1719462848619,510.95,25
1719462848619,510.95,25
1719462848619,510.95,25
1719462848619,510.95,25
1719462848619,510.95,25
1719462856230,511.65,25
1719462856230,511.65,25
1719462856230,511.65,25
1719462861002,510.55,25
1719462861031,510.55,25
1719462861031,510.55,25
1719462861031,510.55,25
1719462861031,510.55,25
1719462861031,510.55,25
1719462861031,510.55,25
1719462861031,510.55,25
1719463126968,520.0,25
1719463136635,519.0,575
1719463136635,519.0,575
1719463136635,519.0,575
1719463312960,524.0,125
1719463321965,523.55,25
1719463321965,523.55,25
1719463325176,523.6,25
1719463326009,524.6,25
1719463326009,524.6,25
1719463328440,522.35,25
1719463328553,522.35,25
1719463329912,523.8,25
1719463329912,523.8,25
1719463331964,522.7,25
1719463332773,524.45,25
1719463332773,524.45,25
1719463334275,524.8,25
1719463334558,522.85,25
1719463334558,522.85,25
1719463336524,522.15,25
1719463336524,522.15,25
1719463337391,522.6,25
1719463337391,522.6,25
1719463340015,522.35,25
1719463340015,522.35,25
1719463340015,522.35,25
1719463340015,522.35,25
1719463345413,521.45,25
1719463346325,522.35,50
1719463346325,522.35,50
1719463346930,523.15,50
1719463346930,523.15,50
1719463348928,521.05,25
1719463350073,521.9,50
1719463350073,521.9,50
1719463350073,521.9,50
1719463350073,521.9,50
1719463353112,522.85,25
1719463353112,522.85,25
1719463353112,522.85,25
1719463353112,522.85,25
1719463357032,526.2,25
1719463357307,526.3,25
1719463358306,527.0,25
1719463358306,527.0,25
1719463359665,526.2,25
1719463359665,526.2,25
1719463361835,528.0,25
1719463361835,528.0,25
1719463363848,526.55,25
1719463363848,526.55,25
1719463363848,526.55,25
1719463363848,526.55,25
1719463369600,526.6,25
1719463369600,526.6,25
1719463369600,526.6,25
1719463369600,526.6,25
1719463374964,528.0,25
1719463374964,528.0,25
1719463377540,528.0,50
1719463377540,528.0,50
1719463377540,528.0,50
1719463380344,526.25,50
1719463380344,526.25,50
1719463382518,523.0,100
1719463382518,523.0,100
1719463382518,523.0,100
1719463386681,522.4,25
1719463386681,522.4,25
1719463386681,522.4,25
1719463386681,522.4,25
1719463390378,522.85,50
1719463390378,522.85,50
1719463390378,522.85,50
1719463394044,522.7,25
1719463394044,522.7,25
1719463394044,522.7,25
1719463394044,522.7,25
1719463394044,522.7,25
1719463394044,522.7,25
1719463394044,522.7,25
1719463404170,520.45,25
1719463404170,520.45,25
1719463406773,520.0,25
1719463406773,520.0,25
1719463406773,520.0,25
1719463406773,520.0,25
1719463406773,520.0,25
1719463406773,520.0,25
1719463413205,517.0,25
1719463413205,517.0,25
1719463413205,517.0,25
1719463413205,517.0,25
1719463418324,515.0,25
1719463419832,515.55,25
1719463419832,515.55,25
1719463419832,515.55,25
1719463423507,515.0,450
1719463423507,515.0,450
1719463424519,515.2,25
1719463425190,515.0,100
1719463425190,515.0,100
1719463425190,515.0,100
1719463427263,514.55,25
1719463428228,511.0,100
1719463428442,509.0,25
1719463429061,508.0,25
1719463429061,508.0,25
1719463429061,508.0,25
1719463432152,507.65,25
1719463432705,506.0,25
1719463432760,505.0,50
1719463432760,505.0,50
1719463434550,505.25,175
1719463434550,505.25,175
1719463435476,506.0,25
1719463435996,507.3,25
1719463435996,507.3,25
1719463435996,507.3,25
1719463439312,506.0,50
1719463439312,506.0,50
1719463440328,508.0,50
1719463440328,508.0,50
1719463440328,508.0,50
1719463443464,510.0,25
1719463443464,510.0,25
1719463443964,508.9,50
1719463443964,508.9,50
1719463446653,510.7,25
1719463446653,510.7,25
1719463446653,510.7,25
1719463446653,510.7,25
1719463451300,509.4,25
1719463451566,509.15,25
1719463451566,509.15,25
1719463453558,510.0,25
1719463453558,510.0,25
1719463453558,510.0,25
1719463456636,510.7,550
1719463456636,510.7,550
1719463456636,510.7,550
1719463460840,510.0,50
1719463460840,510.0,50
1719463463251,509.75,25
1719463463251,509.75,25
1719463463251,509.75,25
1719463463251,509.75,25
1719463467081,510.0,50
1719463467081,510.0,50
1719463470255,512.7,25
1719463470742,513.5,25
1719463471633,513.5,25
1719463471633,513.5,25
1719463471633,513.5,25
1719463474725,514.45,50
1719463474725,514.45,50
1719463475920,515.8,25
1719463475920,515.8,25
1719463475920,515.8,25
1719463479766,513.5,25
1719463479766,513.5,25
1719463479766,513.5,25
1719463483281,510.0,100
1719463483281,510.0,100
1719463483281,510.0,100
1719463483281,510.0,100
1719463487132,510.0,175
1719463487132,510.0,175
1719463489717,510.0,175
1719463489717,510.0,175
1719463489717,510.0,175
1719463489717,510.0,175
1719463493909,509.2,25
1719463493909,509.2,25
1719463493909,509.2,25
1719463493909,509.2,25
1719463500371,509.4,25
1719463500371,509.4,25
1719463500371,509.4,25
1719463500371,509.4,25
1719463500371,509.4,25
1719463505632,509.8,25
1719463505632,509.8,25
1719463505632,509.8,25
1719463509515,510.0,25
1719463509515,510.0,25
1719463510968,509.25,100
1719463511935,507.0,175
1719463511935,507.0,175
1719463512149,506.75,25
1719463512149,506.75,25
1719463512149,506.75,25
1719463512149,506.75,25
1719463518006,506.8,25
1719463518006,506.8,25
1719463518006,506.8,25
1719463520422,508.2,25
1719463520758,508.2,25
1719463521611,508.45,25
1719463521611,508.45,25
1719463521611,508.45,25
1719463525294,511.25,25
1719463525531,511.25,25
1719463526961,512.9,25
1719463527764,513.0,25
1719463528555,512.95,25
1719463528555,512.95,25
1719463529775,513.55,25
1719463530344,513.85,25
1719463530344,513.85,25
1719463530784,515.0,25
1719463531787,515.0,25
1719463532809,515.95,25
1719463532897,515.5,25
1719463532897,515.5,25
1719463535247,515.85,200
1719463535247,515.85,200
1719463537186,516.3,25
1719463538399,516.4,25
1719463538477,516.9,25
1719463538477,516.9,25
1719463538477,516.9,25
1719463541418,517.55,50
1719463541706,515.6,50
1719463542253,516.4,25
1719463542253,516.4,25
1719463544469,516.1,50
1719463544469,516.1,50
1719463546400,517.15,50
1719463546888,516.5,50
1719463546888,516.5,50
1719463549707,519.0,50
1719463549707,519.0,50
1719463550793,520.0,25
1719463550793,520.0,25
1719463550793,520.0,25
1719463550793,520.0,25
1719463555901,517.1,25
1719463555901,517.1,25
1719463555901,517.1,25
1719463555901,517.1,25
1719463555901,517.1,25
1719463563600,515.85,25
1719463563600,515.85,25
1719463566032,514.6,25
1719463566032,514.6,25
1719463566032,514.6,25
1719463566032,514.6,25
1719463571875,513.7,25
1719463573009,514.5,25
1719463573342,511.0,100
1719463573342,511.0,100
1719463574035,512.15,25
1719463574035,512.15,25
1719463574035,512.15,25
1719463577923,512.3,50
1719463577923,512.3,50
1719463579784,511.9,25
1719463579784,511.9,25
1719463580895,511.8,25
1719463581794,511.3,25
1719463581794,511.3,25
1719463582704,510.6,75
1719463582704,510.6,75
1719463584576,508.9,50
1719463584778,509.25,50
1719463585358,509.25,100
1719463585358,509.25,100
1719463586363,510.05,25
1719463586363,510.05,25
1719463587752,510.9,25
1719463588053,510.4,25
1719463588053,510.4,25
1719463590171,510.8,25
1719463590171,510.8,25
1719463591430,511.85,25
1719463592075,510.4,50
1719463592150,511.7,25
1719463592150,511.7,25
1719463593918,510.7,25
1719463593918,510.7,25
1719463593918,510.7,25
1719463598627,510.0,75
1719463598627,510.0,75
1719463598627,510.0,75
1719463599500,509.75,25
1719463599500,509.75,25
1719463599500,509.75,25
1719463599500,509.75,25
1719463603761,512.2,25
1719463605038,513.7,25
1719463605452,513.9,25
1719463605640,514.1,25
1719463606550,515.5,25
1719463606550,515.5,25
1719463608670,513.75,25
1719463608670,513.75,25
1719463609026,513.55,100
1719463610151,514.2,50
1719463610151,514.2,50
1719463610151,514.2,50
1719463610151,514.2,50
1719463610151,514.2,50
1719463610151,514.2,50
1719463610151,514.2,50
1719463620394,511.7,25
1719463622114,510.7,125
1719463622114,510.7,125
1719463622480,510.45,25
1719463622480,510.45,25
1719463625075,509.7,25
1719463625075,509.7,25
1719463625075,509.7,25
1719463625075,509.7,25
1719463629223,510.85,25
1719463629438,510.85,25
1719463629438,510.85,25
1719463629438,510.85,25
1719463629438,510.85,25
1719463629438,510.85,25
1719463629438,510.85,25
1719463637412,512.8,25
1719463637412,512.8,25
1719463639249,512.9,25
1719463639805,512.95,25
1719463640154,513.45,25
1719463640154,513.45,25
1719463640154,513.45,25
1719463640154,513.45,25
1719463644145,515.0,150
1719463644609,514.25,25
1719463645312,514.8,25
1719463645312,514.8,25
1719463645312,514.8,25
1719463645312,514.8,25
1719463645312,514.8,25
1719463645312,514.8,25
1719463645312,514.8,25
1719463653357,512.6,25
1719463653357,512.6,25
1719463653357,512.6,25
1719463653357,512.6,25
1719463653357,512.6,25
1719463653357,512.6,25
1719463661861,510.45,25
1719463661931,510.3,25
1719463661931,510.3,25
1719463661931,510.3,25
1719463661931,510.3,25
1719463661931,510.3,25
1719463661931,510.3,25
1719463669604,508.9,25
1719463669604,508.9,25
1719463669604,508.9,25
1719463669604,508.9,25
1719463669604,508.9,25
1719463676116,509.65,25
1719463677155,510.4,25
1719463677155,510.4,25
1719463677155,510.4,25
1719463677155,510.4,25
1719463677155,510.4,25
1719463677155,510.4,25
1719463677155,510.4,25
1719463685148,510.4,175
1719463685553,510.7,25
1719463685553,510.7,25
1719463685553,510.7,25
1719463685553,510.7,25
1719463685553,510.7,25
1719463692174,510.85,50
1719463692174,510.85,50
1719463692174,510.85,50
1719463695192,510.4,25
1719463695192,510.4,25
1719463696993,508.9,25
1719463697108,508.9,25
1719463697662,509.95,25
1719463698766,511.45,25
1719463699098,511.65,25
1719463699848,511.05,25
1719463700394,511.2,25
1719463701064,511.0,75
1719463701852,511.05,25
1719463701852,511.05,25
1719463701852,511.05,25
1719463704052,512.2,50
1719463704052,512.2,50
1719463705581,511.85,25
1719463705581,511.85,25
1719463705581,511.85,25
1719463705581,511.85,25
1719463705581,511.85,25
1719463705581,511.85,25
1719463712446,513.2,25
1719463712607,515.0,25
1719463713401,513.25,25
1719463713401,513.25,25
1719463713401,513.25,25
1719463716631,515.0,50
1719463716735,515.0,125
1719463716735,515.0,125
1719463717553,514.2,25
1719463717553,514.2,25
1719463719701,514.95,25
1719463719845,514.95,25
1719463720105,517.05,75
1719463720727,516.6,25
1719463720727,516.6,25
1719463720727,516.6,25
1719463724464,516.9,25
1719463725256,514.85,25
1719463725256,514.85,25
1719463726196,515.7,25
1719463727038,514.7,25
1719463727038,514.7,25
1719463727323,514.9,25
1719463727323,514.9,25
1719463729630,511.85,25
1719463729795,511.6,25
1719463729795,511.6,25
1719463730565,512.35,25
1719463731564,514.05,25
1719463731564,514.05,25
1719463731564,514.05,25
1719463733992,512.3,25
1719463734972,513.55,25
1719463734972,513.55,25
1719463734972,513.55,25
1719463737400,513.65,25
1719463737400,513.65,25
1719463739702,513.75,25
1719463739702,513.75,25
1719463740934,513.75,25
1719463740934,513.75,25
1719463740934,513.75,25
1719463740934,513.75,25
1719463745500,514.9,25
1719463745605,514.3,75
1719463745605,514.3,75
1719463747408,513.35,25
1719463748879,513.75,100
1719463749530,513.35,25
1719463749530,513.35,25
1719463751317,513.1,25
1719463752111,514.3,25
1719463752133,514.3,25
1719463752133,514.3,25
1719463752133,514.3,25
1719463755099,514.1,25
1719463755099,514.1,25
1719463755099,514.1,25
1719463757715,516.0,50
1719463758454,516.5,25
1719463758454,516.5,25
1719463759732,517.4,25
1719463759732,517.4,25
1719463759732,517.4,25
1719463762476,518.65,25
1719463762476,518.65,25
1719463764026,518.05,75
1719463764026,518.05,75
1719463766739,516.2,25
1719463766755,516.2,25
1719463766755,516.2,25
1719463768581,515.55,25
1719463768581,515.55,25
1719463769264,515.3,25
1719463769264,515.3,25
1719463770658,516.0,75
1719463770658,516.0,75
1719463772559,515.95,75
1719463772559,515.95,75
1719463774050,516.5,25
1719463775619,517.85,75
1719463777012,520.0,25
1719463777012,520.0,25
1719463777012,520.0,25
1719463780584,517.8,25
1719463781266,515.8,50
1719463781266,515.8,50
1719463781266,515.8,50
1719463781266,515.8,50
1719463781266,515.8,50
1719463781266,515.8,50
1719463781266,515.8,50
1719463781266,515.8,50
1719463781266,515.8,50
1719463795701,517.75,50
1719463795701,517.75,50
1719463798377,517.25,25
1719463798377,517.25,25
1719463799378,517.8,25
1719463799378,517.8,25
1719463799378,517.8,25
1719463801950,517.75,25
1719463801950,517.75,25
1719463801950,517.75,25
1719463801950,517.75,25
1719463806013,516.95,25
1719463806013,516.95,25
1719463807532,516.2,25
1719463808503,517.75,25
1719463808503,517.75,25
1719463808503,517.75,25
1719463810735,517.7,125
1719463810735,517.7,125
1719463813538,520.0,25
1719463813925,520.0,25
1719463813925,520.0,25
1719463817372,519.05,25
1719463817372,519.05,25
1719463818423,518.55,25
1719463818591,518.8,25
1719463818591,518.8,25
1719463820790,518.0,25
1719463821060,519.05,25
1719463821060,519.05,25
1719463821060,519.05,25
1719463821060,519.05,25
1719463821060,519.05,25
1719463821060,519.05,25
1719463821060,519.05,25
1719463830605,516.8,25
1719463830634,516.85,25
1719463831111,516.9,25
1719463831111,516.9,25
1719463833458,517.7,25
1719463833458,517.7,25
1719463835436,517.4,25
1719463836299,518.45,25
1719463836299,518.45,25
1719463838876,516.9,25
1719463839333,516.65,25
1719463839333,516.65,25
1719463839333,516.65,25
1719463839333,516.65,25
1719463844347,514.65,50
1719463844783,514.3,25
1719463844783,514.3,25
1719463844783,514.3,25
1719463848629,514.35,25
1719463848629,514.35,25
1719463850344,514.3,25
1719463850344,514.3,25
1719463850344,514.3,25
1719463850344,514.3,25
1719463850344,514.3,25
1719463850344,514.3,25
1719463857946,516.15,75
1719463858567,515.25,50
1719463858567,515.25,50
1719463858567,515.25,50
1719463860607,517.6,25
1719463860607,517.6,25
1719463861572,517.6,25
1719463861975,518.1,25
1719463861975,518.1,25
1719463861975,518.1,25
1719463861975,518.1,25
1719463861975,518.1,25
1719463861975,518.1,25
1719463861975,518.1,25
1719463861975,518.1,25
1719463861975,518.1,25
1719463861975,518.1,25
1719463876200,515.1,25
1719463876200,515.1,25
1719463876200,515.1,25
1719463876200,515.1,25
1719463876200,515.1,25
1719463881267,518.55,25
1719463881267,518.55,25
1719463881267,518.55,25
1719463885654,519.95,25
1719463885654,519.95,25
1719463885654,519.95,25
1719463888155,520.0,175
1719463888155,520.0,175
1719463888155,520.0,175
1719463888155,520.0,175
1719463888155,520.0,175
1719463888155,520.0,175
1719463888155,520.0,175
1719463888155,520.0,175
1719463888155,520.0,175
1719463900107,517.35,25
1719463900107,517.35,25
1719463900107,517.35,25
1719463903290,519.5,25
1719463903290,519.5,25
1719463903290,519.5,25
1719463903290,519.5,25
1719463903290,519.5,25
1719463903290,519.5,25
1719463903290,519.5,25
1719463903290,519.5,25
1719463903290,519.5,25
1719463916460,520.0,250
1719463917310,520.0,25
1719463917310,520.0,25
1719463917310,520.0,25
1719463917310,520.0,25
1719463917310,520.0,25
1719463921289,519.1,25
1719463921289,519.1,25
1719463921289,519.1,25
1719463921289,519.1,25
1719463921289,519.1,25
1719463921289,519.1,25
1719463921289,519.1,25
1719463921289,519.1,25
1719463932778,519.0,25
1719463932778,519.0,25
1719463934934,520.0,50
1719463935495,522.5,25
1719463935908,521.85,25
1719463936579,522.1,75
1719463937577,520.0,75
1719463938202,519.8,75
1719463938202,519.8,75
1719463938202,519.8,75
1719463938202,519.8,75
1719463942717,519.6,50
1719463942717,519.6,50
1719463945312,518.0,25
1719463945312,518.0,25
1719463945312,518.0,25
1719463945312,518.0,25
1719463945312,518.0,25
1719463945312,518.0,25
1719463945312,518.0,25
1719463945312,518.0,25
1719463945312,518.0,25
1719463945312,518.0,25
1719463945312,518.0,25
1719463945312,518.0,25
1719463945312,518.0,25
1719463945312,518.0,25
1719463964561,514.8,50
1719463964561,514.8,50
1719463964561,514.8,50
1719463967749,517.0,25
1719463967749,517.0,25
1719463970235,516.85,25
1719463970235,516.85,25
1719463970235,516.85,25
1719463970235,516.85,25
1719463970235,516.85,25
1719463976156,515.7,25
1719463976156,515.7,25
1719463978096,516.7,25
1719463978334,516.2,25
1719463978334,516.2,25
1719463980145,518.5,25
1719463980145,518.5,25
1719463980145,518.5,25
1719463980145,518.5,25
1719463980145,518.5,25
1719463985581,517.4,175
1719463985669,517.75,25
1719463985669,517.75,25
1719463987047,517.7,50
1719463987047,517.7,50
1719463987047,517.7,50
1719463987047,517.7,50
1719463987047,517.7,50
1719463987047,517.7,50
1719463987047,517.7,50
1719463987047,517.7,50
1719463987047,517.7,50
1719464000609,515.0,125
1719464000609,515.0,125
1719464002412,514.75,25
1719464002601,514.8,25
1719464002601,514.8,25
1719464002601,514.8,25
1719464002601,514.8,25
1719464002601,514.8,25
1719464002601,514.8,25
1719464002601,514.8,25
1719464002601,514.8,25
1719464013820,512.4,25
1719464013820,512.4,25
1719464013820,512.4,25
1719464013820,512.4,25
1719464013820,512.4,25
1719464013820,512.4,25
1719464021464,515.6,25
1719464021464,515.6,25
1719464021464,515.6,25
1719464021464,515.6,25
1719464021464,515.6,25
1719464021464,515.6,25
1719464030451,514.4,25
1719464030862,512.85,50
1719464030862,512.85,50
1719464030862,512.85,50
1719464030862,512.85,50
1719464030862,512.85,50
1719464030862,512.85,50
1719464037560,511.0,50
1719464037560,511.0,50
1719464037560,511.0,50
1719464037560,511.0,50
1719464037560,511.0,50
1719464037560,511.0,50
1719464044701,510.0,50
1719464045442,509.3,25
1719464045442,509.3,25
1719464045442,509.3,25
1719464047824,509.7,25
1719464048261,510.0,50
1719464048261,510.0,50
1719464048261,510.0,50
1719464051434,510.3,25
1719464051434,510.3,25
1719464051434,510.3,25
1719464054606,510.4,100
1719464054606,510.4,100
1719464054606,510.4,100
1719464057669,512.6,25
1719464057958,512.6,25
1719464058524,512.05,25
1719464058524,512.05,25
1719464059677,513.0,25
1719464059677,513.0,25
1719464059677,513.0,25
1719464059677,513.0,25
1719464065912,510.75,25
1719464065912,510.75,25
1719464065912,510.75,25
1719464069056,510.0,25
1719464069056,510.0,25
1719464069056,510.0,25
1719464069056,510.0,25
1719464069056,510.0,25
1719464072802,510.0,25
1719464074059,508.45,25
1719464074059,508.45,25
1719464074441,508.6,25
1719464074441,508.6,25
1719464077025,508.35,25
1719464077231,508.65,25
1719464077827,509.6,25
1719464077827,509.6,25
1719464077827,509.6,25
1719464077827,509.6,25
1719464083939,508.0,50
1719464083939,508.0,50
1719464083939,508.0,50
1719464083939,508.0,50
1719464083939,508.0,50
1719464083939,508.0,50
1719464083939,508.0,50
1719464093009,510.5,50
1719464094531,511.3,25
1719464094558,511.3,25
1719464094558,511.3,25
1719464094558,511.3,25
1719464098233,510.95,25
1719464098233,510.95,25
1719464098233,510.95,25
1719464098233,510.95,25
1719464098233,510.95,25
1719464098233,510.95,25
1719464098233,510.95,25
1719464098233,510.95,25
1719464098233,510.95,25
1719464098233,510.95,25
1719464098233,510.95,25
1719464114047,510.0,25
1719464114047,510.0,25
1719464114047,510.0,25
1719464114047,510.0,25
1719464118990,511.9,275
1719464118990,511.9,275
1719464119691,511.95,25
1719464119691,511.95,25
1719464119691,511.95,25
1719464119691,511.95,25
1719464119691,511.95,25
1719464119691,511.95,25
1719464119691,511.95,25
1719464119691,511.95,25
1719464119691,511.95,25
1719464119691,511.95,25
1719464134098,510.6,25
1719464134098,510.6,25
1719464134098,510.6,25
1719464134098,510.6,25
1719464134098,510.6,25
1719464134098,510.6,25
1719464134098,510.6,25
1719464134098,510.6,25
1719464134098,510.6,25
1719464134098,510.6,25
1719464134098,510.6,25
1719464134098,510.6,25
1719464134098,510.6,25
1719464134098,510.6,25
1719464134098,510.6,25
1719464134098,510.6,25
1719464134098,510.6,25
1719464160154,510.0,100
1719464160154,510.0,100
1719464160154,510.0,100
1719464160154,510.0,100
1719464160154,510.0,100
1719464160154,510.0,100
1719464166906,511.85,25
1719464166906,511.85,25
1719464166906,511.85,25
1719464166906,511.85,25
1719464172032,513.0,25
1719464172032,513.0,25
1719464173445,513.65,25
1719464173445,513.65,25
1719464175395,511.85,25
1719464175395,511.85,25
1719464176708,510.95,25
1719464176708,510.95,25
1719464176708,510.95,25
1719464176708,510.95,25
1719464176708,510.95,25
1719464176708,510.95,25
1719464176708,510.95,25
1719464176708,510.95,25
1719464176708,510.95,25
1719464176708,510.95,25
1719464176708,510.95,25
1719464192500,511.45,25
1719464192500,511.45,25
1719464192500,511.45,25
1719464192500,511.45,25
1719464192500,511.45,25
1719464192500,511.45,25
1719464192500,511.45,25
1719464192500,511.45,25
1719464192500,511.45,25
1719464204660,509.9,25
1719464204660,509.9,25
1719464207383,512.2,50
1719464207383,512.2,50
1719464207383,512.2,50
1719464207383,512.2,50
1719464207383,512.2,50
1719464207383,512.2,50
1719464207383,512.2,50
1719464207383,512.2,50
1719464218964,515.0,50
1719464219084,516.0,50
1719464219084,516.0,50
1719464219084,516.0,50
1719464219084,516.0,50
1719464219084,516.0,50
1719464225182,515.55,75
1719464226073,518.0,25
1719464226073,518.0,25
1719464226073,518.0,25
1719464226073,518.0,25
1719464229654,519.5,25
1719464230261,520.0,175
1719464230261,520.0,175
1719464232804,520.45,25
1719464232804,520.45,25
1719464233645,519.5,25
1719464233645,519.5,25
1719464233645,519.5,25
1719464236467,520.0,25
1719464237521,519.65,25
1719464237521,519.65,25
1719464237521,519.65,25
1719464237521,519.65,25
1719464237521,519.65,25
1719464237521,519.65,25
1719464237521,519.65,25
1719464246824,522.45,50
1719464246824,522.45,50
1719464248532,527.1,75
1719464249403,528.1,150
1719464249403,528.1,150
1719464249915,525.45,25
1719464250316,525.35,100
1719464250316,525.35,100
1719464251668,524.6,25
1719464251668,524.6,25
1719464251668,524.6,25
1719464251668,524.6,25
1719464257542,525.2,100
1719464257542,525.2,100
1719464257542,525.2,100
1719464259582,528.5,50
1719464260185,525.75,25
1719464260185,525.75,25
1719464261461,526.65,100
1719464262484,525.8,25
1719464262484,525.8,25
1719464263020,528.0,200
1719464264010,529.6,25
1719464264010,529.6,25
1719464266235,530.0,125
1719464266235,530.0,125
1719464267173,526.65,25
1719464267397,527.0,50
1719464267397,527.0,50
1719464268463,528.8,25
1719464268463,528.8,25
1719464270676,528.0,100
1719464270676,528.0,100
1719464270676,528.0,100
1719464273281,528.3,25
1719464273524,528.8,25
1719464274448,527.85,50
1719464274448,527.85,50
1719464274448,527.85,50
1719464274448,527.85,50
1719464274448,527.85,50
1719464274448,527.85,50
1719464274448,527.85,50
1719464281660,526.2,25
1719464281660,526.2,25
1719464281660,526.2,25
1719464281660,526.2,25
1719464281660,526.2,25
1719464281660,526.2,25
1719464281660,526.2,25
1719464292170,531.0,50
1719464292170,531.0,50
1719464292170,531.0,50
1719464292170,531.0,50
1719464292170,531.0,50
1719464292170,531.0,50
1719464300247,529.3,25
1719464301246,529.05,25
1719464301246,529.05,25
1719464301246,529.05,25
1719464302672,530.05,50
1719464302672,530.05,50
1719464302672,530.05,50
1719464302672,530.05,50
1719464302672,530.05,50
1719464302672,530.05,50
1719464310337,532.5,50
1719464310789,531.8,25
1719464311609,533.25,25
1719464311609,533.25,25
1719464314326,535.0,100
1719464314326,535.0,100
1719464314326,535.0,100
1719464314326,535.0,100
1719464314326,535.0,100
1719464314326,535.0,100
1719464322824,535.0,25
1719464322824,535.0,25
1719464323360,535.45,250
1719464324442,535.5,50
1719464324442,535.5,50
1719464325052,535.5,250
1719464325052,535.5,250
1719464327506,534.35,125
1719464327506,534.35,125
1719464328239,532.35,25
1719464328239,532.35,25
1719464329999,530.0,25
1719464330151,529.75,25
1719464330151,529.75,25
1719464330151,529.75,25
1719464334480,534.45,100
1719464334931,533.65,25
1719464334931,533.65,25
1719464334931,533.65,25
1719464338872,535.5,100
1719464338872,535.5,100
1719464338872,535.5,100
1719464338872,535.5,100
1719464338872,535.5,100
1719464338872,535.5,100
1719464344657,531.95,25
1719464345638,534.8,75
1719464345638,534.8,75
1719464346985,534.6,25
1719464346985,534.6,25
1719464346985,534.6,25
1719464346985,534.6,25
1719464346985,534.6,25
1719464353679,534.0,25
1719464353679,534.0,25
1719464353679,534.0,25
1719464353679,534.0,25
1719464359332,533.35,25
1719464359332,533.35,25
1719464360990,534.25,25
1719464360990,534.25,25
1719464360990,534.25,25
1719464360990,534.25,25
1719464365813,535.5,100
1719464365813,535.5,100
1719464367565,533.05,25
1719464367565,533.05,25
1719464367565,533.05,25
1719464367565,533.05,25
1719464367565,533.05,25
1719464373388,533.75,25
1719464373388,533.75,25
1719464373388,533.75,25
1719464373388,533.75,25
1719464373388,533.75,25
1719464379761,534.4,25
1719464379761,534.4,25
1719464379761,534.4,25
1719464379761,534.4,25
1719464379761,534.4,25
1719464379761,534.4,25
1719464388393,531.4,25
1719464389238,531.6,300
1719464389238,531.6,300
1719464390217,531.4,275
1719464390217,531.4,275
1719464390217,531.4,275
1719464390217,531.4,275
1719464390217,531.4,275
1719464397692,532.8,25
1719464397692,532.8,25
1719464398986,533.75,25
1719464399214,534.0,25
1719464399214,534.0,25
1719464399214,534.0,25
1719464401291,532.15,25
1719464401291,532.15,25
1719464401956,531.4,25
1719464401956,531.4,25
1719464404400,533.55,50
1719464404400,533.55,50
1719464404400,533.55,50
1719464407093,533.25,25
1719464407093,533.25,25
1719464408720,533.0,25
1719464408720,533.0,25
1719464408720,533.0,25
1719464408720,533.0,25
1719464408720,533.0,25
1719464408720,533.0,25
1719464408720,533.0,25
1719464408720,533.0,25
1719464421182,531.9,25
1719464422659,531.75,25
1719464422659,531.75,25
1719464424576,532.15,25
1719464425139,531.7,25
1719464426066,532.6,25
1719464426991,532.35,25
1719464427918,532.3,25
1719464428180,532.3,25
1719464428845,532.2,25
1719464428845,532.2,25
1719464429789,532.35,25
1719464429789,532.35,25
1719464431080,532.35,25
1719464431648,532.4,25
1719464431648,532.4,25
1719464431648,532.4,25
1719464431648,532.4,25
1719464438062,535.0,25
1719464439000,534.45,25
1719464439000,534.45,25
1719464440340,536.4,25
1719464440340,536.4,25
1719464440340,536.4,25
1719464444635,532.95,25
1719464445167,533.15,25
1719464445581,533.15,25
1719464445581,533.15,25
1719464448449,532.9,25
1719464448449,532.9,25
1719464448449,532.9,25
1719464448449,532.9,25
1719464454096,532.0,25
1719464454601,532.0,25
1719464455395,531.75,25
1719464455395,531.75,25
1719464455395,531.75,25
1719464459274,532.45,50
1719464459569,531.05,25
1719464459569,531.05,25
1719464459569,531.05,25
1719464461266,531.25,25
1719464463194,528.25,25
1719464463214,528.25,25
1719464463214,528.25,25
1719464465922,528.1,25
1719464465922,528.1,25
1719464467342,529.15,25
1719464467342,529.15,25
1719464469436,528.85,25
1719464469436,528.85,25
1719464471064,529.2,25
1719464471064,529.2,25
1719464471064,529.2,25
1719464471064,529.2,25
1719464471064,529.2,25
1719464471064,529.2,25
1719464471064,529.2,25
1719464471064,529.2,25
1719464482003,528.0,25
1719464482184,527.75,25
1719464482184,527.75,25
1719464482184,527.75,25
1719464485764,528.4,25
1719464485764,528.4,25
1719464485764,528.4,25
1719464485764,528.4,25
1719464485764,528.4,25
1719464485764,528.4,25
1719464485764,528.4,25
1719465021043,490.8,125
1719465021043,490.8,125
1719465021043,490.8,125
1719465025745,482.55,25
1719465025745,482.55,25
1719465027965,486.1,100
1719465027965,486.1,100
1719465029995,490.0,25
1719465029995,490.0,25
1719465029995,490.0,25
1719465029995,490.0,25
1719465029995,490.0,25
1719465036941,492.0,25
1719465036941,492.0,25
1719465036941,492.0,25
1719465036941,492.0,25
1719465036941,492.0,25
1719465036941,492.0,25
1719465044719,489.45,50
1719465044719,489.45,50
1719465044719,489.45,50
1719465044719,489.45,50
1719465044719,489.45,50
1719465051385,491.7,25
1719465051385,491.7,25
1719465051385,491.7,25
1719465051385,491.7,25
1719465051385,491.7,25
1719465051385,491.7,25
1719465051385,491.7,25
1719465051385,491.7,25
1719465063508,486.2,75
1719465063508,486.2,75
1719465064322,484.6,25
1719465064322,484.6,25
1719465065995,484.6,25
1719465065995,484.6,25
1719465065995,484.6,25
1719465065995,484.6,25
1719465072296,485.8,25
1719465072296,485.8,25
1719465072593,485.1,25
1719465072593,485.1,25
1719465072593,485.1,25
1719465077050,484.6,25
1719465077050,484.6,25
1719465078948,488.0,300
1719465078948,488.0,300
1719465078948,488.0,300
1719465078948,488.0,300
1719465078948,488.0,300
1719465078948,488.0,300
1719465088508,485.0,25
1719465088508,485.0,25
1719465088508,485.0,25
1719465088508,485.0,25
1719465092937,484.4,25
1719465093425,482.55,25
1719465093425,482.55,25
1719465093425,482.55,25
1719465093425,482.55,25
1719465093425,482.55,25
1719465099488,482.0,25
1719465099488,482.0,25
1719465101908,480.0,250
1719465101908,480.0,250
1719465102637,477.45,50
1719465102637,477.45,50
1719465102637,477.45,50
1719465106080,481.8,50
1719465106080,481.8,50
1719465106080,481.8,50
1719465106080,481.8,50
1719465111716,481.6,225
1719465111716,481.6,225
1719465111716,481.6,225
1719465114056,479.85,25
1719465114696,479.8,25
1719465114696,479.8,25
1719465114696,479.8,25
1719465118158,477.45,25
1719465118817,477.3,50
1719465118817,477.3,50
1719465118817,477.3,50
1719465118817,477.3,50
1719465118817,477.3,50
1719465123642,482.05,50
1719465123642,482.05,50
1719465124864,482.05,25
1719465125120,482.3,25
1719465126336,482.4,50
1719465126336,482.4,50
1719465126336,482.4,50
1719465126336,482.4,50
1719465126336,482.4,50
1719465126336,482.4,50
1719465126336,482.4,50
1719465135640,479.9,25
1719465135640,479.9,25
1719465135640,479.9,25
1719465135640,479.9,25
1719465141100,481.05,50
1719465141100,481.05,50
1719465141100,481.05,50
1719465141100,481.05,50
1719465141100,481.05,50
1719465141100,481.05,50
1719465141100,481.05,50
1719465141100,481.05,50
1719465141100,481.05,50
1719465141100,481.05,50
1719465141100,481.05,50
1719465141100,481.05,50
1719465157919,481.7,25
1719465157919,481.7,25
1719465157919,481.7,25
1719465157919,481.7,25
1719465157919,481.7,25
1719465164306,483.1,25
1719465164306,483.1,25
1719465164306,483.1,25
1719465164306,483.1,25
1719465164306,483.1,25
1719465164306,483.1,25
1719465164306,483.1,25
1719465164306,483.1,25
1719465164306,483.1,25
1719465164306,483.1,25
1719465164306,483.1,25
1719465164306,483.1,25
1719465164306,483.1,25
1719465164306,483.1,25
1719465164306,483.1,25
1719465164306,483.1,25
1719465188182,479.7,25
1719465188182,479.7,25
1719465188182,479.7,25
1719465188182,479.7,25
1719465188182,479.7,25
1719465188182,479.7,25
1719465196311,480.6,25
1719465196769,481.75,25
1719465196769,481.75,25
1719465198618,479.0,100
1719465198618,479.0,100
1719465198618,479.0,100
1719465201763,476.15,25
1719465201763,476.15,25
1719465202616,475.0,175
1719465203703,470.0,25
1719465203703,470.0,25
1719465207162,471.6,50
1719465207798,470.05,25
1719465207925,470.0,50
1719465207925,470.0,50
1719465207925,470.0,50
1719465207925,470.0,50
1719465207925,470.0,50
1719465213009,468.5,25
1719465213292,465.65,50
1719465213708,467.0,25
1719465214253,468.15,25
1719465214253,468.15,25
1719465215828,464.55,25
1719465216165,458.8,25
1719465216222,457.5,25
1719465216502,453.3,25
1719465218926,459.5,25
1719465219736,456.0,50
1719465220617,454.7,25
1719465220617,454.7,25
1719465221900,452.05,25
1719465222358,454.8,25
1719465222681,454.55,25
1719465223289,455.6,200
1719465223289,455.6,200
1719465224460,455.0,25
1719465225590,455.2,25
1719465225809,455.65,25
1719465226964,452.6,50
1719465227345,450.0,50
1719465228253,447.0,50
1719465228937,440.15,200
1719465228951,440.0,50
1719465228951,440.0,50
1719465230224,447.8,75
1719465230977,446.85,250
1719465231377,447.8,50
1719465231377,447.8,50
1719465232464,449.7,275
1719465232756,448.8,150
1719465232756,448.8,150
1719465235662,448.9,25
1719465235662,448.9,25
1719465236534,443.5,50
1719465236882,441.9,75
1719465237377,440.0,25
1719465238082,440.3,25
1719465238082,440.3,25
1719465239254,442.25,50
1719465239254,442.25,50
1719465239254,442.25,50
1719465241713,438.75,25
1719465241713,438.75,25
1719465241713,438.75,25
1719465244346,438.65,100
1719465245524,441.35,25
1719465245524,441.35,25
1719465246055,440.7,25
1719465246055,440.7,25
1719465246055,440.7,25
1719465249396,440.0,100
1719465249396,440.0,100
1719465249396,440.0,100
1719465249396,440.0,100
1719465249396,440.0,100
1719465255826,440.0,25
1719465255826,440.0,25
1719465258075,439.0,25
1719465258075,439.0,25
1719465258075,439.0,25
1719465258075,439.0,25
1719465258075,439.0,25
1719465264999,438.4,25
1719465265508,438.3,25
1719465265508,438.3,25
1719465266405,438.8,50
1719465266405,438.8,50
1719465266405,438.8,50
1719465270323,433.65,25
1719465270323,433.65,25
1719465270938,434.65,25
1719465271214,432.6,50
1719465271214,432.6,50
1719465272780,432.25,25
1719465273076,433.2,50
1719465273076,433.2,50
1719465274790,432.55,25
1719465275241,431.4,25
1719465275803,433.05,75
1719465275803,433.05,75
1719465278254,433.45,25
1719465278768,434.9,175
1719465278768,434.9,175
1719465278768,434.9,175
1719465278768,434.9,175
1719465282805,435.05,50
1719465282805,435.05,50
1719465284863,436.0,25
1719465284863,436.0,25
1719465286330,435.65,25
1719465287057,438.5,25
1719465287346,437.45,25
1719465287346,437.45,25
1719465287346,437.45,25
1719465287346,437.45,25
1719465291072,436.35,50
1719465291072,436.35,50
1719465292880,439.9,25
1719465293281,440.0,125
1719465293281,440.0,125
1719465294233,439.5,25
1719465295533,440.25,25
1719465295817,440.6,25
1719465295817,440.6,25
1719465295817,440.6,25
1719465295817,440.6,25
1719465295817,440.6,25
1719465300931,437.75,25
1719465301360,436.85,50
1719465301360,436.85,50
1719465303756,433.8,25
1719465303756,433.8,25
1719465304562,431.5,25
1719465305630,424.5,50
1719465305911,426.75,25
1719465306599,427.0,25
1719465307381,428.0,150
1719465307896,426.25,25
1719465307896,426.25,25
1719465309959,428.85,25
1719465310616,430.0,25
1719465310616,430.0,25
1719465311948,427.4,75
1719465312208,427.7,25
1719465312837,428.25,50
1719465314095,427.15,75
1719465314696,428.6,25
1719465314696,428.6,25
1719465314696,428.6,25
1719465314696,428.6,25
1719465319871,427.0,125
1719465319871,427.0,125
1719465319871,427.0,125
1719465322542,429.8,50
1719465323491,428.45,25
1719465323491,428.45,25
1719465324501,427.5,50
1719465324501,427.5,50
1719465326201,428.2,75
1719465326201,428.2,75
1719465326201,428.2,75
1719465329284,428.6,100
1719465329341,428.6,25
1719465329341,428.6,25
1719465329341,428.6,25
1719465331930,433.8,25
1719465332314,429.55,100
1719465333054,431.0,25
1719465333856,432.5,25
1719465334747,430.4,25
1719465334747,430.4,25
1719465335989,432.3,25
1719465336404,432.7,25
1719465336404,432.7,25
1719465337737,428.45,25
1719465339054,426.0,200
1719465339984,426.65,50
1719465339984,426.65,50
1719465341241,428.1,50
1719465341605,428.25,50
1719465341605,428.25,50
1719465341605,428.25,50
1719465341605,428.25,50
1719465346558,432.85,50
1719465347080,431.75,25
1719465347080,431.75,25
1719465347080,431.75,25
1719465350426,432.65,25
1719465350426,432.65,25
1719465352165,433.6,25
1719465352165,433.6,25
1719465355529,433.75,25
1719465356169,434.7,125
1719465356169,434.7,125
1719465357635,432.0,250
1719465358198,430.2,75
1719465358973,431.3,25
1719465358973,431.3,25
1719465358973,431.3,25
1719465358973,431.3,25
1719465361513,430.4,25
1719465361513,430.4,25
1719465361513,430.4,25
1719465365031,431.8,25
1719465365031,431.8,25
1719465365031,431.8,25
1719465365031,431.8,25
1719465365031,431.8,25
1719465371063,433.9,25
1719465371645,433.4,25
1719465371645,433.4,25
1719465372672,434.25,25
1719465373972,435.0,100
1719465374090,435.15,25
1719465374295,433.6,50
1719465374295,433.6,50
1719465374295,433.6,50
1719465377839,433.0,50
1719465378495,434.2,100
1719465378495,434.2,100
1719465379965,435.55,25
1719465380581,435.85,25
1719465381738,433.95,25
1719465381738,433.95,25
1719465381738,433.95,25
1719465384760,435.55,25
1719465384760,435.55,25
1719465386931,435.95,50
1719465387403,436.25,50
1719465388085,436.15,50
1719465388085,436.15,50
1719465389098,435.0,50
1719465389701,435.0,25
1719465389701,435.0,25
1719465390706,432.0,25
1719465390706,432.0,25
1719465391425,430.8,50
1719465391425,430.8,50
1719465392447,430.0,75
1719465393999,428.1,50
1719465393999,428.1,50
1719465394865,430.8,50
1719465394865,430.8,50
1719465397053,429.65,25
1719465397053,429.65,25
1719465398686,435.2,50
1719465398686,435.2,50
1719465402256,435.25,25
1719465402256,435.25,25
1719465402256,435.25,25
1719465402256,435.25,25
1719465405935,432.55,50
1719465406633,434.6,50
1719465406633,434.6,50
1719465406633,434.6,50
1719465410342,435.0,25
1719465410342,435.0,25
1719465410342,435.0,25
1719465413798,434.7,75
1719465415820,434.6,25
1719465415820,434.6,25
1719465416536,434.6,100
1719465416536,434.6,100
1719465417713,435.0,100
1719465417713,435.0,100
1719465417713,435.0,100
1719465417713,435.0,100
1719465421010,434.9,50
1719465421828,433.05,50
1719465422200,433.0,50
1719465422200,433.0,50
1719465423403,433.35,50
1719465423403,433.35,50
1719465424698,432.9,50
1719465425706,432.35,50
1719465425706,432.35,50
1719465425706,432.35,50
1719465425706,432.35,50
1719465429275,431.3,25
1719465429275,431.3,25
1719465429275,431.3,25
1719465429275,431.3,25
1719465429275,431.3,25
1719465429275,431.3,25
1719465438099,432.85,50
1719465438099,432.85,50
1719465439115,433.5,50
1719465439115,433.5,50
1719465441321,431.65,50
1719465441321,431.65,50
1719465441321,431.65,50
1719465444238,430.8,25
1719465444238,430.8,25
1719465444238,430.8,25
1719465444238,430.8,25
1719465444238,430.8,25
1719465444238,430.8,25
1719465452325,432.9,25
1719465452325,432.9,25
1719465455333,431.6,25
1719465455333,431.6,25
1719465456091,431.95,25
1719465457220,432.5,25
1719465457220,432.5,25
1719465457220,432.5,25
1719465459306,430.0,50
1719465459681,429.55,50
1719465460409,428.4,25
1719465460409,428.4,25
1719465461360,427.7,75
1719465461360,427.7,75
1719465461360,427.7,75
1719465461360,427.7,75
1719465466911,430.3,50
1719465466911,430.3,50
1719465468427,429.85,25
1719465468427,429.85,25
1719465470618,430.6,200
1719465470618,430.6,200
1719465470618,430.6,200
1719465470618,430.6,200
1719465470618,430.6,200
1719465478359,431.0,25
1719465478359,431.0,25
1719465479355,431.6,100
1719465479355,431.6,100
1719465480570,432.4,25
1719465480570,432.4,25
1719465482473,433.0,25
1719465482473,433.0,25
1719465485642,430.0,25
1719465487254,428.15,50
1719465487254,428.15,50
1719465487684,428.65,50
1719465488940,428.2,25
1719465488940,428.2,25
1719465489663,427.65,25
1719465489908,428.55,25
1719465489908,428.55,25
1719465489908,428.55,25
1719465489908,428.55,25
1719465489908,428.55,25
1719465489908,428.55,25
1719465489908,428.55,25
1719465499381,430.1,25
1719465499381,430.1,25
1719465499381,430.1,25
1719465502536,429.9,25
1719465502536,429.9,25
1719465502536,429.9,25
1719465502536,429.9,25
1719465502536,429.9,25
1719465509956,433.15,25
1719465509956,433.15,25
1719465509956,433.15,25
1719465509956,433.15,25
1719465509956,433.15,25
1719465515381,430.7,25
1719465515543,431.85,50
1719465515543,431.85,50
1719465515543,431.85,50
1719465515543,431.85,50
1719465515543,431.85,50
1719465515543,431.85,50
1719465515543,431.85,50
1719465515543,431.85,50
1719465515543,431.85,50
1719465527587,434.0,350
1719465527587,434.0,350
1719465527587,434.0,350
1719465532034,431.0,25
1719465532034,431.0,25
1719465534052,429.75,100
1719465534631,430.7,25
1719465535592,428.65,50
1719465535592,428.65,50
1719465536758,428.35,25
1719465536882,428.6,75
1719465536882,428.6,75
1719465538503,430.1,25
1719465538503,430.1,25
1719465539605,428.8,75
1719465540177,426.7,50
1719465540794,426.65,25
1719465540969,426.65,25
1719465542205,426.2,25
1719465542421,426.1,25
1719465542521,426.0,75
1719465542521,426.0,75
1719465545219,428.5,25
1719465545245,428.45,100
1719465545245,428.45,100
1719465545245,428.45,100
1719465549744,429.4,25
1719465549744,429.4,25
1719465549744,429.4,25
1719465552447,431.4,25
1719465552447,431.4,25
1719465552447,431.4,25
1719465552447,431.4,25
1719465552447,431.4,25
1719465559086,431.6,150
1719465559613,430.45,50
1719465559613,430.45,50
1719465560929,432.1,25
1719465562207,433.5,25
1719465562207,433.5,25
1719465563617,432.6,75
1719465563617,432.6,75
1719465563617,432.6,75
1719465563617,432.6,75
1719465563617,432.6,75
1719465563617,432.6,75
1719465563617,432.6,75
1719465563617,432.6,75
1719465573576,432.6,50
1719465573576,432.6,50
1719465573576,432.6,50
1719465573576,432.6,50
1719465577570,431.7,225
1719465577570,431.7,225
1719465577570,431.7,225
1719465577570,431.7,225
1719465582964,432.4,25
1719465582964,432.4,25
1719465585235,432.2,125
1719465585235,432.2,125
1719465585979,431.0,75
1719465586819,431.0,125
1719465587369,432.95,25
1719465587369,432.95,25
1719465587369,432.95,25
1719465587369,432.95,25
1719465587369,432.95,25
1719465587369,432.95,25
1719465587369,432.95,25
1719465587369,432.95,25
1719465597636,440.0,25
1719465597789,440.0,25
1719465598419,445.0,150
1719465599908,444.95,25
1719465600252,444.0,25
1719465600252,444.0,25
1719465600252,444.0,25
1719465601357,443.2,50
1719465602486,443.2,50
1719465602486,443.2,50
1719465603069,443.1,25
1719465603069,443.1,25
1719465604942,443.3,50
1719465604942,443.3,50
1719465606262,444.5,25
1719465606262,444.5,25
1719465607949,444.9,25
1719465607949,444.9,25
1719465610893,444.7,25
1719465610893,444.7,25
1719465610893,444.7,25
1719465613777,444.55,25
1719465613777,444.55,25
1719465615316,444.9,50
1719465615316,444.9,50
1719465615316,444.9,50
1719465618262,443.0,225
1719465618262,443.0,225
1719465618262,443.0,225
1719465621952,440.05,25
1719465621952,440.05,25
1719465621952,440.05,25
1719465621952,440.05,25
1719465626691,450.0,25
1719465627699,455.0,25
1719465627699,455.0,25
1719465627897,454.05,25
1719465627897,454.05,25
1719465629487,454.4,25
1719465629487,454.4,25
1719465629487,454.4,25
1719465632168,450.55,25
1719465632168,450.55,25
1719465632168,450.55,25
1719465635226,453.15,50
1719465635673,453.15,100
1719465636674,452.85,75
1719465637142,454.4,25
1719465638119,455.55,25
1719465638119,455.55,25
1719465640195,460.0,25
1719465640346,460.0,25
1719465640346,460.0,25
1719465642065,456.85,25
1719465642065,456.85,25
1719465643756,455.75,25
1719465643756,455.75,25
1719465644781,455.75,125
1719465644968,454.75,25
1719465644968,454.75,25
1719465644968,454.75,25
1719465648471,454.8,125
1719465648861,454.8,75
1719465648902,454.8,125
1719465648902,454.8,125
1719465650651,456.65,50
1719465650651,456.65,50
1719465651465,454.55,25
1719465652703,456.0,25
1719465653453,456.4,25
1719465653453,456.4,25
1719465654775,454.55,50
1719465655564,454.0,25
1719465655940,454.1,75
1719465655940,454.1,75
1719465657019,455.25,100
1719465657019,455.25,100
1719465657019,455.25,100
1719465659826,456.35,100
1719465659826,456.35,100
1719465660528,458.0,75
1719465660528,458.0,75
1719465660528,458.0,75
1719465660528,458.0,75
1719465664826,455.0,125
1719465665365,455.0,125
1719465665365,455.0,125
1719465666702,454.6,25
1719465667835,454.45,125
1719465667835,454.45,125
1719465667835,454.45,125
1719465667835,454.45,125
1719465673353,454.3,50
1719465673353,454.3,50
1719465673353,454.3,50
1719465673353,454.3,50
1719465678853,455.9,50
1719465678853,455.9,50
1719465679602,454.45,25
1719465679602,454.45,25
1719465679602,454.45,25
1719465679602,454.45,25
1719465679602,454.45,25
1719465686550,461.8,125
1719465686980,465.0,25
1719465686980,465.0,25
1719465686980,465.0,25
1719465689693,458.7,50
1719465689693,458.7,50
1719465689693,458.7,50
1719465692093,460.9,25
1719465692093,460.9,25
1719465692093,460.9,25
1719465692093,460.9,25
1719465697537,459.75,25
1719465698201,460.0,25
1719465698201,460.0,25
1719465699945,460.6,75
1719465699945,460.6,75
1719465701271,459.85,75
1719465701271,459.85,75
1719465701271,459.85,75
1719465704868,461.0,25
1719465705366,462.0,25
1719465705994,462.6,150
1719465706476,459.85,50
1719465706476,459.85,50
1719465706476,459.85,50
1719465709856,459.75,50
1719465709856,459.75,50
1719465712045,459.85,150
1719465712045,459.85,150
1719465712936,456.4,50
1719465712936,456.4,50
1719465712936,456.4,50
1719465712936,456.4,50
1719465712936,456.4,50
1719465712936,456.4,50
1719465712936,456.4,50
1719465712936,456.4,50
1719465712936,456.4,50
1719465712936,456.4,50
1719465712936,456.4,50
1719465728374,456.0,100
1719465728374,456.0,100
1719465728374,456.0,100
1719465728374,456.0,100
1719465728374,456.0,100
1719465728374,456.0,100
1719465737035,457.0,75
1719465737035,457.0,75
1719465737767,456.4,200
1719465737767,456.4,200
1719465737767,456.4,200
1719465737767,456.4,200
1719465742730,456.75,25
1719465744232,454.3,25
1719465744232,454.3,25
1719465744232,454.3,25
1719465744232,454.3,25
1719465744232,454.3,25
1719465744232,454.3,25
1719465744232,454.3,25
1719465744232,454.3,25
1719465744232,454.3,25
1719465744232,454.3,25
1719465744232,454.3,25
1719465744232,454.3,25
1719465744232,454.3,25
1719465744232,454.3,25
1719465763620,454.1,25
1719465763807,454.0,25
1719465763807,454.0,25
1719465765577,450.0,25
1719465765577,450.0,25
1719465765577,450.0,25
1719465769040,452.25,25
1719465769040,452.25,25
1719465769040,452.25,25
1719465769040,452.25,25
1719465772818,453.3,75
1719465774540,454.15,25
1719465774705,452.8,50
1719465775304,454.15,50
1719465775304,454.15,50
1719465775304,454.15,50
1719465775304,454.15,50
1719465775304,454.15,50
1719465775304,454.15,50
1719465775304,454.15,50
1719465783155,453.2,25
1719465783155,453.2,25
1719465783155,453.2,25
1719465786398,452.2,25
1719465786398,452.2,25
1719465789547,453.6,25
1719465789547,453.6,25
1719465789547,453.6,25
1719465792329,452.35,25
1719465792383,452.35,25
1719465792383,452.35,25
1719465793517,453.0,25
1719465793517,453.0,25
1719465793517,453.0,25
1719465797537,451.25,100
1719465797875,452.65,25
1719465798713,450.0,25
1719465799456,450.6,100
1719465799456,450.6,100
1719465799456,450.6,100
1719465801854,446.55,25
1719465802619,446.55,25
1719465802619,446.55,25
1719465803481,447.85,125
1719465804473,449.8,25
1719465804473,449.8,25
1719465805831,449.5,50
1719465806153,448.9,75
1719465806153,448.9,75
1719465806153,448.9,75
1719465806153,448.9,75
1719465806153,448.9,75
1719465806153,448.9,75
1719465811296,450.45,50
1719465811296,450.45,50
1719465813371,450.1,25
1719465813371,450.1,25
1719465813371,450.1,25
1719465813371,450.1,25
1719465813371,450.1,25
1719465820164,449.1,25
1719465820164,449.1,25
1719465820164,449.1,25
1719465823171,450.6,25
1719465824563,450.0,25
1719465824563,450.0,25
1719465824563,450.0,25
1719465827614,448.9,75
1719465827614,448.9,75
1719465827614,448.9,75
1719465827614,448.9,75
1719465827614,448.9,75
1719465827614,448.9,75
1719465835153,450.75,100
1719465835153,450.75,100
1719465835153,450.75,100
1719465835153,450.75,100
1719465840079,448.5,50
1719465840079,448.5,50
1719465840079,448.5,50
1719465840079,448.5,50
1719465840079,448.5,50
1719465840079,448.5,50
1719465840079,448.5,50
1719465840079,448.5,50
1719465840079,448.5,50
1719465840079,448.5,50
1719465840079,448.5,50
1719465840079,448.5,50
1719465857109,445.0,25
1719465857375,443.0,25
1719465858924,439.0,100
1719465858924,439.0,100
1719465859537,440.0,25
1719465859537,440.0,25
1719465859537,440.0,25
1719465859537,440.0,25
1719465859537,440.0,25
1719465859537,440.0,25
1719465859537,440.0,25
1719465859537,440.0,25
1719465859537,440.0,25
1719465859537,440.0,25
1719465873750,440.0,25
1719465873750,440.0,25
1719465874560,440.4,25
1719465874560,440.4,25
1719465877753,439.0,100
1719465878010,438.0,100
1719465878010,438.0,100
1719465880984,437.95,25
1719465880984,437.95,25
1719465882189,435.0,400
1719465882699,435.65,25
1719465883107,436.9,25
1719465883788,435.0,50
1719465883788,435.0,50
1719465885001,434.1,25
1719465885001,434.1,25
1719465887054,431.65,25
1719465887773,433.35,50
1719465887773,433.35,50
1719465888398,436.1,25
1719465888398,436.1,25
1719465888398,436.1,25
1719465891957,435.25,150
1719465891957,435.25,150
1719465891957,435.25,150
1719465891957,435.25,150
1719465891957,435.25,150
1719465898204,437.05,75
1719465898744,435.25,25
1719465898744,435.25,25
1719465898744,435.25,25
1719465901120,437.1,25
1719465901120,437.1,25
1719465901120,437.1,25
1719465903573,438.55,25
1719465904339,438.95,125
1719465904473,440.0,25
1719465904936,440.0,25
1719465904936,440.0,25
1719465906588,438.9,25
1719465906588,438.9,25
1719465909279,438.9,25
1719465909279,438.9,25
1719465909279,438.9,25
1719465909279,438.9,25
1719465909279,438.9,25
1719465909279,438.9,25
1719465909279,438.9,25
1719465909279,438.9,25
1719465909279,438.9,25
1719465921479,444.0,25
1719465922226,442.85,25
1719465922226,442.85,25
1719465923970,443.55,25
1719465923970,443.55,25
1719465923970,443.55,25
1719465923970,443.55,25
1719465923970,443.55,25
1719465923970,443.55,25
1719465923970,443.55,25
1719465923970,443.55,25
1719465933621,442.15,25
1719465933621,442.15,25
1719465933621,442.15,25
1719465937090,445.0,50
1719465937090,445.0,50
1719465937090,445.0,50
1719465937090,445.0,50
1719465941391,444.15,150
1719465941391,444.15,150
1719465941391,444.15,150
1719465941391,444.15,150
1719465941391,444.15,150
1719465941391,444.15,150
1719465941391,444.15,150
1719465941391,444.15,150
1719465941391,444.15,150
1719465941391,444.15,150
1719465956909,444.2,25
1719465957367,445.6,50
1719465957367,445.6,50
1719465957367,445.6,50
1719465960326,448.1,25
1719465960326,448.1,25
1719465960326,448.1,25
1719465962836,448.65,25
1719465962836,448.65,25
1719465962836,448.65,25
1719465962836,448.65,25
1719465962836,448.65,25
1719465962836,448.65,25
1719465962836,448.65,25
1719465971752,453.55,125
1719465971752,453.55,125
1719465973226,451.9,75
1719465973226,451.9,75
1719465974965,451.25,25
1719465974965,451.25,25
1719465977142,453.8,25
1719465977494,454.0,25
1719465978258,454.5,25
1719465978258,454.5,25
1719465979890,453.05,25
1719465979890,453.05,25
1719465982142,453.1,25
1719465982142,453.1,25
1719465982142,453.1,25
1719465982142,453.1,25
1719465986329,451.8,25
1719465986329,451.8,25
1719465988369,454.1,25
1719465988369,454.1,25
1719465988369,454.1,25
1719465988369,454.1,25
1719465988369,454.1,25
1719465988369,454.1,25
1719465988369,454.1,25
1719465988369,454.1,25
1719465988369,454.1,25
1719465988369,454.1,25
1719465988369,454.1,25
1719466004570,451.55,25
1719466004570,451.55,25
1719466004570,451.55,25
1719466004570,451.55,25
1719466008265,454.1,25
1719466009109,454.1,200
1719466009109,454.1,200
1719466009109,454.1,200
1719466009109,454.1,200
1719466009109,454.1,200
1719466009109,454.1,200
1719466009109,454.1,200
1719466009109,454.1,200
1719466009109,454.1,200
1719466009109,454.1,200
1719466009109,454.1,200
1719466009109,454.1,200
1719466009109,454.1,200
1719466026615,457.2,25
1719466026901,456.9,25
1719466026901,456.9,25
1719466026901,456.9,25
1719466026901,456.9,25
1719466026901,456.9,25
1719466026901,456.9,25
1719466026901,456.9,25
1719466026901,456.9,25
1719466026901,456.9,25
1719466026901,456.9,25
1719466042845,457.15,75
1719466042845,457.15,75
1719466042845,457.15,75
1719466047511,456.6,25
1719466047511,456.6,25
1719466047511,456.6,25
1719466047511,456.6,25
1719466047511,456.6,25
1719466047511,456.6,25
1719466047511,456.6,25
1719466058164,460.0,25
1719466058164,460.0,25
1719466060358,462.8,25
1719466060707,463.75,25
1719466061309,462.75,25
1719466061309,462.75,25
1719466061309,462.75,25
1719466229128,470.95,25
1719466229128,470.95,25
1719466230759,471.8,25
1719466230759,471.8,25
1719466232989,473.4,25
1719466232989,473.4,25
1719466234361,472.5,25
1719466234361,472.5,25
1719466234361,472.5,25
1719466234361,472.5,25
1719466239380,471.7,25
1719466239380,471.7,25
1719466240436,470.0,350
1719466240436,470.0,350
1719466240436,470.0,350
1719466240436,470.0,350
1719466240436,470.0,350
1719466240436,470.0,350
1719466248819,468.7,25
1719466248819,468.7,25
1719466248819,468.7,25
1719466248819,468.7,25
1719466254686,469.5,25
1719466254686,469.5,25
1719466254686,469.5,25
1719466254686,469.5,25
1719466258319,469.3,25
1719466259231,470.7,50
1719466259231,470.7,50
1719466259231,470.7,50
1719466259231,470.7,50
1719466259231,470.7,50
1719466263656,468.7,75
1719466264054,468.7,25
1719466264054,468.7,25
1719466264054,468.7,25
1719466268278,469.95,50
1719466268278,469.95,50
1719466271412,473.4,25
1719466271412,473.4,25
1719466271412,473.4,25
1719466273295,474.0,75
1719466274083,474.65,125
1719466274083,474.65,125
1719466274083,474.65,125
1719466274083,474.65,125
1719466279112,474.45,25
1719466279789,475.0,25
1719466279789,475.0,25
1719466281329,474.5,25
1719466281601,474.75,50
1719466281601,474.75,50
1719466281601,474.75,50
1719466281601,474.75,50
1719466281601,474.75,50
1719466288945,477.25,25
1719466288945,477.25,25
1719466288945,477.25,25
1719466290977,475.2,25
1719466291171,474.05,125
1719466291602,474.45,25
1719466291602,474.45,25
1719466291602,474.45,25
1719466295876,473.1,25
1719466296195,473.1,25
1719466296195,473.1,25
1719466296195,473.1,25
1719466299947,474.0,25
1719466299947,474.0,25
1719466300815,473.1,25
1719466300815,473.1,25
1719466302354,472.45,25
1719466302354,472.45,25
1719466302354,472.45,25
1719466305472,472.25,25
1719466305472,472.25,25
1719466306659,471.7,25
1719466306763,471.6,25
1719466307518,472.8,25
1719466307518,472.8,25
1719466307518,472.8,25
1719466311076,472.75,25
1719466311076,472.75,25
1719466311076,472.75,25
1719466313661,471.3,50
1719466314746,470.1,25
1719466314880,470.1,25
1719466314880,470.1,25
1719466316217,469.2,25
1719466316444,469.2,25
1719466316988,469.4,25
1719466317231,469.4,25
1719466317231,469.4,25
1719466319271,469.7,25
1719466319841,470.0,100
1719466319841,470.0,100
1719466319841,470.0,100
1719466319841,470.0,100
1719466321898,469.0,25
1719466323111,468.0,25
1719466323415,467.8,25
1719466323415,467.8,25
1719466325235,467.6,25
1719466326368,467.4,25
1719466326588,467.45,25
1719466326588,467.45,25
1719466327868,468.1,25
1719466327868,468.1,25
1719466328772,467.15,25
1719466328772,467.15,25
1719466328772,467.15,25
1719466332811,466.75,25
1719466332811,466.75,25
1719466333833,467.15,25
1719466333833,467.15,25
1719466333833,467.15,25
1719466333833,467.15,25
1719466338410,467.25,25
1719466338410,467.25,25
1719466341084,467.5,25
1719466341084,467.5,25
1719466342737,467.9,25
1719466342737,467.9,25
1719466344341,466.0,50
1719466344676,466.0,625
1719466344676,466.0,625
1719466347450,469.5,25
1719466347800,469.85,25
1719466347800,469.85,25
1719466349909,472.0,25
1719466349909,472.0,25
1719466350297,472.35,25
1719466350297,472.35,25
1719466350297,472.35,25
1719466352724,471.7,25
1719466352794,471.5,25
1719466352794,471.5,25
1719466354130,469.9,25
1719466354130,469.9,25
1719466355339,469.2,50
1719466355339,469.2,50
1719466355339,469.2,50
1719466355339,469.2,50
1719466355339,469.2,50
1719466355339,469.2,50
1719466364746,467.2,25
1719466364839,467.3,25
1719466364839,467.3,25
1719466364839,467.3,25
1719466364839,467.3,25
1719466364839,467.3,25
1719466364839,467.3,25
1719466373147,469.95,25
1719466373319,469.5,25
1719466374042,469.9,25
1719466374465,469.95,25
1719466374465,469.95,25
1719466374465,469.95,25
1719466374465,469.95,25
1719466380363,466.65,25
1719466380363,466.65,25
1719466380977,466.45,25
1719466380977,466.45,25
1719466383303,462.85,25
1719466383453,462.65,25
1719466383876,462.4,25
1719466383876,462.4,25
1719466385243,462.2,25
1719466386044,462.7,25
1719466386777,463.6,25
1719466386953,464.8,25
1719466386953,464.8,25
1719466388907,465.0,25
1719466389001,465.0,25
1719466389001,465.0,25
1719466391604,465.5,25
1719466391604,465.5,25
1719466392369,465.5,25
1719466392369,465.5,25
1719466392369,465.5,25
1719466396531,465.3,25
1719466396755,465.1,25
1719466396755,465.1,25
1719466396755,465.1,25
1719466396755,465.1,25
1719466401459,463.0,25
1719466401459,463.0,25
1719466401459,463.0,25
1719466403676,464.4,25
1719466403676,464.4,25
1719466403676,464.4,25
1719466403676,464.4,25
1719466409044,468.2,50
1719466409927,468.15,25
1719466409927,468.15,25
1719466409927,468.15,25
1719466409927,468.15,25
1719466409927,468.15,25
1719466409927,468.15,25
1719466409927,468.15,25
1719466409927,468.15,25
1719466409927,468.15,25
1719466423315,462.65,25
1719466423386,463.0,25
1719466423386,463.0,25
1719466423386,463.0,25
1719466425311,463.7,25
1719466425311,463.7,25
1719466426969,463.55,25
1719466426969,463.55,25
1719466426969,463.55,25
1719466426969,463.55,25
1719466433361,462.0,225
1719466433416,461.05,25
1719466433416,461.05,25
1719466435116,462.6,25
1719466435116,462.6,25
1719466435262,462.7,25
1719466436838,462.55,25
1719466436838,462.55,25
1719466438187,461.55,25
1719466438187,461.55,25
1719466438825,461.5,25
1719466438825,461.5,25
1719466440210,461.0,100
1719466440210,461.0,100
1719466440635,459.75,50
1719466440635,459.75,50
1719466440635,459.75,50
1719466445107,458.95,25
1719466445318,458.75,25
1719466445318,458.75,25
1719466447880,460.6,25
1719466447880,460.6,25
1719466449347,461.0,25
1719466449347,461.0,25
1719466450266,460.6,25
1719466450266,460.6,25
1719466450266,460.6,25
1719466450266,460.6,25
1719466455767,460.95,25
1719466455767,460.95,25
1719466457861,462.95,25
1719466458221,462.95,25
1719466458221,462.95,25
1719466458221,462.95,25
1719466458221,462.95,25
1719466458221,462.95,25
1719466464183,462.75,25
1719466464183,462.75,25
1719466465679,463.05,25
1719466466515,463.05,25
1719466466688,463.35,25
1719466466688,463.35,25
1719466468246,463.35,25
1719466468246,463.35,25
1719466468246,463.35,25
1719466468246,463.35,25
1719466472226,462.2,25
1719466472226,462.2,25
1719466473978,462.6,50
1719466474152,462.6,25
1719466474307,462.65,25
1719466474307,462.65,25
1719466475848,463.3,25
1719466475848,463.3,25
1719466476665,463.3,25
1719466476665,463.3,25
1719466476665,463.3,25
1719466481194,462.55,25
1719466481194,462.55,25
1719466481194,462.55,25
1719466484767,461.85,25
1719466485111,461.85,25
1719466485723,461.15,25
1719466485723,461.15,25
1719466485723,461.15,25
1719466488776,460.75,25
1719466489714,461.05,25
1719466491328,460.85,25
1719466491670,461.0,25
1719466491670,461.0,25
1719466494400,461.35,25
1719466494400,461.35,25
1719466494400,461.35,25
1719466498100,461.15,25
1719466498100,461.15,25
1719466499740,462.25,50
1719466499740,462.25,50
1719466499740,462.25,50
1719466499740,462.25,50
1719466504101,460.95,25
1719466504101,460.95,25
1719466504101,460.95,25
1719466507186,462.4,25
1719466507186,462.4,25
1719466509190,463.7,25
1719466509362,464.2,25
1719466509362,464.2,25
1719466510790,465.0,150
1719466510790,465.0,150
1719466510790,465.0,150
1719466513234,464.8,25
1719466513234,464.8,25
1719466513234,464.8,25
1719466513234,464.8,25
1719466519368,465.0,25
1719466519368,465.0,25
1719466519368,465.0,25
1719466522833,464.15,25
1719466522833,464.15,25
1719466522833,464.15,25
1719466522833,464.15,25
1719466522833,464.15,25
1719466522833,464.15,25
1719466522833,464.15,25
1719466530538,464.2,25
1719466530538,464.2,25
1719466532800,465.65,25
1719466533170,466.1,25
1719466533253,466.05,25
1719466534415,468.0,25
1719466534415,468.0,25
1719466535819,469.0,25
1719466535819,469.0,25
1719466535819,469.0,25
1719466535819,469.0,25
1719466535819,469.0,25
1719466535819,469.0,25
1719466544017,465.55,50
1719466544017,465.55,50
1719466544017,465.55,50
1719466544017,465.55,50
1719466549400,466.75,25
1719466549400,466.75,25
1719466549400,466.75,25
1719466549400,466.75,25
1719466553167,468.0,25
1719466553955,467.35,25
1719466554707,467.65,25
1719466554707,467.65,25
1719466555690,467.05,25
1719466555690,467.05,25
1719466558720,465.0,50
1719466558917,464.8,25
1719466558917,464.8,25
1719466558917,464.8,25
1719466558917,464.8,25
1719466562346,466.75,25
1719466562346,466.75,25
1719466562346,466.75,25
1719466562346,466.75,25
1719466562346,466.75,25
1719466569522,463.9,25
1719466569522,463.9,25
1719466569522,463.9,25
1719466571651,464.1,25
1719466571651,464.1,25
1719466573296,466.75,50
1719466573296,466.75,50
1719466575027,469.0,225
1719466575140,469.45,25
1719466575140,469.45,25
1719466576362,469.8,25
1719466576842,469.7,50
1719466576842,469.7,50
1719466576842,469.7,50
1719466576842,469.7,50
1719466576842,469.7,50
1719466576842,469.7,50
1719466576842,469.7,50
1719466576842,469.7,50
1719466576842,469.7,50
1719466576842,469.7,50
1719466576842,469.7,50
1719466576842,469.7,50
1719466576842,469.7,50
1719466576842,469.7,50
1719466576842,469.7,50
1719466576842,469.7,50
1719466576842,469.7,50
1719466576842,469.7,50
1719466603716,469.5,25
1719466603716,469.5,25
1719466603716,469.5,25
1719466603716,469.5,25
1719466603716,469.5,25
1719466603716,469.5,25
1719466603716,469.5,25
1719466603716,469.5,25
1719466603716,469.5,25
1719466603716,469.5,25
1719466603716,469.5,25
1719466603716,469.5,25
1719466603716,469.5,25
1719466622785,465.6,25
1719466622785,465.6,25
1719466623130,465.4,25
1719466624158,465.3,25
1719466624632,465.85,25
1719466624632,465.85,25
1719466626029,464.85,25
1719466626029,464.85,25
1719466626029,464.85,25
1719466630539,469.0,25
1719466630539,469.0,25
1719466630539,469.0,25
1719466630539,469.0,25
1719466630539,469.0,25
1719466630539,469.0,25
1719466630539,469.0,25
1719466630539,469.0,25
1719466630539,469.0,25
1719466630539,469.0,25
1719466630539,469.0,25
1719466630539,469.0,25
1719466630539,469.0,25
1719466630539,469.0,25
1719466630539,469.0,25
1719466651783,466.55,25
1719466652411,466.65,25
1719466652411,466.65,25
1719466652411,466.65,25
1719466655867,465.75,25
1719466655867,465.75,25
1719466655867,465.75,25
1719466655867,465.75,25
1719466655867,465.75,25
1719466655867,465.75,25
1719466655867,465.75,25
1719466655867,465.75,25
1719466655867,465.75,25
1719466655867,465.75,25
1719466655867,465.75,25
1719466655867,465.75,25
1719466674066,467.6,25
1719466674115,467.1,25
1719466674115,467.1,25
1719466675393,467.55,150
1719466675393,467.55,150
1719466675393,467.55,150
1719466679599,468.95,25
1719466679739,468.95,25
1719466679739,468.95,25
1719466679739,468.95,25
1719466679739,468.95,25
1719466679739,468.95,25
1719466679739,468.95,25
1719466679739,468.95,25
1719466679739,468.95,25
1719466690677,465.05,25
1719466690677,465.05,25
1719466690677,465.05,25
1719466690677,465.05,25
1719466690677,465.05,25
1719466690677,465.05,25
1719466690677,465.05,25
1719466690677,465.05,25
1719466690677,465.05,25
1719466704168,466.55,50
1719466704168,466.55,50
1719466704168,466.55,50
1719466704168,466.55,50
1719466704168,466.55,50
1719466704168,466.55,50
1719466704168,466.55,50
1719466704168,466.55,50
1719466704168,466.55,50
1719466717009,469.0,50
1719466717009,469.0,50
1719466717009,469.0,50
1719466717009,469.0,50
1719466717009,469.0,50
1719466717009,469.0,50
1719466717009,469.0,50
1719466717009,469.0,50
1719466717009,469.0,50
1719466717009,469.0,50
1719466717009,469.0,50
1719466717009,469.0,50
1719466717009,469.0,50
1719466717009,469.0,50
1719466717009,469.0,50
1719466717009,469.0,50
1719466717009,469.0,50
1719466743205,468.8,25
1719466743205,468.8,25
1719466743858,468.55,25
1719466743858,468.55,25
1719466746299,468.15,25
1719466746299,468.15,25
1719466746299,468.15,25
1719466746299,468.15,25
1719466746299,468.15,25
1719466746299,468.15,25
1719466746299,468.15,25
1719466746299,468.15,25
1719466746299,468.15,25
1719466746299,468.15,25
1719466746299,468.15,25
1719466746299,468.15,25
1719466746299,468.15,25
1719466746299,468.15,25
1719466746299,468.15,25
1719466769466,466.8,25
1719466769834,467.25,25
1719466770470,467.2,25
1719466770470,467.2,25
1719466770470,467.2,25
1719466770470,467.2,25
1719466770470,467.2,25
1719466770470,467.2,25
1719466770470,467.2,25
1719466770470,467.2,25
1719466770470,467.2,25
1719466770470,467.2,25
1719466785346,469.55,25
1719466785346,469.55,25
1719466785346,469.55,25
1719466789732,467.95,25
1719466789732,467.95,25
1719466789732,467.95,25
1719466789732,467.95,25
1719466789732,467.95,25
1719466789732,467.95,25
1719466789732,467.95,25
1719466789732,467.95,25
1719466789732,467.95,25
1719466801393,467.8,25
1719466801393,467.8,25
1719466801393,467.8,25
1719466805458,467.0,25
1719466806387,466.8,25
1719466806387,466.8,25
1719466806387,466.8,25
1719466806387,466.8,25
1719466806387,466.8,25
1719466806387,466.8,25
1719466806387,466.8,25
1719466806387,466.8,25
1719466806387,466.8,25
1719466806387,466.8,25
1719466806387,466.8,25
1719466806387,466.8,25
1719466825540,466.3,50
1719466825540,466.3,50
1719466827303,467.0,25
1719466827397,467.0,475
1719466827397,467.0,475
1719466827397,467.0,475
1719466827397,467.0,475
1719466833305,466.8,25
1719466833305,466.8,25
1719466833305,466.8,25
1719466836635,469.65,25
1719466837023,469.65,25
1719466838122,469.45,25
1719466838122,469.45,25
1719466838122,469.45,25
1719466838122,469.45,25
1719466838122,469.45,25
1719466838122,469.45,25
1719466838122,469.45,25
1719466838122,469.45,25
1719466851516,469.65,50
1719466851516,469.65,50
1719466851516,469.65,50
1719466854922,471.05,25
1719466854922,471.05,25
1719466855249,471.05,25
1719466856005,475.0,25
1719466857724,473.85,50
1719466857982,473.8,25
1719466857982,473.8,25
1719466857982,473.8,25
1719466857982,473.8,25
1719466857982,473.8,25
1719466857982,473.8,25
1719466857982,473.8,25
1719466857982,473.8,25
1719466869879,475.05,25
1719466870191,475.05,25
1719466871225,475.85,75
1719466871459,475.85,100
1719466872720,477.2,50
1719466873245,477.25,50
1719466874322,477.2,100
1719466874906,476.45,100
1719466875101,476.7,100
1719466875851,477.2,100
1719466876412,477.8,50
1719466877171,478.55,25
1719466878184,477.1,50
1719466878184,477.1,50
1719466879635,477.5,100
1719466879635,477.5,100
1719466880566,477.85,100
1719466880976,477.05,100
1719466881374,477.05,100
1719466882456,475.85,25
1719466883183,475.3,100
1719466883183,475.3,100
1719466883183,475.3,100
1719466885749,476.05,100
1719466885749,476.05,100
1719466887324,475.35,25
1719466887690,475.7,25
1719466889112,476.7,25
1719466889942,476.7,75
1719466889942,476.7,75
1719466889942,476.7,75
1719466890896,477.2,50
1719466890896,477.2,50
1719466891887,476.1,100
1719466893320,475.05,25
1719466893320,475.05,25
1719466894352,474.7,100
1719466894352,474.7,100
1719466895564,475.15,100
1719466895564,475.15,100
1719466895564,475.15,100
1719466898711,476.9,100
1719466899348,476.8,100
1719466899348,476.8,100
1719466900792,477.85,25
1719466900792,477.85,25
1719466902903,476.8,100
1719466902903,476.8,100
1719466904375,475.65,100
1719466904375,475.65,100
1719466905808,475.45,25
1719466905808,475.45,25
1719466906741,476.95,25
1719466907063,477.0,100
1719466908289,477.0,50
1719466908289,477.0,50
1719466909750,476.95,100
1719466909750,476.95,100
1719466910923,476.95,25
1719466910923,476.95,25
1719466912228,477.15,25
1719466912228,477.15,25
1719466914663,477.85,50
1719466914663,477.85,50
1719466914663,477.85,50
1719466914663,477.85,50
1719466918522,478.0,50
1719466918967,479.0,25
1719466919955,479.05,25
1719466919955,479.05,25
1719466919955,479.05,25
1719466921367,478.8,100
1719466921367,478.8,100
1719466922316,477.7,100
1719466922316,477.7,100
1719466922316,477.7,100
1719466925802,479.05,75
1719466925802,479.05,75
1719466926891,479.05,100
1719466926891,479.05,100
1719466930349,479.4,50
1719466931408,478.85,100
1719466931408,478.85,100
1719466931408,478.85,100
1719466934723,479.8,100
1719466934865,480.45,25
1719466934865,480.45,25
1719466936485,479.4,25
1719466936485,479.4,25
1719466937210,478.65,100
1719466937210,478.65,100
1719466938333,478.15,100
1719466939266,479.0,25
1719466939266,479.0,25
1719466941243,478.25,100
1719466941243,478.25,100
1719466942354,477.5,100
1719466942354,477.5,100
1719466943682,478.75,25
1719466943682,478.75,25
1719466945395,478.85,50
1719466945395,478.85,50
1719466947195,477.4,100
1719466947195,477.4,100
1719466947195,477.4,100
1719466947195,477.4,100
1719466951089,477.7,25
1719466951089,477.7,25
1719466951089,477.7,25
1719466954842,476.8,100
1719466954842,476.8,100
1719466954842,476.8,100
1719466957384,476.05,100
1719466958324,475.9,100
1719466958324,475.9,100
1719466959355,475.85,100
1719466959655,475.9,50
1719466959655,475.9,50
1719466961437,477.0,125
1719466961618,477.15,25
1719466961618,477.15,25
1719466961618,477.15,25
1719466963804,478.0,25
1719466963804,478.0,25
1719466963804,478.0,25
1719466968148,478.0,25
1719466968148,478.0,25
1719466968637,478.4,25
1719466968637,478.4,25
1719466970778,483.0,125
1719466970797,484.0,25
1719466971916,483.1,25
1719466971916,483.1,25
1719466974027,483.5,25
1719466974684,485.0,25
1719466974909,485.0,25
1719466975542,485.0,50
1719466976049,486.5,25
1719466976049,486.5,25
1719466976049,486.5,25
1719466979176,485.4,25
1719466979176,485.4,25
1719466980439,488.0,25
1719466980547,489.25,25
1719466981389,492.0,25
1719466981389,492.0,25
1719466982004,491.25,50
1719466982004,491.25,50
1719466982004,491.25,50
1719466982004,491.25,50
1719466987999,490.15,25
1719466988008,490.1,25
1719466988785,488.8,25
1719466988785,488.8,25
1719466988785,488.8,25
1719466988785,488.8,25
1719466988785,488.8,25
1719466996160,492.35,25
1719466996484,492.4,25
1719466996721,492.7,25
1719466996886,492.9,25
1719466996886,492.9,25
1719467000151,493.9,25
1719467000262,494.05,25
1719467000512,493.9,25
1719467000512,493.9,25
1719467003019,493.9,25
1719467003019,493.9,25
1719467003729,492.25,25
1719467003729,492.25,25
1719467006642,492.25,25
1719467006642,492.25,25
1719467010146,493.0,25
1719467010146,493.0,25
1719467010146,493.0,25
1719467010146,493.0,25
1719467010146,493.0,25
1719467015232,488.4,50
1719467015232,488.4,50
1719467015232,488.4,50
1719467015232,488.4,50
1719467015232,488.4,50
1719467021917,493.25,100
1719467021917,493.25,100
1719467024204,493.65,25
1719467024965,494.6,25
1719467024965,494.6,25
1719467024965,494.6,25
1719467024965,494.6,25
1719467024965,494.6,25
1719467031380,495.4,25
1719467031380,495.4,25
1719467031380,495.4,25
1719467034933,493.85,50
1719467034933,493.85,50
1719467034933,493.85,50
1719467036860,495.2,100
1719467036860,495.2,100
1719467036860,495.2,100
1719467036860,495.2,100
1719467040594,495.15,25
1719467041334,495.15,25
1719467041334,495.15,25
1719467041334,495.15,25
1719467044488,493.3,25
1719467044488,493.3,25
1719467045784,492.9,25
1719467045784,492.9,25
1719467045784,492.9,25
1719467045784,492.9,25
1719467045784,492.9,25
1719467045784,492.9,25
1719467054012,490.0,25
1719467054012,490.0,25
1719467054012,490.0,25
1719467058250,488.2,25
1719467058605,488.45,25
1719467058605,488.45,25
1719467058605,488.45,25
1719467060912,490.6,25
1719467060912,490.6,25
1719467060912,490.6,25
1719467064953,489.05,25
1719467064953,489.05,25
1719467064953,489.05,25
1719467064953,489.05,25
1719467064953,489.05,25
1719467064953,489.05,25
1719467071493,491.2,50
1719467071851,491.35,25
1719467071907,491.35,25
1719467071907,491.35,25
1719467071907,491.35,25
1719467071907,491.35,25
1719467078557,489.2,25
1719467078557,489.2,25
1719467079115,489.55,75
1719467079835,490.2,50
1719467079835,490.2,50
1719467079835,490.2,50
1719467079835,490.2,50
1719467079835,490.2,50
1719467079835,490.2,50
1719467087406,490.1,25
1719467087406,490.1,25
1719467087406,490.1,25
1719467091445,490.2,25
1719467091445,490.2,25
1719467091445,490.2,25
1719467091445,490.2,25
1719467095583,490.35,50
1719467095583,490.35,50
1719467098703,490.6,25
1719467098703,490.6,25
1719467098703,490.6,25
1719467098703,490.6,25
1719467098703,490.6,25
1719467098703,490.6,25
1719467098703,490.6,25
1719467106918,489.7,25
1719467106918,489.7,25
1719467108169,489.45,175
1719467108169,489.45,175
1719467108169,489.45,175
