time,price,volume
1719461503543,27.35,25
1719461504504,27.45,175
1719461504744,27.45,25
1719461505524,27.2,100
1719461505704,27.2,25
1719461506528,27.4,25
1719461506849,27.4,100
1719461507533,27.4,25
1719461507905,27.15,275
1719461508548,26.9,25
1719461509065,27.1,25
1719461509238,27.05,125
1719461509560,26.95,25
1719461510284,27.0,25
1719461510751,27.2,25
1719461511300,27.1,450
1719461511507,27.0,125
1719461512531,26.85,25
1719461513539,26.9,25
1719461513666,26.95,25
1719461514554,26.55,50
1719461514859,26.7,150
1719461515553,26.5,25
1719461516113,26.2,150
1719461516325,25.75,25
1719461516636,25.7,25
1719461517531,26.35,25
1719461518757,27.1,25
1719461518913,27.3,150
1719461519540,27.1,25
1719461519932,26.95,25
1719461520075,26.95,700
1719461520547,27.1,25
1719461520904,26.85,25
1719461521542,26.8,25
1719461521908,27.1,25
1719461522305,27.15,125
1719461522545,27.25,50
1719461523539,27.0,75
1719461523740,27.1,25
1719461524565,27.3,25
1719461524716,27.25,100
1719461525516,27.15,25
1719461525929,27.45,25
1719461526553,27.6,25
1719461526932,27.9,25
1719461527541,28.3,25
1719461527942,28.5,25
1719461528742,28.5,25
1719461529139,28.1,25
1719461529341,28.05,150
1719461529537,28.35,25
1719461530516,28.1,25
1719461531556,28.25,875
1719461532578,28.05,25
1719461533553,28.15,50
1719461534515,27.95,175
1719461535533,28.1,25
1719461535757,28.05,125
1719461536555,28.1,25
1719461536728,28.1,25
1719461537551,28.0,25
1719461538556,27.95,25
1719461538750,27.95,25
1719461539567,28.35,800
1719461539945,28.4,25
1719461540344,28.45,50
1719461540527,28.65,25
1719461541595,28.8,25
1719461542572,28.8,25
1719461543570,28.95,100
1719461543719,28.95,25
1719461544573,28.75,25
1719461545572,29.1,250
1719461545779,29.5,75
1719461546719,29.35,25
1719461547171,29.05,25
1719461547357,29.0,25
1719461547576,29.0,100
1719461548375,28.75,275
1719461548529,28.9,25
1719461549579,28.85,25
1719461550014,28.95,25
1719461550526,28.9,25
1719461551583,28.95,100
1719461552547,28.8,25
1719461552781,29.0,75
1719461553566,28.9,25
1719461553971,29.0,125
1719461554580,28.7,25
1719461554975,28.65,25
1719461555573,28.85,50
1719461555979,28.6,200
1719461556575,28.85,25
1719461556982,28.75,25
1719461557394,28.5,25
1719461557545,28.6,25
1719461558330,28.4,50
1719461558557,28.45,200
1719461559577,28.45,25
1719461560514,28.5,100
1719461561572,28.6,400
1719461562585,28.75,125
1719461562776,28.75,100
1719461563547,29.1,25
1719461563755,29.2,275
1719461564543,29.55,150
1719461564946,29.55,25
1719461565570,29.5,25
1719461566206,29.1,950
1719461566400,29.35,250
1719461566584,29.35,25
1719461567373,29.6,25
1719461567567,29.3,25
1719461568321,29.5,50
1719461568587,29.4,125
1719461569580,29.3,50
1719461569580,29.3,50
1719461570586,29.35,150
1719461570996,29.25,50
1719461571563,28.75,25
1719461571973,28.65,25
1719461572535,28.7,25
1719461573202,29.0,25
1719461573403,29.05,75
1719461573583,28.9,125
1719461574411,29.05,50
1719461574756,29.15,25
1719461575541,28.95,25
1719461575541,28.95,25
1719461576615,28.5,25
1719461577609,28.65,25
1719461577780,28.6,150
1719461578562,28.45,25
1719461579002,28.5,25
1719461579559,28.55,125
1719461580064,28.3,100
1719461580562,28.45,25
1719461581017,28.5,25
1719461581548,28.45,25
1719461582025,28.5,100
1719461582425,28.4,25
1719461582529,28.4,25
1719461583542,28.35,25
1719461583821,28.15,25
1719461584581,28.4,25
1719461585082,28.55,25
1719461585576,28.75,50
1719461586014,28.8,75
1719461586599,29.1,375
1719461587009,29.0,25
1719461587410,29.05,50
1719461587577,29.05,50
1719461588579,29.3,150
1719461588830,29.5,25
1719461589575,29.25,25
1719461589847,29.45,50
1719461590584,29.65,25
1719461590849,29.75,125
1719461591580,29.75,100
1719461591851,29.9,750
1719461592592,29.9,25
1719461592857,29.75,25
1719461593831,29.4,25
1719461594011,29.45,25
1719461594447,29.15,25
1719461594601,29.15,25
1719461595587,29.05,25
1719461595821,29.05,25
1719461596557,28.7,50
1719461596842,28.65,25
1719461597618,28.9,200
1719461598440,28.95,25
1719461598480,28.95,25
1719461599513,28.95,75
1719461600357,28.65,25
1719461600566,28.75,125
1719461601457,28.7,225
1719461601599,28.5,25
1719461602576,28.95,50
1719461602659,28.95,200
1719461603608,29.2,25
1719461603629,29.2,50
1719461604456,29.2,25
1719461604614,29.35,25
1719461605600,28.7,25
1719461605729,28.55,50
1719461606603,28.5,100
1719461606616,28.45,25
1719461607598,29.25,25
1719461607858,29.45,25
1719461608604,29.4,25
1719461608852,29.25,100
1719461609576,29.1,50
1719461610079,29.1,25
1719461610636,29.3,25
1719461611490,28.95,50
1719461611576,28.95,25
1719461612472,29.0,25
1719461612603,29.1,25
1719461613566,29.05,150
1719461613815,29.15,50
1719461614501,29.2,25
1719461615059,29.3,75
1719461615568,29.45,25
1719461615981,29.15,25
1719461616592,29.1,25
1719461617021,29.25,125
1719461617581,29.3,25
1719461618590,29.45,25
1719461618663,29.4,375
1719461619579,28.95,50
1719461619891,28.85,25
1719461620597,29.05,25
1719461621031,28.65,50
1719461621578,28.55,25
1719461622089,28.45,100
1719461622494,28.45,500
1719461622572,28.6,50
1719461623660,28.35,150
1719461624816,27.75,25
1719461625089,27.4,25
1719461625616,27.35,25
1719461626303,27.55,25
1719461626461,27.55,50
1719461626557,27.6,200
1719461627497,27.65,25
1719461627606,27.3,150
1719461628574,26.95,25
1719461628680,27.0,1350
1719461629605,27.15,25
1719461629881,27.2,100
1719461630618,27.0,25
1719461631088,27.2,425
1719461631623,27.5,250
1719461632062,27.75,25
1719461632618,27.6,25
1719461633074,27.4,175
1719461633600,27.65,50
1719461634240,27.4,100
1719461634512,27.5,50
1719461634625,27.55,75
1719461635474,27.85,125
1719461635625,27.75,50
1719461636627,27.65,25
1719461637685,27.6,25
1719461637914,27.55,100
1719461638625,27.7,25
1719461638895,27.85,25
1719461639620,27.75,25
1719461639911,27.7,25
1719461640072,27.55,25
1719461640620,27.8,75
1719461641116,27.55,150
1719461641609,27.95,25
1719461642123,27.95,450
1719461642615,27.95,25
1719461643082,27.7,25
1719461643507,27.8,25
1719461643634,27.75,175
1719461644535,27.85,25
1719461644623,27.8,25
1719461645631,27.8,25
1719461645695,28.1,25
1719461646823,27.9,50
1719461647621,27.9,275
1719461647908,28.1,125
1719461648608,27.85,25
1719461648938,27.85,25
1719461649619,27.95,25
1719461650304,28.1,100
1719461650518,28.05,25
1719461650622,27.95,25
1719461651594,27.7,1575
1719461652605,27.45,25
1719461652743,27.45,25
1719461653630,27.1,125
1719461653931,27.3,125
1719461654573,27.1,175
1719461654933,27.1,175
1719461655572,27.35,25
1719461655928,27.3,25
1719461656580,27.05,475
1719461656947,27.1,350
1719461657609,26.95,25
1719461657950,27.15,25
1719461658627,27.5,450
1719461659156,27.85,50
1719461659545,27.75,25
1719461659624,27.75,25
1719461660528,28.05,200
1719461661643,28.4,175
1719461661693,28.45,100
1719461662563,28.65,50
1719461662951,28.95,25
1719461663641,29.05,25
1719461663925,28.4,50
1719461664634,28.7,25
1719461664942,28.8,225
1719461665598,28.4,1000
1719461666333,28.3,300
1719461666651,28.3,25
1719461667086,28.25,50
1719461667629,28.15,25
1719461668651,27.9,50
1719461669360,28.2,25
1719461669606,27.95,25
1719461670039,27.7,75
1719461670550,28.0,25
1719461670634,28.05,300
1719461671558,28.0,25
1719461671654,28.0,25
1719461672631,28.25,25
1719461673630,28.0,25
1719461673721,28.05,25
1719461674631,28.25,575
1719461674944,28.3,25
1719461675566,28.1,250
1719461675755,28.1,300
1719461676651,27.85,25
1719461676911,27.75,25
1719461677605,27.65,25
1719461677983,27.85,50
1719461678646,28.1,25
1719461679077,28.2,100
1719461679647,28.45,25
1719461680153,28.4,50
1719461680638,28.55,100
1719461681305,28.05,25
1719461681576,28.1,125
1719461681576,28.1,125
1719461682562,27.95,25
1719461682774,27.95,25
1719461683571,27.35,125
1719461683649,27.45,25
1719461684796,27.35,125
1719461685597,27.55,100
1719461685966,27.35,25
1719461686653,27.3,25
1719461686976,27.3,50
1719461687640,27.5,50
1719461688139,27.65,25
1719461688621,27.55,25
1719461689174,27.7,25
1719461689590,27.25,100
1719461689590,27.25,100
1719461690645,27.25,50
1719461690764,27.2,125
1719461691633,27.15,50
1719461692002,27.25,50
1719461692645,27.25,225
1719461693135,27.45,75
1719461693635,27.3,50
1719461694161,27.3,25
1719461694632,27.3,25
1719461695413,27.2,25
1719461695646,27.15,25
1719461696652,27.25,75
1719461697591,27.2,25
1719461697955,27.4,25
1719461698640,27.7,125
1719461699004,28.05,825
1719461699669,27.85,25
1719461700053,27.4,550
1719461700656,27.15,25
1719461701209,26.8,1250
1719461701860,26.7,75
1719461702420,26.25,150
1719461702667,26.75,25
1719461703660,27.0,100
1719461704670,26.9,100
1719461704776,26.95,275
1719461705840,27.35,25
1719461706008,27.35,25
1719461706633,27.75,50
1719461706999,27.65,25
1719461707647,27.85,25
1719461707992,28.15,50
1719461708665,27.8,25
1719461708999,27.95,25
1719461709677,28.15,25
1719461710000,27.75,100
1719461710662,27.35,25
1719461711023,27.2,50
1719461711659,27.1,25
1719461712025,27.4,50
1719461712621,27.4,125
1719461713382,27.65,25
1719461713663,27.9,25
1719461714618,27.75,50
1719461714656,27.75,250
1719461715652,27.8,25
1719461715803,27.8,25
1719461716651,27.75,25
1719461716819,27.85,25
1719461717645,27.75,50
1719461717824,27.7,25
1719461718781,27.4,25
1719461718874,27.5,25
1719461719670,26.9,50
1719461720037,26.8,25
1719461720662,26.75,25
1719461721032,26.75,50
1719461721659,26.75,50
1719461722005,26.75,25
1719461722644,26.7,650
1719461723186,26.85,25
1719461723663,26.85,550
1719461724171,26.65,25
1719461724667,26.65,25
1719461725239,26.5,25
1719461725657,26.35,50
1719461726239,26.4,50
1719461726638,26.4,25
1719461726638,26.4,25
1719461727789,26.45,100
1719461728675,26.3,25
1719461728794,26.45,25
1719461729665,26.35,150
1719461729851,26.35,75
1719461730071,26.05,375
1719461730679,26.25,100
1719461731056,26.15,25
1719461731672,25.75,25
1719461732011,25.5,25
1719461732700,24.75,100
1719461733268,24.9,25
1719461733677,24.7,875
1719461734453,23.95,25
1719461734672,23.95,25
1719461735440,24.35,50
1719461735892,24.0,25
1719461736467,23.8,450
1719461736696,24.0,25
1719461736870,24.2,100
1719461737692,24.35,25
1719461738051,24.45,25
1719461738666,24.6,50
1719461739053,24.75,25
1719461739670,24.65,25
1719461740450,24.9,25
1719461740673,25.05,150
1719461741446,25.05,75
1719461741698,25.0,150
1719461742260,25.2,50
1719461742872,25.25,75
1719461743255,25.2,25
1719461743668,25.3,350
1719461744474,25.25,475
1719461744670,25.1,75
1719461745667,25.15,25
1719461745870,25.2,25
1719461746638,25.2,275
1719461746885,25.15,100
1719461747872,24.85,25
1719461748081,25.0,175
1719461748692,25.0,50
1719461748985,24.8,175
1719461749674,24.85,75
1719461750221,24.7,25
1719461750696,24.35,25
1719461751288,24.4,75
1719461751696,24.15,25
1719461752292,24.1,25
1719461752879,24.2,25
1719461753705,24.3,50
1719461754683,24.45,25
1719461754871,24.35,700
1719461755686,24.4,25
1719461755888,24.3,50
1719461756694,24.25,25
1719461757276,24.4,25
1719461757873,24.35,25
1719461758280,24.5,50
1719461758677,24.4,1000
1719461759485,24.2,50
1719461759688,24.05,25
1719461760061,24.45,25
1719461760686,24.15,150
1719461760905,24.0,75
1719461761676,24.15,50
1719461761893,23.95,175
1719461762710,23.7,50
1719461763886,24.1,25
1719461764110,23.9,25
1719461764678,23.55,200
1719461765085,23.65,250
1719461765886,24.1,125
1719461766512,23.9,250
1719461766713,23.85,25
1719461767302,23.95,50
1719461767690,23.95,50
1719461768493,24.15,75
1719461768676,24.1,25
1719461768868,23.85,250
1719461769689,24.0,50
1719461770708,23.75,25
1719461771699,23.95,25
1719461771908,24.05,200
1719461772910,23.95,75
1719461773069,24.0,25
1719461773686,23.9,25
1719461774118,24.15,50
1719461774699,24.25,500
1719461775321,23.95,200
1719461775694,23.95,50
1719461776290,24.05,100
1719461776696,24.15,50
1719461777327,24.1,800
1719461777716,24.15,25
1719461778325,24.0,100
1719461778702,24.05,25
1719461779327,24.05,50
1719461779643,24.05,25
1719461780512,24.05,25
1719461780715,24.15,150
1719461781903,24.1,25
1719461782718,23.7,25
1719461783078,23.95,25
1719461783697,23.65,25
1719461784117,23.65,100
1719461784716,23.85,50
1719461785104,23.7,600
1719461785698,23.5,25
1719461786328,23.25,25
1719461786726,22.75,25
1719461787343,22.9,25
1719461787682,22.8,75
1719461788550,22.8,50
1719461788922,22.85,25
1719461789700,22.65,75
1719461789903,22.6,25
1719461792886,23.15,25
1719461793130,23.1,25
1719461793736,23.0,25
1719461794308,23.2,75
1719461794730,23.15,250
1719461795336,23.0,25
1719461795659,23.2,25
1719461796339,22.95,100
1719461796713,23.05,50
1719461797337,23.1,25
1719461797708,23.1,150
1719461797944,22.8,25
1719461798727,22.6,25
1719461798931,22.7,200
1719461799707,22.9,25
1719461800147,23.05,25
1719461800713,22.95,25
1719461801146,23.05,125
1719461801707,22.8,650
1719461802140,23.05,25
1719461802941,22.85,50
1719461803700,22.75,25
1719461817735,23.2,50
1719461818160,23.3,1000
1719461818717,23.35,25
1719461860759,24.35,800
1719461860836,24.25,25
1719461861756,23.95,75
1719461862033,23.9,25
1719461862834,24.05,50
1719461863729,24.1,25
1719461864036,24.0,100
1719461864763,23.9,25
1719461865203,24.0,25
1719461865666,23.85,25
1719461872748,24.1,25
1719461873410,24.25,425
1719461873944,24.2,25
1719461874454,24.3,25
1719461874769,24.45,25
1719461875646,24.35,25
1719461875787,24.3,25
1719461876960,24.45,25
1719461877204,24.4,25
1719461877761,24.5,25
1719461878199,24.35,25
1719461878767,24.4,100
1719461879250,24.5,250
1719461879732,24.4,25
1719461880054,24.45,25
1719461880444,24.25,25
1719461880768,24.1,25
1719461881461,24.15,500
1719461881874,24.5,25
1719461881957,24.45,75
1719461882756,24.4,25
1719461882842,24.4,25
1719461883768,24.3,25
1719461884063,24.25,25
1719461884736,24.15,25
1719461885074,24.1,175
1719461885776,24.1,50
1719461886049,24.2,25
1719461886779,24.15,75
1719461887192,24.15,100
1719461887761,24.05,100
1719461888071,24.2,75
1719461888757,24.4,50
1719461889015,24.1,25
1719461889727,24.2,25
1719461890077,24.35,100
1719461890973,24.35,25
1719461891467,24.45,75
1719461891730,24.3,25
1719461892441,24.4,25
1719461892790,24.5,25
1719461893428,24.5,25
1719461893789,24.5,25
1719461894464,24.4,50
1719461894780,24.4,200
1719461894843,24.45,25
1719461895932,24.45,300
1719461896073,24.4,50
1719461896705,24.2,50
1719461897067,24.3,100
1719461897769,24.3,25
1719461897968,24.25,25
1719461898767,24.4,250
1719461899068,24.5,75
1719461899726,24.35,25
1719461900086,24.45,100
1719461900676,24.35,25
1719461901107,24.3,25
1719461901757,24.3,50
1719461902495,24.1,75
1719461902800,24.05,250
1719461903479,24.0,25
1719461903805,24.1,50
1719461904067,24.1,25
1719461904777,24.15,25
1719461904890,24.4,75
1719461905783,24.4,50
1719461906033,24.45,25
1719461906770,24.65,175
1719461907305,24.6,50
1719461907783,24.3,25
1719461908509,24.45,50
1719461908755,24.5,25
1719461908917,24.65,50
1719461909777,24.55,75
1719461910078,24.45,25
1719461910779,24.8,100
1719461911304,25.0,75
1719461911985,25.1,100
1719461912515,24.9,75
1719461912786,24.85,75
1719461913265,24.7,125
1719461913771,24.85,50
1719461914516,25.35,25
1719461914750,25.25,50
1719461915490,25.3,100
1719461915785,25.2,25
1719461916322,25.15,100
1719461916702,25.45,1225
1719461917523,24.95,25
1719461917771,25.05,25
1719461918114,25.0,25
1719461918760,25.1,25
1719461919108,25.0,600
1719461919797,25.15,25
1719461920273,25.15,175
1719461920781,24.95,25
1719461921331,24.8,25
1719461922006,24.7,25
1719461922333,24.55,425
1719461922762,24.8,25
1719461923252,24.85,150
1719461923805,24.8,50
1719461924538,24.9,200
1719461924933,24.9,25
1719461925794,24.5,150
1719461926133,24.35,25
1719461926776,24.5,25
1719461927314,24.7,425
1719461927771,24.7,25
1719461928330,24.55,50
1719461928776,24.55,50
1719461929340,24.6,100
1719461929783,24.7,25
1719461930495,24.55,25
1719461930809,24.5,25
1719461931524,24.5,100
1719461931802,24.6,75
1719461932540,24.65,125
1719461932799,24.5,25
1719461932917,24.6,25
1719461933795,24.7,25
1719461934144,24.75,225
1719461934756,24.65,25
1719461935119,24.8,425
1719461935775,24.65,25
1719461936359,24.85,25
1719461936744,24.85,50
1719461937290,24.95,100
1719461937778,24.95,25
1719461938489,25.0,150
1719461938734,24.85,25
1719461939777,24.55,25
1719461940066,24.6,50
1719461940810,24.35,100
1719461941154,24.45,25
1719461941808,24.55,900
1719461942055,24.65,25
1719461942794,24.6,25
1719461943122,24.55,25
1719461943798,24.45,50
1719461944374,24.5,25
1719461944821,24.45,25
1719461945527,24.35,200
1719461945975,24.25,50
1719461946355,24.1,100
1719461946795,24.0,25
1719461947558,24.0,25
1719461947801,24.0,100
1719461948543,24.0,25
1719461948759,24.05,25
1719461949571,23.85,100
1719461949792,23.95,150
1719461950810,24.0,25
1719461950972,23.95,25
1719461951808,23.85,25
1719461952154,23.8,100
1719461952798,23.9,25
1719461953131,23.8,25
1719461953792,23.75,125
1719461954173,23.7,25
1719461954769,23.75,125
1719461955811,23.85,75
1719461955991,23.75,25
1719461956784,23.85,50
1719461956961,23.85,25
1719461957807,23.8,75
1719461957979,23.7,25
1719461958811,23.3,50
1719461958908,23.35,125
1719461959757,23.3,25
1719461960364,22.9,50
1719461960890,22.6,25
1719461961180,22.55,100
1719461961815,21.9,25
1719461962262,22.0,50
1719461962823,22.15,175
1719461963375,21.65,50
1719461963830,21.95,75
1719461964393,22.15,25
1719461964814,22.1,425
1719461965347,22.0,25
1719461966024,22.05,25
1719461966388,22.2,25
1719461966828,22.4,25
1719461967832,22.2,50
1719461967983,22.5,75
1719461968803,22.4,25
1719461969007,22.25,25
1719461969688,22.1,75
1719461970034,22.15,25
1719461970971,22.2,575
1719461971823,22.1,25
1719461972211,22.1,250
1719461972817,22.2,300
1719461972991,22.15,150
1719461973756,22.2,175
1719461974002,22.35,650
1719461974811,22.35,25
1719461975202,22.25,225
1719461975836,22.35,150
1719461976224,22.4,25
1719461976810,22.35,50
1719461977386,22.3,200
1719461977818,22.25,100
1719461978611,22.25,400
1719461978827,22.35,25
1719461979827,22.3,25
1719461980032,22.1,200
1719461980828,22.2,25
1719461981023,22.15,25
1719461981815,22.15,25
1719461982032,22.15,175
1719461982812,22.0,25
1719461983036,21.75,25
1719461983834,21.5,25
1719461984422,21.2,25
1719461984802,21.15,100
1719461985428,21.4,1200
1719461985832,21.55,25
1719461986620,21.5,25
1719461986758,21.4,75
1719461987647,21.65,25
1719461987856,21.75,275
1719461988615,21.7,200
1719461988811,21.7,150
1719461988912,21.65,250
1719461989831,21.6,250
1719461990191,21.55,250
1719461990795,21.7,500
1719461991238,21.7,150
1719461991838,21.7,100
1719461992036,21.75,25
1719461992788,21.75,75
1719461993037,21.9,25
1719461993829,21.65,150
1719461994451,21.6,25
1719461994830,21.65,50
1719461995433,21.5,25
1719461995841,21.3,25
1719461996627,21.6,25
1719461997040,21.6,575
1719461997850,21.65,375
1719461998058,21.7,125
1719461998824,21.7,25
1719461999037,21.6,25
1719461999797,21.4,25
1719462000061,21.55,75
1719462000241,21.5,25
1719462000817,21.5,25
1719462001452,21.5,25
1719462001843,21.0,525
1719462002863,20.95,25
1719462003828,21.3,50
1719462004051,21.3,25
1719462004848,21.35,600
1719462005048,21.35,25
1719462005842,21.35,25
1719462006250,21.15,275
1719462006850,21.1,50
1719462007650,20.75,800
1719462007845,20.7,25
1719462008646,20.65,25
1719462008861,20.45,50
1719462009658,20.65,50
1719462009858,20.65,175
1719462010848,20.75,200
1719462011041,20.8,25
1719462011267,20.75,25
1719462011825,21.0,50
1719462012047,21.05,450
1719462012862,20.75,25
1719462013062,20.65,25
1719462013866,20.75,250
1719462014133,20.75,50
1719462014860,20.9,125
1719462015257,20.7,150
1719462016071,20.6,200
1719462016824,20.7,25
1719462017049,20.7,25
1719462017870,20.4,75
1719462018655,20.35,25
1719462018835,20.3,75
1719462019477,20.65,25
1719462019841,20.5,25
1719462020489,20.45,200
1719462021067,20.4,150
1719462021673,20.6,25
1719462021839,20.6,500
1719462022670,21.1,25
1719462022834,21.05,25
1719462023667,21.2,675
1719462023808,21.2,25
1719462024074,21.0,25
1719462025050,21.35,25
1719462025284,21.3,25
1719462025812,21.25,125
1719462026279,21.2,250
1719462026801,21.3,25
1719462027673,21.35,275
1719462027839,21.45,25
1719462028083,21.35,25
1719462028848,21.3,1200
1719462029016,21.15,25
1719462029858,21.3,25
1719462030049,21.25,50
1719462030277,21.15,600
1719462030813,21.1,50
1719462031402,21.15,25
1719462031849,21.0,25
1719462032456,21.05,75
1719462032860,21.1,25
1719462033467,21.2,75
1719462033832,21.15,25
1719462034673,21.25,250
1719462034815,21.15,25
1719462035654,21.4,25
1719462035857,21.4,25
1719462036241,21.35,100
1719462036855,21.15,25
1719462037090,21.1,50
1719462037863,21.3,50
1719462038270,21.45,100
1719462039037,21.3,450
1719462039494,21.2,75
1719462039870,21.2,25
1719462040685,21.2,125
1719462040874,21.15,75
1719462041706,21.35,25
1719462041862,21.5,25
1719462042626,21.4,50
1719462042828,21.3,25
1719462043075,21.35,25
1719462043858,21.5,25
1719462044292,21.7,50
1719462044879,21.45,25
1719462045306,21.4,75
1719462045846,21.45,50
1719462046509,21.3,150
1719462046843,21.3,175
1719462047461,21.35,50
1719462047882,21.3,25
1719462048685,21.1,25
1719462048823,21.0,100
1719462049096,21.2,75
1719462049834,21.05,50
1719462050270,20.85,400
1719462050872,20.75,50
1719462051517,20.8,25
1719462051871,20.9,100
1719462052691,20.6,1050
1719462052853,20.6,50
1719462053612,20.45,950
1719462053874,20.3,100
1719462054908,20.65,50
1719462055094,20.75,750
1719462055890,20.8,25
1719462056293,20.9,100
1719462056874,20.95,25
1719462057501,20.9,225
1719462057893,21.1,500
1719462058489,21.15,25
1719462058845,21.45,25
1719462059710,21.3,250
1719462059894,21.3,200
1719462060081,21.15,25
1719462060912,21.05,25
1719462061124,20.95,25
1719462061890,20.7,100
1719462062254,20.7,25
1719462063072,20.9,50
1719462063327,20.9,150
1719462063849,21.05,25
1719462064468,21.4,200
1719462064891,21.4,75
1719462065516,21.55,50
1719462065870,21.5,25
1719462066529,21.45,50
1719462066874,21.5,25
1719462067728,21.6,25
1719462068127,21.55,25
1719462068888,21.3,25
1719462069121,21.25,200
1719462069887,21.4,25
1719462070303,21.45,25
1719462070829,21.35,25
1719462071316,21.4,25
1719462071828,21.4,25
1719462072340,21.4,25
1719462072884,21.4,100
1719462073457,21.4,25
1719462073873,21.35,425
1719462074689,21.25,25
1719462074800,21.15,75
1719462075632,21.3,25
1719462075890,21.35,25
1719462076714,21.15,50
1719462076874,21.3,200
1719462077940,21.15,100
1719462078076,21.15,75
1719462078848,21.1,25
1719462079331,21.1,300
1719462079770,21.2,50
1719462080302,21.2,25
1719462080889,21.15,25
1719462081555,21.25,75
1719462081873,21.35,50
1719462082719,21.65,50
1719462082911,21.75,250
1719462083908,21.55,50
1719462084079,21.55,25
1719462084824,21.85,175
1719462085106,21.8,200
1719462085856,21.75,75
1719462086332,21.65,450
1719462086892,21.65,25
1719462087182,21.5,250
1719462087896,21.55,100
1719462088564,21.55,25
1719462088843,21.5,25
1719462089388,21.65,50
1719462089806,21.75,25
1719462090057,21.7,150
1719462090531,21.6,25
1719462090912,21.65,25
1719462091560,21.75,25
1719462091854,21.75,350
1719462092752,21.8,25
1719462092841,21.65,125
1719462093139,21.85,25
1719462093897,22.0,50
1719462094161,22.1,500
1719462094901,22.2,50
1719462095103,22.1,50
1719462095918,21.8,150
1719462096348,21.8,600
1719462096901,21.85,25
1719462097512,21.75,25
1719462097846,21.75,25
1719462098746,21.9,100
1719462098787,21.9,50
1719462099769,21.7,25
1719462099872,21.6,100
1719462100769,21.8,25
1719462100854,21.85,25
1719462101362,21.95,25
1719462101724,21.9,125
1719462102372,21.75,500
1719462102855,21.95,100
1719462103382,22.0,525
1719462103816,21.9,25
1719462104525,21.9,50
1719462104900,21.85,25
1719462105606,21.95,25
1719462105892,22.1,25
1719462106758,22.0,225
1719462106853,22.05,25
1719462107168,22.05,25
1719462107881,22.05,75
1719462108108,22.05,25
1719462108902,21.65,25
1719462109407,21.85,50
1719462109880,21.55,25
1719462110189,21.45,25
1719462110883,21.3,25
1719462111358,21.55,25
1719462111918,21.65,100
1719462112296,21.6,25
1719462112892,21.15,675
1719462113572,21.35,25
1719462113915,21.4,100
1719462114553,21.6,100
1719462114916,21.5,675
1719462115579,21.5,25
1719462115922,21.65,250
1719462116585,21.6,25
1719462116911,21.65,700
1719462117870,21.7,125
1719462117870,21.7,125
1719462118166,21.75,25
1719462118890,22.0,50
1719462119382,22.1,25
1719462119909,22.05,75
1719462120031,21.85,75
1719462120327,21.95,25
1719462120926,21.8,25
1719462121328,21.9,25
1719462121865,22.25,50
1719462122412,22.25,325
1719462122854,22.15,250
1719462123609,22.1,25
1719462123809,22.25,25
1719462124609,22.3,25
1719462124831,22.35,25
1719462125919,22.35,650
1719462126226,22.2,50
1719462126925,22.25,25
1719462127401,22.2,50
1719462127913,22.2,125
1719462128605,22.2,25
1719462129089,22.4,50
1719462129600,22.2,350
1719462129922,22.15,25
1719462130818,22.4,25
1719462130933,22.5,150
1719462131395,22.45,100
1719462131933,22.3,325
1719462132407,22.35,25
1719462132913,22.5,50
1719462133377,22.55,25
1719462133924,22.1,25
1719462134626,22.0,625
1719462134929,21.9,25
1719462135618,22.2,25
1719462135837,22.1,25
1719462136632,21.9,300
1719462136901,22.0,25
1719462137923,22.3,25
1719462138223,22.35,50
1719462138910,22.6,25
1719462139224,22.65,100
1719462139931,22.55,25
1719462140424,22.5,50
1719462140911,22.6,75
1719462141419,22.4,450
1719462141896,22.4,25
1719462142609,22.6,300
1719462143103,22.65,25
1719462143593,22.6,25
1719462143890,22.5,25
1719462144508,22.5,25
1719462144931,22.65,150
1719462145635,22.6,50
1719462145921,22.6,125
1719462146886,22.35,25
1719462147437,22.15,25
1719462147922,22.45,325
1719462148455,22.3,100
1719462148895,22.25,75
1719462149316,22.5,75
1719462149857,22.35,125
1719462150041,22.35,25
1719462150417,22.25,50
1719462150862,22.5,25
1719462151604,22.55,25
1719462151858,22.5,25
1719462152628,22.6,100
1719462152933,22.65,50
1719462153827,22.55,25
1719462153934,22.5,25
1719462154206,22.55,450
1719462154890,22.45,75
1719462155417,22.55,225
1719462155936,22.55,25
1719462156519,22.6,250
1719462156930,22.65,150
1719462157461,22.55,25
1719462157932,22.55,25
1719462158943,22.75,425
1719462159619,22.75,450
1719462159945,22.85,50
1719462160624,22.9,50
1719462160908,22.85,25
1719462161894,22.9,25
1719462162441,22.85,25
1719462162943,23.05,25
1719462163466,23.2,75
1719462163919,23.0,125
1719462164625,23.1,50
1719462164858,23.15,25
1719462165656,23.05,25
1719462165938,22.95,25
1719462166839,22.8,25
1719462166902,22.9,50
1719462167266,23.0,375
1719462167925,23.1,100
1719462168203,23.1,75
1719462168925,23.25,50
1719462169455,23.35,25
1719462169907,23.5,25
1719462170654,23.15,25
1719462170927,23.15,25
1719462171457,23.3,25
1719462171928,23.15,25
1719462172481,23.1,200
1719462172954,22.95,50
1719462173481,22.65,25
1719462173940,22.75,150
1719462174485,22.65,175
1719462174915,22.55,50
1719462175673,22.45,225
1719462175953,22.55,100
1719462176691,22.95,150
1719462176901,22.9,125
1719462177677,23.2,250
1719462177942,23.25,25
1719462178843,23.65,50
1719462178953,23.65,400
1719462179900,23.4,50
1719462180016,23.4,25
1719462180289,23.3,25
1719462180887,23.4,25
1719462181496,23.45,25
1719462181967,23.55,100
1719462182470,23.35,75
1719462182929,23.3,400
1719462183296,23.15,25
1719462183954,23.5,25
1719462184247,23.45,25
1719462184950,23.55,25
1719462185261,23.4,100
1719462185958,23.3,25
1719462186304,23.2,50
1719462186948,23.4,25
1719462187306,23.35,25
1719462187946,23.3,100
1719462188268,23.45,100
1719462188950,23.35,25
1719462189506,23.3,25
1719462189898,23.35,100
1719462190487,23.4,100
1719462190967,23.3,75
1719462191495,23.35,25
1719462191969,23.05,325
1719462192516,23.0,125
1719462192957,23.15,25
1719462193513,23.1,50
1719462194090,23.35,50
1719462194694,23.4,75
1719462194936,23.4,100
1719462195971,23.25,25
1719462196950,23.2,25
1719462197311,23.3,100
1719462197960,23.1,25
1719462198284,23.2,100
1719462198971,23.25,75
1719462199512,23.0,200
1719462199912,23.15,25
1719462200486,23.1,25
1719462200930,23.05,25
1719462201714,23.0,150
1719462201959,22.9,25
1719462202964,22.85,50
1719462203927,22.8,75
1719462203973,22.8,300
1719462204948,22.45,25
1719462205113,22.55,425
1719462205332,22.45,75
1719462205935,22.35,50
1719462206549,22.3,100
1719462206956,22.4,25
1719462207542,22.35,75
1719462207936,22.45,25
1719462208334,22.6,100
1719462208963,22.75,100
1719462209546,22.8,75
1719462209951,23.0,25
1719462210477,22.9,25
1719462210983,23.0,25
1719462211524,23.1,200
1719462211987,23.05,50
1719462212539,23.05,150
1719462212942,22.9,400
1719462213760,22.85,300
1719462213925,22.85,25
1719462214688,23.0,100
1719462214979,23.0,50
1719462215538,23.1,100
1719462215831,23.15,25
1719462216536,23.15,75
1719462216965,23.1,100
1719462217756,22.95,50
1719462217988,23.1,25
1719462218928,23.0,1000
1719462218928,23.0,1000
1719462219354,22.95,175
1719462219962,23.0,25
1719462220558,22.9,25
1719462220995,23.0,25
1719462221709,23.1,25
1719462221974,23.15,25
1719462222734,23.1,25
1719462222983,23.1,25
1719462223714,23.15,75
1719462223977,23.05,25
1719462224913,23.1,25
1719462224966,23.15,100
1719462225541,23.05,25
1719462225965,22.95,50
1719462226498,22.95,500
1719462226965,23.0,25
1719462227564,23.2,50
1719462227975,23.1,75
1719462228547,23.05,25
1719462228998,23.05,50
1719462229646,23.2,25
1719462229980,23.25,25
1719462230773,23.45,25
1719462231004,23.5,25
1719462231964,23.2,25
1719462232167,23.25,25
1719462232374,23.35,625
1719462232997,23.5,25
1719462233291,23.4,25
1719462233967,23.1,25
1719462234381,23.15,75
1719462234933,23.15,25
1719462235532,23.3,25
1719462235963,23.3,25
1719462236702,23.35,100
1719462236974,23.45,150
1719462237991,23.55,25
1719462238962,23.35,25
1719462240048,23.15,25
1719462240180,23.2,50
1719462240371,23.0,375
1719462240961,23.0,25
1719462241383,22.8,50
1719462242017,22.7,100
1719462242563,22.8,25
1719462242979,22.75,475
1719462243375,22.65,25
1719462243991,22.75,50
1719462244402,22.55,25
1719462244962,22.6,25
1719462245351,22.5,25
1719462245985,22.65,50
1719462246779,22.2,50
1719462246999,22.05,25
1719462247311,22.45,175
1719462247954,22.3,75
1719462248510,22.05,50
1719462248891,22.05,100
1719462249567,22.3,875
1719462249991,22.35,75
1719462250771,22.4,25
1719462250998,22.5,25
1719462251405,22.4,375
1719462251996,22.45,275
1719462252397,22.5,25
1719462253006,22.9,50
1719462253375,22.75,25
1719462253992,22.6,75
1719462254638,22.55,550
1719462254974,22.45,50
1719462256009,22.5,250
1719462256983,22.65,25
1719462258000,22.65,250
1719462258788,22.8,50
1719462259990,22.65,50
1719462260200,22.65,25
1719462260385,22.6,125
1719462261008,22.65,200
1719462261524,22.6,400
1719462261931,22.5,100
1719462262804,22.5,25
1719462262851,22.4,100
1719462263727,22.4,125
1719462264007,22.15,125
1719462264781,22.35,25
1719462265009,22.3,25
1719462265807,22.05,350
1719462265953,22.2,50
1719462266827,22.1,50
1719462266958,22.05,25
1719462267992,21.75,25
1719462268212,21.85,350
1719462268432,21.9,25
1719462268991,21.95,200
1719462269424,21.75,100
1719462270024,21.65,125
1719462270626,21.9,75
1719462271011,22.0,50
1719462271790,21.85,25
1719462272002,21.9,850
1719462272961,21.8,25
1719462274030,21.75,75
1719462275005,21.85,25
1719462275210,21.85,925
1719462275357,21.9,125
1719462275993,21.6,250
1719462276444,21.85,25
1719462277004,21.6,25
1719462277621,21.25,25
1719462278229,21.35,50
1719462278624,21.25,350
1719462279009,21.2,25
1719462279780,21.1,500
1719462280026,21.15,475
1719462280847,20.85,475
1719462281005,20.9,25
1719462282006,20.7,250
1719462283027,21.0,25
1719462283228,21.1,25
1719462283437,20.95,25
1719462284023,21.0,25
1719462284441,21.1,75
1719462285009,21.45,175
1719462285415,21.2,150
1719462286026,21.25,25
1719462286616,21.2,50
1719462286956,21.25,175
1719462287577,21.3,25
1719462288005,21.45,25
1719462288665,21.35,50
1719462289035,21.45,25
1719462289636,21.25,25
1719462290191,21.1,25
1719462290457,21.05,25
1719462291019,20.85,25
1719462291652,20.7,50
1719462292027,20.6,175
1719462292860,20.55,25
1719462293025,20.7,25
1719462293863,20.85,25
1719462294212,21.05,50
1719462294444,21.05,950
1719462295002,21.15,300
1719462295631,20.85,25
1719462296012,21.0,25
1719462296612,21.1,25
1719462297026,21.1,25
1719462297667,20.95,25
1719462298028,21.0,175
1719462298469,21.0,75
1719462298997,20.95,50
1719462328236,19.25,25
1719462328518,19.05,200
1719462329043,19.1,25
1719462330930,19.2,25
1719462331051,19.15,25
1719462331906,19.05,75
1719462332042,19.1,25
1719462332519,19.25,250
1719462333060,19.4,25
1719462333706,19.25,25
1719462334033,19.15,125
1719462334958,19.4,25
1719462335914,19.3,175
1719462336057,19.3,100
1719462336919,19.2,100
1719462337255,19.15,25
1719462338049,19.5,100
1719462338734,19.45,150
1719462339061,19.4,25
1719462339920,19.3,25
1719462340009,19.25,25
1719462341032,19.35,75
1719462341924,19.45,125
1719462342043,19.45,25
1719462348729,19.65,50
1719462348978,19.5,25
1719462349511,19.35,25
1719462349990,19.3,150
1719462350680,19.3,25
1719462351044,19.4,25
1719462351846,19.4,25
1719462352053,19.45,50
1719462353151,19.55,50
1719462354255,19.5,50
1719462354997,19.4,25
1719462355149,19.45,100
1719462355750,19.4,125
1719462356008,19.5,25
1719462356933,19.6,25
1719462357774,19.5,25
1719462358069,19.55,25
1719462359166,19.7,325
1719462359510,19.65,25
1719462360067,19.75,25
1719462360659,19.65,25
1719462361023,19.75,300
1719462361867,19.45,50
1719462362067,19.5,50
1719462363074,19.6,25
1719462363955,19.75,50
1719462364037,19.6,50
1719462365177,19.95,150
1719462366043,19.9,25
1719462366151,19.95,25
1719462366783,20.0,25
1719462367066,19.95,25
1719462367981,19.9,50
1719462368068,19.9,100
1719462368775,19.85,175
1719462369072,19.95,25
1719462369969,19.8,25
1719462370001,19.75,25
1719462370962,19.6,150
1719462371044,19.6,25
1719462372002,19.55,50
1719462373226,19.55,150
1719462405641,18.1,125
1719462406063,18.0,50
1719462406649,18.05,25
1719462407089,17.85,25
1719462408105,17.45,25
1719462408847,17.15,50
1719462409298,17.25,25
1719462410054,17.6,25
1719462413302,17.25,25
1719462414088,17.15,25
1719462414240,17.1,25
1719462415109,16.75,25
1719462415456,16.7,25
1719462416299,16.65,50
1719462416460,16.5,25
1719462416657,16.7,50
1719462417107,16.7,575
1719462417866,16.5,75
1719462418076,16.45,50
1719462418872,16.35,25
1719462419276,16.2,300
1719462420081,16.2,500
1719462420305,16.0,75
1719462421114,15.9,150
1719462421462,15.9,25
1719462422118,15.6,50
1719462422671,15.65,50
1719462423314,15.35,75
1719462423874,15.45,75
1719462424109,15.55,100
1719462425082,15.6,50
1719462425299,15.5,25
1719462426109,15.4,125
1719462426260,15.4,25
1719462426883,15.25,25
1719462427111,15.25,125
1719462427684,15.4,200
1719462428109,15.4,1000
1719462428684,15.35,25
1719462429323,15.3,675
1719462429894,15.35,50
1719462430118,15.35,25
1719462431109,15.55,50
1719462432079,15.45,50
1719462432124,15.4,50
1719462433100,15.6,325
1719462433291,15.5,75
1719462434109,15.45,75
1719462434294,15.4,25
1719462435110,15.35,25
1719462435295,15.3,125
1719462436135,15.05,50
1719462436296,15.2,25
1719462436879,15.15,100
1719462437110,15.2,175
1719462437891,15.15,50
1719462438114,15.0,50
1719462438900,14.95,25
1719462439118,15.0,50
1719462440057,15.05,25
1719462440306,15.2,25
1719462441090,15.15,50
1719462441090,15.15,50
1719462441898,15.0,50
1719462442114,14.95,50
1719462443103,15.1,150
1719462443319,14.95,25
1719462444114,14.85,175
1719462444303,14.85,25
1719462445125,14.65,400
1719462445319,14.55,50
1719462446093,14.65,50
1719462446460,14.55,100
1719462446709,14.65,150
1719462447124,14.75,75
1719462447711,14.85,50
1719462448113,14.75,50
1719462448733,14.85,25
1719462449336,14.8,25
1719462449899,14.8,25
1719462450116,14.75,975
1719462450918,14.9,100
1719462451127,14.85,25
1719462451923,14.75,50
1719462452123,14.65,500
1719462452923,14.9,100
1719462453336,14.8,200
1719462453918,14.7,75
1719462454130,14.75,25
1719462454894,14.7,150
1719462455127,14.6,25
1719462457117,14.75,25
1719462457919,14.65,25
1719462458129,14.65,175
1719462459108,14.7,25
1719462459712,14.75,375
1719462460105,14.6,75
1719462460931,14.55,125
1719462461144,14.65,25
1719462461931,14.55,25
1719462462333,14.3,25
1719462462742,14.2,25
1719462463130,14.1,175
1719462463734,14.1,200
1719462464130,14.0,150
1719462464743,14.1,100
1719462465126,14.15,50
1719462466143,13.85,150
1719462466355,13.75,25
1719462467129,13.7,75
1719462468142,14.0,25
1719462468370,14.0,25
1719462469328,14.05,25
1719462470124,13.75,25
1719462470355,13.85,100
1719462471137,13.65,50
1719462471559,13.8,325
1719462471953,14.1,25
1719462472128,13.9,25
1719462473202,13.55,25
1719462473331,13.65,50
1719462474143,13.9,25
1719462474361,13.8,25
1719462475137,13.7,25
1719462475348,13.65,150
1719462476332,13.3,25
1719462476332,13.3,25
1719462477166,13.4,25
1719462477569,13.5,25
1719462478118,13.6,25
1719462478546,13.65,25
1719462479125,13.7,75
1719462479552,13.8,600
1719462479739,13.7,50
1719462480083,13.6,200
1719462480329,13.6,25
1719462481145,13.4,275
1719462481171,13.4,100
1719462482148,13.3,25
1719462482367,13.25,125
1719462483336,13.25,50
1719462483560,13.2,50
1719462483772,13.2,25
1719462486155,13.3,25
1719462487122,13.25,25
1719462487166,13.25,50
1719462488350,13.4,25
1719462488369,13.4,25
1719462489142,13.25,50
1719462489553,13.25,50
1719462489754,13.4,25
1719462490148,13.3,25
1719462490958,13.15,50
1719462491356,13.25,25
1719462491776,13.15,25
1719462492115,13.1,25
1719462492934,13.15,50
1719462493171,13.15,50
1719462493992,13.3,25
1719462494365,13.1,150
1719462495152,13.1,600
1719462495382,13.2,125
1719462496152,13.25,175
1719462496381,13.15,25
1719462497134,13.15,25
1719462497380,13.15,50
1719462498348,13.05,25
1719462498557,13.05,25
1719462498797,13.1,550
1719462499155,13.1,100
1719462499801,13.2,50
1719462500150,13.1,275
1719462500991,13.0,25
1719462501365,13.15,25
1719462502162,13.2,25
1719462502174,13.15,225
1719462503162,13.2,25
1719462510049,12.7,25
1719462510365,12.7,25
1719462511149,12.6,75
1719462511198,12.55,50
1719462512199,12.6,25
1719462512370,12.55,500
1719462513160,12.25,50
1719462513415,12.3,25
1719462514169,12.4,25
1719462514612,12.35,25
1719462514819,12.35,50
1719462515333,12.4,25
1719462515829,12.35,25
1719462516172,12.4,25
1719462517154,12.2,25
1719462518404,12.35,50
1719462519159,12.4,25
1719462519400,12.45,250
1719462520168,12.25,50
1719462520612,12.25,1275
1719462521150,12.4,100
1719462521420,12.3,25
1719462522187,12.45,50
1719462522355,12.45,250
1719462523214,12.35,125
1719462524171,12.3,25
1719462524421,12.2,25
1719462525169,12.25,25
1719462525612,12.4,275
1719462525815,12.35,50
1719462526333,12.3,25
1719462527036,12.3,50
1719462527143,12.25,50
1719462527837,12.35,150
1719462528171,12.45,25
1719462529035,12.4,75
1719462532180,12.35,75
1719462532622,12.35,200
1719462533167,12.35,25
1719462533422,12.3,150
1719462534182,12.35,1025
1719462534435,12.35,50
1719462535375,12.35,25
1719462535656,12.4,350
1719462535842,12.35,50
1719462536108,12.4,25
1719462545219,12.4,300
1719462545378,12.25,25
1719462546192,12.45,25
1719462546458,12.5,25
1719462547379,12.5,25
1719462547619,12.45,100
1719462548186,12.45,525
1719462548457,12.45,50
1719462549392,12.25,25
1719462549858,12.35,250
1719462550169,12.3,50
1719462551196,12.2,50
1719462552032,12.25,25
1719462552381,12.05,675
1719462553231,12.1,25
1719462554168,12.05,25
1719462555076,12.15,25
1719462555178,12.1,125
1719462556360,12.0,25
1719462556447,12.0,650
1719462557180,11.95,575
1719462557453,11.95,50
1719462558191,11.8,25
1719462558452,11.9,25
1719462559369,11.8,100
1719462559659,11.8,25
1719462559793,11.8,25
1719462560193,11.85,75
1719462561074,11.85,375
1719462561172,11.85,25
1719462562078,11.75,50
1719462562195,11.7,25
1719462563229,11.85,50
1719462563398,11.8,25
1719462564170,11.65,350
1719462564483,11.7,300
1719462565196,11.75,50
1719462565643,11.75,25
1719462565835,11.75,200
1719462566151,11.7,525
1719462567085,11.65,50
1719462567367,11.7,75
1719462568275,11.5,25
1719462575209,11.3,25
1719462575642,11.25,25
1719462575873,11.3,200
1719462576204,11.35,25
1719462576897,11.55,25
1719462577408,11.45,25
1719462603202,10.95,150
1719462604125,11.2,25
1719462604211,11.15,75
1719462605328,11.35,200
1719462606303,11.45,975
1719462606429,11.45,50
1719462607217,11.4,150
1719462607540,11.4,25
1719462608219,11.6,50
1719462608543,11.25,25
1719462609540,11.45,50
1719462610194,11.4,25
1719462610541,11.4,75
1719462611216,11.3,25
1719462611734,11.35,200
1719462611972,11.35,25
1719462612228,11.45,25
1719462613130,11.2,25
1719462613228,11.2,50
1719462614136,11.3,675
1719462614417,11.25,150
1719462615229,11.15,25
1719462615360,11.1,25
1719462616179,11.25,25
1719462616334,11.25,25
1719462617338,11.25,350
1719462618227,11.4,50
1719462618546,11.35,25
1719462619204,11.5,50
1719462619732,11.45,175
1719462620175,11.5,425
1719462620234,11.55,25
1719462621105,11.45,25
1719462621417,11.5,50
1719462622226,11.6,150
1719462623178,11.65,75
1719462623244,11.6,75
1719462624209,11.6,25
1719462625239,11.65,25
1719462625366,11.6,100
1719462626311,11.7,50
1719462627421,11.65,25
1719462627781,11.65,925
1719462627957,11.65,25
1719462628229,11.45,50
1719462628987,11.6,175
1719462629221,11.55,25
1719462630066,11.65,50
1719462630231,11.6,25
1719462631238,11.5,25
1719462632435,11.5,25
1719462633242,11.5,50
1719462633532,11.55,50
1719462634222,11.5,25
1719462634594,11.6,75
1719462635233,11.55,25
1719462635582,11.6,50
1719462636230,11.65,25
1719462636584,11.65,50
1719462637210,11.6,75
1719462637384,11.65,25
1719462638435,11.55,25
1719462639222,11.55,400
1719462639972,11.7,75
1719462640234,11.6,325
1719462641007,11.65,150
1719462641248,11.65,150
1719462642174,11.65,25
1719462643228,11.75,25
1719462644222,11.7,25
1719462644403,11.7,25
1719462645243,11.65,50
1719462645581,11.65,25
1719462646318,11.65,75
1719462646572,11.6,25
1719462647233,11.45,150
1719462648005,11.55,25
1719462648233,11.5,125
1719462649019,11.35,25
1719462649241,11.55,25
1719462650196,11.7,400
1719462650242,11.75,225
1719462651248,11.75,175
1719462652234,11.65,25
1719462653195,11.7,50
1719462653362,11.7,150
1719462658021,11.5,50
1719462658247,11.5,50
1719462659247,11.5,25
1719462660068,11.45,25
1719462660204,11.45,50
1719462660453,11.45,25
1719462661263,11.45,25
1719462662239,11.4,25
1719462662438,11.4,75
1719462663213,11.45,25
1719462664237,11.35,375
1719462665251,11.4,100
1719462665409,11.3,750
1719462666215,11.35,50
1719462666596,11.35,50
1719462667445,11.35,25
1719462667832,11.3,50
1719462668021,11.3,25
1719462668239,11.3,300
1719462668973,11.25,150
1719462669173,11.25,25
1719462670263,11.3,200
1719462671441,11.25,525
1719462672123,11.25,25
1719462672471,11.15,25
1719462673191,11.15,250
1719462673505,11.1,25
1719462674239,11.1,50
1719462674645,11.15,225
1719462675052,11.25,25
1719462675467,11.1,1275
1719462676227,11.25,200
1719462677268,11.1,675
1719462678199,11.15,25
1719462678469,11.15,25
1719462679218,11.05,375
1719462679451,11.0,725
1719462680268,10.85,75
1719462680663,10.8,75
1719462681458,10.6,25
1719462681854,10.45,25
1719462682262,10.45,225
1719462683059,10.5,450
1719462683469,10.5,25
1719462684051,11.05,25
1719462684267,11.05,100
1719462685266,10.9,200
1719462685474,10.85,200
1719462686273,11.0,75
1719462687280,11.25,50
1719462688266,11.2,25
1719462688460,11.2,175
1719462689472,11.25,175
1719462689667,11.3,100
1719462690245,11.1,25
1719462690656,11.15,1350
1719462691247,11.05,50
1719462691870,11.2,25
1719462692061,11.25,75
1719462692481,11.25,125
1719462693070,11.35,25
1719462693213,11.25,25
1719462694074,11.25,150
1719462694263,11.25,25
1719462695283,11.2,125
1719462696185,11.25,25
1719462696414,11.25,25
1719462697267,11.1,25
1719462703274,11.05,25
1719462703680,11.0,50
1719462704228,11.05,125
1719462704690,11.0,100
1719462705273,10.85,75
1719462705877,11.0,50
1719462706090,11.0,25
1719462706279,10.95,125
1719462735920,10.35,25
1719462736484,10.35,25
1719462736937,10.3,100
1719462737297,10.3,125
1719462737881,10.3,25
1719462738303,10.3,325
1719462738928,10.3,175
1719462739106,10.3,50
1719462739504,10.35,25
1719462740331,10.4,350
1719462741299,10.45,175
1719462741528,10.5,50
1719462742470,10.4,25
1719462742732,10.5,275
1719462743284,10.45,150
1719462743739,10.4,25
1719462744303,10.4,1225
1719462744871,10.45,25
1719462745129,10.4,75
1719462745514,10.4,25
1719462746138,10.4,50
1719462746291,10.45,100
1719462747137,10.45,25
1719462747273,10.45,25
1719462748089,10.5,100
1719462748294,10.6,50
1719462749260,10.55,100
1719462749329,10.55,25
1719462750053,10.7,25
1719462750531,10.7,25
1719462751315,10.75,150
1719462751559,10.75,200
1719462752317,10.7,50
1719462752765,10.65,25
1719462753320,10.65,175
1719462753910,10.6,25
1719462754161,10.7,50
1719462754515,10.7,100
1719462755303,10.75,125
1719462755490,10.75,25
1719462756305,10.8,1250
1719462756551,10.8,375
1719462757518,10.65,25
1719462757748,10.7,25
1719462758251,10.8,25
1719462758693,10.85,250
1719462759326,10.75,25
1719462759961,10.75,50
1719462760116,10.7,175
1719462760311,10.75,25
1719462761536,10.65,225
1719462762303,10.7,675
1719462762438,10.75,25
1719462763368,10.65,225
1719462764312,10.75,25
1719462764544,10.75,25
1719462765304,10.65,50
1719462765737,10.65,50
1719462766525,10.6,25
1719462766973,10.6,50
1719462767326,10.65,275
1719462767953,10.55,25
1719462767993,10.55,25
1719462768317,10.55,50
1719462769353,10.55,250
1719462770305,10.55,50
1719462770569,10.5,25
1719462771329,10.45,375
1719462771779,10.15,175
1719462772571,10.0,25
1719462773316,10.05,50
1719462773770,10.05,125
1719462774527,10.0,75
1719462774961,9.9,50
1719462775180,9.9,475
1719462775328,9.85,100
1719462776321,9.8,225
1719462776380,9.85,25
1719462777182,10.0,50
1719462777315,10.0,25
1719462778389,10.05,50
1719462778518,10.0,100
1719462779320,10.05,350
1719462779389,10.05,150
1719462780063,10.05,225
1719462780309,10.0,1150
1719462780577,10.0,25
1719462781532,9.8,50
1719462781787,9.8,75
1719462782326,9.8,250
1719462782805,9.9,25
1719462783337,9.85,25
1719462783786,9.9,25
1719462784522,9.9,200
1719462784996,9.95,50
1719462785323,9.95,50
1719462786208,9.95,200
1719462786325,10.0,100
1719462787565,9.95,25
1719462788324,9.9,50
1719462788599,9.9,25
1719462789335,10.0,325
1719462789599,9.9,225
1719462790200,9.85,25
1719462790333,9.9,25
1719462791596,9.9,25
1719462792305,9.8,375
1719462792612,9.85,25
1719462793351,10.0,50
1719462793810,10.1,400
1719462794325,10.0,50
1719462794789,10.05,25
1719462795540,9.95,25
1719462796008,9.9,400
1719462796210,9.95,50
1719462796336,9.85,100
1719462797335,10.0,25
1719462797409,10.05,50
1719462798342,10.05,50
1719462798809,9.95,50
1719462799531,10.0,125
1719462799601,9.95,100
1719462800349,9.9,75
1719462800795,9.9,175
1719462801347,9.9,150
1719462802011,9.9,75
1719462802213,9.9,50
1719462802348,9.85,25
1719462803411,9.9,200
1719462803502,9.85,50
1719462804326,9.75,50
1719462804616,9.85,25
1719462805357,9.9,25
1719462805601,9.9,50
1719462806341,9.95,25
1719462806981,9.95,500
1719462807539,9.9,50
1719462808040,9.85,25
1719462808338,9.85,25
1719462809037,9.9,675
1719462809339,9.95,25
1719462810081,10.0,50
1719462810563,9.9,25
1719462811032,9.95,25
1719462811443,9.95,50
1719462812632,10.05,900
1719462813341,9.95,25
1719462814008,9.85,50
1719462814331,9.95,50
1719462814842,10.0,325
1719462815541,9.9,25
1719462816036,9.95,50
1719462816364,9.95,25
1719462817042,9.95,50
1719462817247,10.0,50
1719462817338,10.0,175
1719462818330,10.05,25
1719462818426,10.05,25
1719462819635,10.1,25
1719462820355,10.2,475
1719462820836,10.25,25
1719462821342,10.15,25
1719462822039,10.15,25
1719462822228,10.15,25
1719462822532,10.15,50
1719462823394,10.15,125
1719462824329,10.15,25
1719462824435,10.15,600
1719462825625,10.2,125
1719462826353,10.3,25
1719462826852,10.35,25
1719462827569,10.2,25
1719462827649,10.2,25
1719462828338,10.3,25
1719462828837,10.25,25
1719462829349,10.35,25
1719462830043,10.35,100
1719462830338,10.25,50
1719462830858,10.25,25
1719462831554,10.3,25
1719462832071,10.3,50
1719462832354,10.25,50
1719462832461,10.25,125
1719462833453,10.2,50
1719462834363,10.3,100
1719462834662,10.2,50
1719462835563,10.2,50
1719462835829,10.25,100
1719462836368,10.2,125
1719462836872,10.2,25
1719462837313,10.25,50
1719462837865,10.2,25
1719462838348,10.2,75
1719462839080,10.25,150
1719462839463,10.2,25
1719462840056,10.15,25
1719462840456,10.1,50
1719462840554,10.15,50
1719462841239,10.15,25
1719462841239,10.15,25
1719462842269,10.2,25
1719462842366,10.15,25
1719462843360,10.2,300
1719462844345,10.1,200
1719462844680,10.15,50
1719462845357,10.15,200
1719462845640,10.15,25
1719462846362,10.2,25
1719462846647,10.35,25
1719462847552,10.3,150
1719462847869,10.35,250
1719462848359,10.45,125
1719462848861,10.4,25
1719462849324,10.35,25
1719462849858,10.4,25
1719462850259,10.4,125
1719462850376,10.4,25
1719462851292,10.35,400
1719462851339,10.4,125
1719462852365,10.3,25
1719462853275,10.4,50
1719462853563,10.35,25
1719462854299,10.45,75
1719462854368,10.45,75
1719462855310,10.4,100
1719462855690,10.4,350
1719462856381,10.35,25
1719462856883,10.4,75
1719462857357,10.35,100
1719462857820,10.35,100
1719462858354,10.4,150
1719462858858,10.45,25
1719462859560,10.35,100
1719462859887,10.35,600
1719462860490,10.4,25
1719462861351,10.4,225
1719462861476,10.4,75
1719462862353,10.35,25
1719462862691,10.35,25
1719462863579,10.35,50
1719462863897,10.35,100
1719462864381,10.3,100
1719462864909,10.3,100
1719462865385,10.35,25
1719462866116,10.2,50
1719462866303,10.25,125
1719462866539,10.2,100
1719462867375,10.3,75
1719462868360,10.3,75
1719462868488,10.25,125
1719462869390,10.35,275
1719462869723,10.4,25
1719462870001,10.35,150
1719462870682,10.35,450
1719462871408,10.5,25
1719462871871,10.4,1500
1719462872328,10.4,100
1719462872912,10.45,125
1719462873593,10.35,50
1719462873919,10.35,25
1719462874383,10.35,50
1719462874891,10.35,150
1719462875330,10.35,25
1719462875371,10.35,150
1719462876392,10.3,25
1719462876514,10.35,50
1719462877388,10.35,25
1719462877694,10.4,125
1719462878575,10.35,150
1719462878926,10.35,75
1719462879402,10.4,25
1719462880096,10.4,150
1719462880358,10.35,100
1719462881378,10.3,150
1719462881519,10.25,150
1719462882386,10.3,25
1719462882716,10.3,25
1719462883396,10.25,75
1719462883503,10.3,50
1719462884347,10.4,150
1719462884520,10.35,50
1719462885390,10.4,150
1719462885744,10.45,250
1719462886395,10.35,125
1719462886534,10.35,25
1719462887397,10.4,25
1719462887539,10.3,25
1719462888519,10.45,150
1719462888601,10.45,150
1719462889322,10.45,150
1719462889725,10.5,150
1719462890393,10.4,25
1719462890687,10.45,150
1719462891357,10.5,125
1719462891751,10.5,25
1719462892398,10.4,25
1719462892934,10.5,125
1719462893389,10.45,50
1719462894137,10.5,50
1719462894402,10.45,100
1719462895582,10.45,100
1719462896383,10.45,150
1719462896710,10.4,50
1719462897394,10.4,25
1719462897749,10.45,25
1719462898383,10.25,25
1719462898745,10.3,25
1719462899590,10.25,25
1719462900068,10.25,25
1719462900382,10.25,600
1719462900752,10.2,25
1719462901333,10.25,250
1719462901935,10.3,50
1719462902611,10.35,100
1719462903165,10.4,25
1719462903409,10.5,100
1719462904169,10.65,50
1719462904396,10.75,25
1719462905078,10.8,75
1719462905609,10.9,50
1719462906341,10.85,100
1719462906756,10.8,25
1719462907399,10.75,25
1719462907974,10.75,50
1719462908535,10.7,275
1719462909135,10.75,50
1719462909326,10.75,25
1719462909326,10.75,25
1719462910336,10.85,25
1719462911408,10.85,100
1719462911542,10.85,25
1719462912405,10.85,25
1719462912723,10.9,100
1719462913606,10.85,200
1719462913770,10.9,25
1719462914388,10.85,75
1719462914772,10.9,25
1719462915392,10.85,50
1719462916163,10.75,25
1719462916391,10.7,25
1719462916886,10.8,50
1719462917324,10.9,25
1719462918185,10.9,75
1719462918374,10.85,150
1719462918552,10.9,75
1719462919393,10.8,175
1719462919564,10.8,25
1719462920401,10.8,25
1719462920767,10.9,75
1719462921396,10.85,25
1719462921983,10.7,100
1719462922624,10.6,100
1719462922992,10.75,50
1719462923410,10.8,50
1719462923990,10.85,50
1719462924315,10.75,25
1719462924830,10.75,875
1719462925424,10.65,75
1719462925995,10.85,75
1719462926351,10.75,25
1719462927328,10.75,100
1719462927517,10.75,75
1719462928411,10.8,50
1719462928534,10.8,150
1719462929417,10.8,250
1719462929573,10.85,25
1719462930054,10.9,650
1719462930629,10.85,25
1719462931423,10.9,50
1719462931782,10.85,50
1719462932393,10.85,175
1719462932802,10.9,25
1719462933424,10.9,25
1719462933976,10.9,600
1719462934417,10.85,100
1719462935180,10.85,25
1719462935404,10.9,75
1719462936591,10.7,25
1719462937401,10.75,25
1719462937798,10.65,50
1719462938424,10.65,25
1719462938986,10.65,25
1719462939416,10.7,25
1719462940004,10.75,875
1719462940611,10.75,50
1719462941008,10.85,25
1719462941437,10.8,200
1719462942002,10.9,50
1719462942440,10.85,25
1719462942992,10.95,75
1719462943605,10.95,75
1719462944217,11.0,25
1719462944410,11.0,50
1719462944628,11.05,50
1719462945433,11.05,250
1719462945747,11.0,100
1719462946409,11.05,75
1719462946812,11.1,25
1719462947610,11.05,75
1719462948021,11.1,50
1719462948434,11.1,75
1719462949203,11.05,25
1719462949436,11.1,100
1719462950530,11.0,50
1719462951421,11.0,25
1719462951610,10.95,75
1719462952370,11.1,25
1719462953438,11.0,25
1719462953612,11.0,25
1719462954356,11.0,75
1719462954563,11.0,125
1719462955429,10.95,25
1719462955590,10.95,50
1719462956410,11.0,25
1719462956827,11.0,75
1719462957635,10.95,50
1719462958206,11.0,25
1719462958407,11.0,25
1719462959035,10.9,50
1719462959414,10.9,50
1719462960077,10.8,150
1719462960206,10.75,25
1719462960421,10.75,50
1719462960631,10.75,50
1719462961435,10.6,100
1719462961842,10.55,400
1719462962632,10.55,50
1719462962809,10.55,50
1719462963416,10.65,50
1719462964205,10.75,25
1719462964459,10.75,100
1719462964602,10.7,50
1719462965435,10.7,100
1719462965655,10.7,150
1719462966403,10.65,25
1719462966547,10.7,150
1719462967620,10.75,700
1719462968322,10.75,225
1719462968667,10.85,50
1719462969425,10.6,225
1719462969819,10.6,50
1719462970432,10.5,25
1719462970855,10.65,25
1719462971427,10.65,25
1719462971972,10.65,25
1719462972651,10.6,50
1719462973052,10.7,25
1719462973422,10.7,25
1719462974027,10.7,25
1719462974456,10.75,25
1719462975254,10.65,50
1719462975443,10.65,375
1719462976425,10.65,100
1719462976664,10.7,25
1719462977618,10.7,100
1719462977793,10.7,100
1719462978457,10.7,75
1719462978849,10.8,300
1719462979439,10.8,25
1719462979864,10.75,1200
1719462980336,10.75,50
1719462981026,10.75,75
1719462981437,10.75,25
1719462982047,10.75,50
1719462982376,10.75,100
1719462983037,10.75,25
1719462983450,10.75,25
1719462983633,10.75,50
1719462984391,10.7,25
1719462984857,10.75,150
1719462985444,10.75,25
1719462985882,10.8,50
1719462986653,10.85,25
1719462987088,10.8,25
1719462987479,10.7,50
1719462988439,10.8,25
1719462988672,10.8,25
1719462989395,10.75,125
1719462989870,10.75,50
1719462990089,10.7,25
1719462990447,10.75,25
1719462990614,10.75,525
1719462991422,10.75,100
1719462991816,10.85,200
1719462992403,10.75,50
1719462992886,10.75,50
1719462993657,10.75,25
1719462993875,10.75,25
1719462994444,10.7,25
1719462994769,10.75,25
1719462995410,10.8,150
1719462995868,10.85,25
1719462996468,10.75,450
1719462997057,10.7,50
1719462997666,10.75,25
1719462998098,10.75,100
1719462998456,10.8,75
1719462998617,10.8,100
1719462999368,10.75,25
1719462999656,10.8,25
1719463000456,10.75,175
1719463000608,10.85,250
1719463001409,10.85,25
1719463001698,10.8,25
1719463002512,10.85,100
1719463003668,10.85,325
1719463004434,10.8,75
1719463004886,10.8,25
1719463005441,10.85,100
1719463005891,10.85,50
1719463006451,10.8,300
1719463006805,10.85,100
1719463007458,10.8,50
1719463008115,10.75,50
1719463008467,10.7,50
1719463008994,10.65,25
1719463009415,10.6,1075
1719463010094,10.6,50
1719463010416,10.65,50
1719463011317,10.6,25
1719463011520,10.6,25
1719463012467,10.75,50
1719463012710,10.7,525
1719463013667,10.7,50
1719463014468,10.65,75
1719463014889,10.7,300
1719463015452,10.7,25
1719463015912,10.75,25
1719463016460,10.7,100
1719463016935,10.65,50
1719463017457,10.55,75
1719463018326,10.55,25
1719463018482,10.6,50
1719463019434,10.5,50
1719463019715,10.5,200
1719463020058,10.35,600
1719463020480,10.4,1575
1719463020717,10.4,50
1719463021474,10.25,25
1719463021727,10.25,100
1719463022448,10.2,50
1719463022902,10.3,25
1719463023463,10.3,25
1719463024107,10.3,200
1719463024440,10.3,25
1719463025081,10.3,50
1719463025374,10.35,25
1719463026266,10.35,25
1719463026394,10.35,25
1719463026724,10.45,50
1719463027339,10.4,50
1719463027751,10.3,50
1719463028473,10.25,50
1719463028935,10.15,425
1719463029455,10.25,75
1719463030159,10.25,50
1719463030470,10.25,50
1719463031133,10.05,150
1719463031685,10.1,25
1719463032321,10.2,25
1719463032491,10.3,200
1719463033490,10.35,50
1719463033766,10.35,50
1719463034501,10.45,50
1719463034763,10.5,25
1719463035481,10.7,25
1719463035770,10.75,200
1719463036449,10.65,25
1719463036925,10.7,150
1719463037644,10.65,75
1719463037929,10.7,225
1719463038427,10.75,25
1719463038980,10.75,725
1719463039411,10.65,25
1719463039907,10.7,850
1719463040469,10.7,25
1719463041347,10.7,50
1719463041482,10.7,300
1719463041570,10.7,200
1719463042675,10.6,150
1719463042722,10.65,50
1719463043515,10.55,150
1719463043766,10.65,25
1719463044489,10.55,375
1719463044936,10.5,50
1719463045460,10.5,500
1719463045977,10.5,50
1719463046442,10.5,50
1719463047372,10.5,50
1719463047485,10.5,25
1719463047573,10.55,25
1719463048553,10.55,75
1719463049484,10.55,25
1719463049765,10.55,25
1719463050041,10.55,50
1719463050404,10.55,50
1719463050760,10.6,25
1719463051503,10.55,50
1719463052064,10.6,25
1719463052474,10.7,50
1719463053181,10.7,25
1719463053414,10.75,75
1719463054142,10.7,200
1719463054421,10.7,25
1719463055385,10.7,175
1719463055564,10.75,125
1719463056482,10.7,50
1719463056783,10.75,75
1719463057665,10.7,50
1719463057801,10.75,25
1719463058470,10.75,525
1719463058539,10.75,50
1719463059532,10.7,50
1719463059784,10.7,100
1719463060405,10.7,200
1719463060808,10.7,25
1719463061496,10.7,25
1719463061947,10.7,25
1719463062479,10.65,25
1719463063120,10.7,50
1719463063507,10.75,25
1719463064158,10.7,100
1719463064382,10.75,100
1719463065135,10.7,75
1719463065433,10.75,75
1719463066203,10.8,25
1719463066518,10.8,50
1719463067349,10.7,25
1719463067609,10.7,25
1719463068472,10.7,50
1719463068564,10.65,25
1719463069490,10.75,250
1719463070506,10.65,50
1719463070683,10.6,50
1719463071679,10.7,1775
1719463071991,10.7,525
1719463072492,10.7,25
1719463073027,10.8,50
1719463073509,10.8,25
1719463074218,10.85,150
1719463074479,10.8,25
1719463075200,10.8,25
1719463075478,10.75,75
1719463075623,10.8,1350
1719463076595,10.8,25
1719463076767,10.8,75
1719463077514,10.75,75
1719463077983,10.8,25
1719463078492,10.75,25
1719463079200,10.85,50
1719463079693,10.8,50
1719463080067,10.85,25
1719463080218,10.8,25
1719463080478,10.8,25
1719463081411,10.8,25
1719463081411,10.8,25
1719463081542,10.8,75
1719463082431,10.8,100
1719463082801,10.85,25
1719463083504,10.85,200
1719463083802,10.85,25
1719463084516,10.65,25
1719463085025,10.6,50
1719463085524,10.6,25
1719463086184,10.75,25
1719463086504,10.75,25
1719463087225,10.7,100
1719463087701,10.7,25
1719463088353,10.7,50
1719463088623,10.65,50
1719463089464,10.75,25
1719463089806,10.7,75
1719463090487,10.7,50
1719463090837,10.7,50
1719463091507,10.7,25
1719463091838,10.65,25
1719463092493,10.65,100
1719463092837,10.7,25
1719463093578,10.75,100
1719463094191,10.7,150
1719463094530,10.7,25
1719463095237,10.75,25
1719463095600,10.7,125
1719463096451,10.55,25
1719463096515,10.5,50
1719463097448,10.65,175
1719463097533,10.65,25
1719463098484,10.65,25
1719463098583,10.75,25
1719463099531,10.8,200
1719463099769,10.65,125
1719463100408,10.65,100
1719463100768,10.65,1450
1719463101518,10.7,200
1719463102064,10.7,25
1719463102478,10.6,25
1719463103192,10.7,25
1719463103493,10.7,25
1719463104244,10.7,25
1719463104483,10.7,25
1719463105172,10.65,800
1719463105507,10.6,25
1719463105645,10.7,50
1719463106480,10.65,25
1719463106744,10.65,50
1719463107541,10.65,75
1719463107864,10.7,25
1719463108522,10.65,25
1719463108748,10.65,100
1719463109515,10.65,50
1719463109834,10.65,150
1719463110040,10.7,25
1719463110498,10.65,200
1719463110738,10.65,900
1719463111498,10.7,25
1719463112078,10.75,150
1719463112368,10.75,50
1719463112850,10.75,50
1719463113537,10.65,175
1719463114043,10.7,100
1719463114553,10.75,25
1719463115071,10.75,25
1719463115714,10.7,150
1719463116265,10.65,25
1719463116521,10.7,25
1719463117456,10.75,50
1719463117680,10.7,300
1719463118548,10.55,50
1719463118861,10.65,50
1719463119517,10.7,25
1719463119517,10.7,25
1719463120540,10.6,50
1719463120836,10.55,50
1719463121503,10.3,50
1719463121861,10.3,50
1719463122535,10.3,50
1719463122880,10.3,200
1719463123490,10.35,50
1719463123868,10.3,25
1719463124705,10.35,50
1719463125031,10.35,50
1719463125523,10.35,25
1719463126093,10.25,75
1719463126487,10.3,50
1719463127062,10.2,25
1719463127537,10.1,50
1719463127857,10.15,75
1719463128559,10.35,375
1719463129088,10.55,50
1719463129558,10.65,75
1719463130081,10.6,50
1719463130546,10.65,150
1719463131262,10.8,25
1719463131527,10.75,50
1719463132276,10.75,50
1719463132497,10.7,675
1719463133455,10.65,375
1719463133562,10.7,625
1719463133795,10.7,25
1719463134522,10.65,150
1719463134849,10.7,25
1719463135518,10.7,150
1719463136106,10.6,25
1719463136480,10.65,125
1719463137249,10.55,25
1719463137532,10.6,25
1719463138309,10.6,25
1719463138550,10.55,300
1719463139546,10.4,25
1719463140073,10.4,50
1719463140545,10.55,50
1719463141507,10.5,150
1719463141708,10.4,25
1719463142545,10.45,50
1719463142707,10.45,25
1719463143560,10.55,100
1719463143852,10.6,250
1719463144529,10.55,300
1719463144676,10.6,375
1719463145500,10.55,75
1719463145910,10.45,25
1719463146527,10.45,25
1719463147121,10.45,25
1719463147486,10.45,50
1719463148116,10.4,100
1719463148530,10.45,75
1719463149334,10.55,100
1719463149553,10.5,200
1719463150316,10.5,25
1719463150512,10.5,50
1719463151559,10.45,25
1719463151723,10.45,150
1719463152559,10.45,125
1719463152725,10.45,25
1719463153489,10.4,225
1719463153922,10.25,150
1719463154501,10.4,150
1719463155128,10.3,50
1719463155521,10.3,425
1719463155849,10.4,25
1719463156563,10.4,125
1719463156932,10.4,100
1719463157562,10.45,25
1719463157739,10.45,50
1719463158562,10.55,75
1719463158713,10.55,25
1719463159545,10.55,25
1719463159933,10.5,25
1719463160466,10.55,225
1719463160927,10.6,375
1719463161555,10.45,25
1719463162131,10.55,75
1719463162557,10.45,100
1719463163015,10.45,25
1719463163568,10.5,25
1719463164074,10.5,200
1719463164567,10.4,50
1719463165118,10.45,75
1719463165572,10.35,25
1719463166298,10.45,50
1719463166503,10.5,25
1719463167086,10.45,25
1719463167535,10.45,25
1719463168347,10.45,175
1719463168511,10.4,25
1719463169330,10.45,50
1719463169557,10.45,100
1719463170089,10.5,175
1719463170451,10.4,25
1719463170573,10.45,25
1719463170748,10.5,75
1719463171556,10.45,200
1719463171952,10.5,200
1719463172584,10.45,25
1719463173159,10.4,25
1719463173585,10.35,25
1719463174076,10.45,25
1719463174480,10.45,50
1719463174892,10.4,100
1719463175567,10.45,25
1719463175977,10.5,25
1719463176555,10.4,25
1719463176844,10.4,250
1719463177428,10.45,50
1719463177959,10.4,25
1719463178557,10.4,250
1719463179154,10.3,50
1719463179561,10.5,150
1719463180176,10.5,175
1719463180780,10.4,25
1719463181354,10.35,50
1719463181548,10.3,25
1719463182307,10.15,25
1719463182498,10.2,25
1719463183377,10.05,50
1719463183576,10.1,150
1719463184369,10.15,600
1719463184583,10.15,100
1719463185375,10.2,150
1719463185508,10.25,25
1719463186566,10.4,50
1719463186735,10.35,100
1719463187584,10.35,50
1719463187955,10.3,450
1719463188579,10.3,800
1719463188920,10.35,350
1719463189593,10.35,25
1719463190120,10.45,125
1719463190584,10.4,25
1719463191300,10.4,400
1719463191558,10.35,200
1719463192584,10.25,25
1719463192788,10.25,100
1719463193576,10.25,100
1719463193725,10.3,250
1719463194624,10.3,150
1719463194872,10.3,25
1719463195506,10.35,325
1719463195931,10.4,50
1719463196606,10.25,125
1719463196970,10.35,25
1719463197585,10.3,50
1719463198002,10.35,25
1719463198596,10.3,125
1719463198967,10.3,200
1719463199758,10.3,25
1719463200033,10.25,50
1719463200207,10.25,25
1719463200599,10.2,150
1719463201398,10.15,50
1719463201547,10.15,50
1719463202579,10.2,25
1719463202792,10.2,25
1719463203594,10.35,175
1719463203931,10.3,25
1719463204549,10.25,25
1719463204850,10.2,25
1719463205534,10.3,50
1719463205988,10.3,25
1719463206531,10.3,50
1719463206996,10.25,100
1719463207583,10.2,50
1719463207801,10.15,75
1719463208568,10.25,50
1719463208967,10.25,50
1719463209599,10.3,25
1719463210012,10.3,50
1719463210545,10.15,75
1719463211213,10.1,25
1719463211555,10.05,25
1719463212370,10.0,250
1719463212585,9.95,175
1719463213202,10.05,25
1719463213759,10.0,425
1719463214425,9.95,25
1719463214569,10.0,100
1719463215588,10.15,25
1719463215763,10.2,50
1719463216483,10.1,225
1719463216784,10.15,100
1719463217539,10.15,75
1719463218028,10.15,50
1719463218561,10.2,25
1719463218795,10.2,125
1719463219528,10.15,575
1719463220021,10.2,25
1719463220574,10.2,75
1719463221206,10.15,250
1719463221572,10.15,25
1719463222399,10.05,25
1719463222585,10.15,100
1719463222756,10.2,50
1719463223589,10.1,25
1719463223798,10.1,25
1719463224608,10.1,25
1719463225036,10.1,25
1719463225560,10.1,25
1719463226028,10.1,50
1719463226614,10.1,25
1719463227044,10.15,25
1719463227596,9.95,25
1719463228033,9.95,25
1719463228600,9.8,475
1719463229219,9.95,550
1719463229578,10.0,25
1719463230034,10.05,200
1719463230252,10.0,425
1719463230601,9.95,25
1719463231074,10.1,50
1719463231614,10.0,25
1719463232044,9.85,225
1719463232593,9.75,25
1719463233246,9.8,100
1719463233601,9.9,75
1719463234251,9.9,25
1719463234596,9.9,100
1719463235254,9.95,50
1719463235457,10.0,50
1719463236193,10.05,50
1719463236800,10.0,50
1719463237403,10.05,100
1719463237612,10.05,175
1719463238247,10.0,100
1719463238561,10.05,100
1719463239576,10.15,25
1719463239761,10.1,175
1719463240613,10.15,775
1719463240986,10.1,50
1719463241596,10.1,25
1719463242031,10.15,50
1719463242611,10.2,300
1719463243049,10.1,75
1719463243619,10.05,75
1719463243979,10.05,25
1719463244567,10.05,25
1719463245235,10.05,25
1719463245616,10.05,700
1719463246221,10.05,25
1719463246616,10.0,275
1719463247223,10.0,25
1719463247611,10.05,50
1719463248393,10.1,250
1719463248608,10.05,25
1719463249614,10.2,100
1719463250607,10.1,75
1719463250664,10.05,50
1719463254048,10.1,25
1719463254610,10.05,700
1719463255293,10.1,50
1719463255624,10.0,100
1719463256381,10.05,75
1719463256593,10.1,25
1719463257642,10.15,25
1719463257869,10.15,25
1719463258608,10.1,50
1719463259080,10.1,150
1719463259633,10.1,25
1719463260054,10.1,200
1719463260278,10.2,175
1719463260562,10.2,25
1719463261090,10.15,50
1719463261606,10.05,25
1719463262286,9.8,50
1719463262621,9.8,25
1719463263197,9.9,75
1719463263548,10.0,250
1719463264295,10.1,25
1719463264615,10.05,75
1719463265549,10.1,25
1719463266696,9.95,75
1719463266900,10.0,25
1719463267560,10.05,100
1719463281306,9.4,50
1719463281617,9.5,50
1719463282301,9.45,50
1719463282617,9.45,400
1719463283638,9.55,75
1719463285536,9.6,75
1719463285847,9.6,100
1719463286631,9.55,50
1719463286743,9.55,25
1719463286911,9.55,75
1719463287634,9.75,200
1719463287905,9.7,75
1719463288651,9.75,25
1719463289314,9.65,50
1719463289644,9.7,1175
1719463290074,9.7,375
1719463290323,9.75,25
1719463290606,9.65,300
1719463291093,9.65,100
1719463291638,9.65,50
1719463292325,9.65,25
1719463292644,9.55,25
1719463293249,9.6,200
1719463293547,9.65,150
1719463294718,9.6,1350
1719463294923,9.55,700
1719463295617,9.4,25
1719463296095,9.5,25
1719463296595,9.5,25
1719463297075,9.5,25
1719463297627,9.5,25
1719463298149,9.5,50
1719463298853,9.45,425
1719463299262,9.45,200
1719463299650,9.45,25
1719463300336,9.35,175
1719463300610,9.45,50
1719463301329,9.45,400
1719463301648,9.45,800
1719463304774,9.5,350
1719463304952,9.55,50
1719463305548,9.5,400
1719463306120,9.5,450
1719463306663,9.55,275
1719463308521,9.5,100
1719463309159,9.55,150
1719463309568,9.55,25
1719463310177,9.6,25
1719463310658,9.6,725
1719463311150,9.55,25
1719463311662,9.55,25
1719463312160,9.5,125
1719463312653,9.5,25
1719463313349,9.45,50
1719463313618,9.4,50
1719463314367,9.5,1150
1719463314641,9.5,25
1719463315361,9.45,25
1719463315665,9.5,100
1719463316166,9.55,25
1719463316541,9.45,50
1719463317117,9.5,225
1719463317656,9.55,25
1719463318166,9.45,25
1719463318640,9.55,25
1719463319186,9.5,400
1719463319600,9.5,75
1719463320002,9.45,100
1719463320161,9.5,50
1719463329354,9.4,25
1719463329662,9.35,1200
1719463330386,9.45,25
1719463330671,9.45,25
1719463331579,9.45,150
1719463331670,9.4,200
1719463358629,8.95,250
1719463359149,8.95,300
1719463359651,8.9,250
1719463360246,8.8,50
1719463360599,8.85,100
1719463361632,8.8,50
1719463361653,8.85,25
1719463362699,8.9,25
1719463363021,8.95,575
1719463363609,8.95,25
1719463364042,8.95,25
1719463364678,8.85,125
1719463365407,8.85,500
1719463365637,8.9,25
1719463366427,8.9,25
1719463366686,8.9,100
1719463367397,8.95,100
1719463367697,8.9,125
1719463368424,8.9,25
1719463368881,8.9,50
1719463369677,8.8,125
1719463370565,8.9,25
1719463370702,8.85,50
1719463371640,8.75,50
1719463371806,8.75,25
1719463371986,8.75,25
1719463372639,8.75,50
1719463373231,8.75,25
1719463373659,8.75,100
1719463374260,8.75,25
1719463374596,8.7,25
1719463376683,8.75,125
1719463376861,8.7,125
1719463377087,8.7,125
1719463377679,8.75,125
1719463378045,8.8,25
1719463378653,8.8,250
1719463379016,8.8,125
1719463379691,8.9,550
1719463380043,8.9,125
1719463380205,8.95,250
1719463380615,8.9,125
1719463381243,9.05,350
1719463381698,9.1,550
1719463382434,9.1,25
1719463382695,9.1,25
1719463383271,9.1,25
1719463383704,9.1,25
1719463384701,8.95,100
1719463385675,8.95,25
1719463386669,9.05,25
1719463386860,8.95,25
1719463387079,8.95,50
1719463387700,9.0,100
1719463388254,9.05,50
1719463388658,9.05,225
1719463389231,9.0,50
1719463389691,9.0,275
1719463390479,9.05,300
1719463390719,9.05,50
1719463391471,9.1,100
1719463391668,9.1,25
1719463392065,9.15,100
1719463392880,9.15,50
1719463393263,9.15,50
1719463393676,9.2,50
1719463394710,9.2,900
1719463395693,9.25,300
1719463395709,9.2,25
1719463396694,9.2,25
1719463397693,9.25,50
1719463398274,9.25,75
1719463398697,9.2,25
1719463399280,9.15,25
1719463399711,9.15,25
1719463400286,9.2,50
1719463400705,9.1,50
1719463401467,9.25,25
1719463401621,9.25,25
1719463402645,9.25,350
1719463403582,9.2,25
1719463404656,9.3,25
1719463404656,9.3,25
1719463405493,9.2,50
1719463405645,9.25,75
1719463406641,9.35,75
1719463406892,9.4,25
1719463407289,9.55,25
1719463407686,9.5,350
1719463408479,9.45,500
1719463408666,9.5,25
1719463409426,9.45,25
1719463409716,9.55,25
1719463410068,9.65,50
1719463410488,9.65,25
1719463410722,9.7,500
1719463411711,9.55,125
1719463412691,9.6,25
1719463413704,9.6,50
1719463414682,9.55,150
1719463414899,9.55,75
1719463415074,9.6,25
1719463415663,9.65,25
1719463416096,9.7,50
1719463416711,9.85,25
1719463417257,9.75,500
1719463417699,9.9,50
1719463418081,9.8,50
1719463418725,9.65,75
1719463419306,9.8,550
1719463419910,9.75,100
1719463420260,9.8,25
1719463420714,9.75,25
1719463421316,9.7,100
1719463421731,9.65,25
1719463422321,9.75,50
1719463422669,9.75,150
1719463423306,9.8,75
1719463423717,9.8,50
1719463424503,9.65,25
1719463424715,9.65,75
1719463425683,9.75,1800
1719463426694,9.8,375
1719463427723,9.85,50
1719463427859,9.8,25
1719463428148,9.85,50
1719463428931,10.25,25
1719463429547,10.4,850
1719463429724,10.35,25
1719463430505,10.05,125
1719463430705,10.0,75
1719463431700,10.05,300
1719463432731,10.55,350
1719463433944,10.3,50
1719463434741,10.3,225
1719463434945,10.3,350
1719463435331,10.3,200
1719463435731,10.35,250
1719463436323,10.35,125
1719463436724,10.3,50
1719463437281,10.35,50
1719463437732,10.35,50
1719463438546,10.35,150
1719463438925,10.3,50
1719463439754,10.35,75
1719463440032,10.4,75
1719463440732,10.3,50
1719463440942,10.3,25
1719463441151,10.45,200
1719463441736,10.35,50
1719463442142,10.4,250
1719463442731,10.2,25
1719463443343,10.25,50
1719463443915,10.15,50
1719463444335,10.1,50
1719463444712,10.2,50
1719463445375,10.1,250
1719463445716,10.2,50
1719463457527,10.1,50
1719463457747,10.0,50
1719463458555,10.05,925
1719463458733,10.05,50
1719463459552,10.15,25
1719463459753,10.25,25
1719463460591,10.15,1575
1719463460754,10.15,25
1719463461655,10.25,75
1719463462732,10.2,50
1719463462909,10.2,100
1719463463328,10.15,625
1719463463729,10.1,25
1719463466440,10.2,50
1719463466732,10.2,25
1719463467778,10.1,175
1719463468670,10.0,325
1719463468905,10.0,25
1719463469181,10.0,25
1719463469735,10.0,75
1719463470084,9.95,25
1719463470199,9.95,75
1719463470923,9.65,25
1719463471362,9.6,25
1719463471708,9.7,25
1719463472576,9.5,625
1719463472745,9.6,200
1719463473583,9.6,25
1719463473746,9.55,100
1719463474605,9.55,150
1719463474763,9.5,25
1719463475595,9.65,125
1719463475741,9.6,25
1719463476558,9.5,300
1719463476740,9.45,625
1719463477740,9.55,50
1719463477811,9.6,50
1719463478754,9.7,25
1719463479002,9.7,350
1719463479122,9.75,25
1719463479761,9.65,100
1719463480178,9.75,25
1719463480757,9.9,925
1719463481193,9.95,25
1719463481740,10.05,300
1719463482372,10.0,25
1719463482598,9.95,25
1719463483550,10.05,50
1719463483880,9.95,75
1719463484776,9.9,150
1719463484801,9.9,50
1719463485767,9.9,150
1719463486017,9.85,150
1719463486754,9.85,75
1719463486875,9.9,25
1719463487398,9.95,100
1719463487766,9.95,25
1719463488387,9.9,25
1719463488709,9.9,25
1719463489410,9.85,400
1719463490589,9.9,500
1719463490589,9.9,500
1719463491716,10.0,175
1719463492739,10.05,25
1719463493000,9.95,100
1719463493216,9.95,275
1719463493752,9.95,1150
1719463495565,10.0,25
1719463495747,9.95,100
1719463496729,9.95,100
1719463496827,9.95,175
1719463497709,9.95,25
1719463498784,10.0,25
1719463499184,9.95,175
1719463499783,9.95,25
1719463500036,9.85,275
1719463500129,9.85,50
1719463500746,9.75,600
1719463501402,9.65,1275
1719463501741,9.7,50
1719463502577,9.6,25
1719463502772,9.7,25
1719463503421,9.65,50
1719463503956,9.65,50
1719463504610,9.6,25
1719463504776,9.6,50
1719463505631,9.75,100
1719463505768,9.8,100
1719463506837,9.65,200
1719463507766,9.6,100
1719463508056,9.65,25
1719463508211,9.6,50
1719463508711,9.6,50
1719463509637,9.55,50
1719463509739,9.55,125
1719463510629,9.65,25
1719463510755,9.6,200
1719463511607,9.75,425
1719463511724,9.85,25
1719463512747,9.75,25
1719463512821,9.75,25
1719463513712,9.75,175
1719463515009,9.75,25
1719463515242,9.85,275
1719463515777,9.85,125
1719463516443,9.8,300
1719463516803,9.9,25
1719463517443,9.85,25
1719463517671,9.85,275
1719463518546,9.9,50
1719463518727,9.9,250
1719463519444,9.85,125
1719463519689,9.85,100
1719463520627,9.75,75
1719463520688,9.8,25
1719463521659,9.75,200
1719463521801,9.7,25
1719463522640,9.75,150
1719463522795,9.7,50
1719463523771,9.65,500
1719463524771,9.5,50
1719463524860,9.55,75
1719463525814,9.55,50
1719463526761,9.55,300
1719463526875,9.6,75
1719463527725,9.65,50
1719463527927,9.55,200
1719463528223,9.55,50
1719463528796,9.6,125
1719463529466,9.6,125
1719463529743,9.6,25
1719463530033,9.6,100
1719463530455,9.4,675
1719463530753,9.4,75
1719463531652,9.4,25
1719463531748,9.4,300
1719463532797,9.3,125
1719463533682,9.35,25
1719463533723,9.4,50
1719463534708,9.35,100
1719463535765,9.35,500
1719463535890,9.4,50
1719463536750,9.35,375
1719463537091,9.2,50
1719463537269,9.15,25
1719463537649,9.3,50
1719463538251,9.3,350
1719463538787,9.35,25
1719463539272,9.3,25
1719463539734,9.3,25
1719463540446,9.25,25
1719463540774,9.25,975
1719463541700,9.25,25
1719463541786,9.3,25
1719463542782,9.3,25
1719463542864,9.25,25
1719463543862,9.3,925
1719463544316,9.3,300
1719463544780,9.35,25
1719463545484,9.35,50
1719463545774,9.3,50
1719463546651,9.35,25
1719463546782,9.3,25
1719463547787,9.25,25
1719463548693,9.1,25
1719463548971,9.1,25
1719463549902,8.95,200
1719463550799,8.95,100
1719463551781,8.95,125
1719463552109,9.0,25
1719463552245,9.0,50
1719463552801,9.05,25
1719463553453,9.1,25
1719463553772,9.15,25
1719463554325,9.35,100
1719463554769,9.35,1025
1719463555325,9.35,25
1719463555647,9.35,25
1719463556317,9.35,50
1719463556817,9.45,700
1719463557773,9.5,25
1719463558768,9.5,25
1719463558907,9.45,125
1719463559707,9.4,25
1719463559770,9.4,50
1719463560014,9.4,25
1719463560807,9.45,500
1719463560914,9.45,75
1719463561786,9.5,100
1719463561906,9.45,75
1719463562539,9.35,25
1719463562707,9.35,50
1719463563503,9.35,100
1719463563790,9.45,150
1719463564644,9.6,50
1719463564804,9.55,675
1719463565617,9.45,300
1719463565617,9.45,300
1719463566804,9.6,50
1719463567562,9.55,50
1719463567768,9.55,200
1719463568723,9.55,50
1719463568776,9.6,25
1719463569503,9.55,50
1719463569788,9.65,25
1719463570502,9.6,50
1719463570766,9.65,100
1719463571777,9.7,50
1719463572814,9.7,50
1719463573813,9.85,50
1719463573937,9.85,50
1719463574738,9.8,75
1719463574738,9.8,75
1719463575768,9.8,75
1719463575916,9.8,300
1719463576764,9.85,100
1719463577122,9.8,425
1719463577191,9.8,925
1719463577825,9.9,50
1719463578355,9.9,225
1719463578796,9.9,25
1719463579459,10.0,50
1719463579815,9.95,25
1719463580552,9.9,100
1719463580804,9.9,25
1719463581794,9.9,25
1719463582803,10.0,50
1719463582954,10.0,50
1719463583344,10.05,75
1719463583800,10.1,25
1719463584534,10.1,50
1719463584793,10.15,50
1719463585530,10.2,25
1719463585808,10.15,25
1719463586520,10.2,25
1719463586755,10.1,25
1719463587564,10.1,100
1719463587816,10.0,100
1719463588563,10.1,25
1719463588911,10.05,50
1719463589718,10.05,50
1719463589821,10.05,25
1719463590015,10.0,100
1719463590492,10.05,200
1719463590780,10.0,125
1719463591770,10.1,25
1719463592774,10.15,25
1719463592774,10.15,25
1719463593712,10.0,25
1719463593894,10.0,1125
1719463594759,10.05,750
1719463594925,10.1,25
1719463595754,10.05,425
1719463596124,10.05,50
1719463596124,10.05,50
1719463596815,10.2,225
1719463597555,10.15,100
1719463597840,10.2,75
1719463598614,10.2,50
1719463598812,10.2,50
1719463599774,10.05,250
1719463600122,10.1,25
1719463600259,10.1,25
1719463600829,10.15,25
1719463601569,10.2,75
1719463601830,10.2,325
1719463609776,9.85,25
1719463609889,9.75,25
1719463611825,9.95,175
1719463612180,9.95,25
1719463612609,10.0,25
1719463613422,10.0,25
1719463613771,10.0,75
1719463614405,10.05,450
1719463614729,9.95,175
1719463615516,9.95,450
1719463615846,10.0,50
1719463616583,9.9,25
1719463616790,9.9,175
1719463617585,9.8,1200
1719463617854,9.9,250
1719463618511,9.95,175
1719463618828,10.0,25
1719463619556,10.0,25
1719463619755,10.0,200
1719463620068,10.0,75
1719463620539,9.9,125
1719463620828,10.1,300
1719463621540,10.1,25
1719463621836,10.15,350
1719463622849,10.15,25
1719463623781,10.2,25
1719463624838,10.15,675
1719463626010,10.3,100
1719463626838,10.25,25
1719463626969,10.25,25
1719463627775,10.2,150
1719463627775,10.2,150
1719463628619,10.1,50
1719463628619,10.1,50
1719463629374,10.2,200
1719463629808,10.1,25
1719463630556,9.95,125
1719463630862,10.1,25
1719463631576,10.0,25
1719463631858,9.95,400
1719463632843,10.0,100
1719463633850,9.9,900
1719463634589,9.85,375
1719463634847,9.8,250
1719463635834,9.85,175
1719463635834,9.85,175
1719463636850,9.85,150
1719463637842,9.75,350
1719463638034,9.7,50
1719463638861,9.75,25
1719463639043,9.75,25
1719463639434,9.75,25
1719463639767,9.75,25
1719463640440,9.7,50
1719463640823,9.6,50
1719463641631,9.6,25
1719463641840,9.6,100
1719463642738,9.55,50
1719463643821,9.6,25
1719463644834,9.5,1000
1719463645862,9.6,25
1719463646869,9.75,25
1719463647006,9.7,50
1719463647813,9.85,125
1719463668866,10.2,25
1719463668977,10.15,50
1719463669659,10.1,750
1719463669823,10.1,50
1719463670605,10.05,25
1719463670869,10.1,200
1719463671661,10.05,100
1719463671864,10.0,25
1719463672623,10.0,100
1719463672863,9.95,125
1719463673874,9.7,350
1719463674871,9.8,50
1719463675866,10.0,25
1719463676665,10.0,25
1719463676875,10.0,25
1719463688688,9.85,175
1719463688873,9.85,50
1719463690620,9.9,200
1719463691202,9.95,500
1719463691511,9.95,150
1719463691863,9.95,50
1719463692676,9.95,300
1719463692826,9.95,25
1719463693647,10.0,200
1719463693862,9.85,100
1719463694504,10.05,100
1719463694860,10.0,25
1719463695913,10.0,25
1719463696911,10.1,200
1719463697110,9.95,300
1719463697871,9.8,25
1719463698124,9.75,425
1719463698745,9.8,25
1719463699304,9.75,175
1719463699423,9.8,25
1719463699889,9.8,50
1719463700721,9.8,50
1719463700884,9.85,100
1719463701931,9.8,25
1719463702890,9.8,25
1719463702925,9.8,25
1719463703930,9.9,25
1719463704837,9.8,75
1719463705120,9.8,25
1719463705491,9.75,25
1719463705817,9.8,25
1719463706679,9.75,225
1719463706891,9.75,425
1719463707493,9.8,25
1719463708929,9.8,100
1719463709070,9.8,25
1719463709784,9.8,25
1719463710069,9.85,575
1719463710255,9.75,25
1719463710463,9.8,50
1719463710882,9.75,25
1719463711543,9.8,25
1719463712062,9.6,50
1719463712749,9.4,50
1719463712905,9.4,50
1719463713912,9.5,25
1719463714547,9.5,100
1719463714848,9.5,25
1719463715639,9.45,625
1719463715850,9.5,25
1719463716916,9.35,325
1719463717812,9.4,100
1719463718035,9.35,50
1719463718949,9.3,250
1719463719847,9.2,25
1719463720278,9.15,300
1719463720682,9.1,200
1719463720886,9.2,100
1719463721754,9.15,25
1719463721885,9.1,50
1719463722960,9.05,875
1719463723862,9.2,200
1719463724833,9.15,100
1719463725901,9.2,575
1719463726106,9.2,25
1719463726877,9.45,100
1719463727352,9.4,25
1719463727519,9.35,350
1719463727916,9.45,25
1719463728738,9.55,25
1719463728792,9.5,25
1719463729750,9.65,25
1719463729862,9.75,100
1719463730884,9.6,50
1719463731086,9.65,25
1719463731787,9.65,350
1719463732063,9.7,275
1719463732908,9.75,25
1719463733081,9.7,250
1719463733896,9.65,25
1719463734185,9.7,50
1719463748556,9.45,75
1719463748902,9.4,50
1719463749691,9.5,100
1719463749691,9.5,100
1719463750999,9.45,50
1719463752196,9.3,25
1719463752925,9.2,25
1719463753008,9.3,250
1719463753929,9.3,300
1719463754212,9.3,25
1719463754851,9.35,325
1719463755372,9.35,50
1719463755910,9.3,50
1719463760937,8.8,50
1719463761289,8.85,25
1719463761794,8.95,25
1719463761930,8.85,25
1719463762765,8.8,25
1719463762903,8.8,100
1719463764221,8.85,100
1719463764921,8.9,175
1719463765201,8.9,25
1719463765933,8.85,200
1719463766223,8.95,75
1719463766847,9.05,25
1719463767244,9.1,300
1719463767914,9.1,450
1719463768424,9.2,50
1719463768616,9.15,25
1719463768946,9.2,1075
1719463769587,9.15,75
1719463769932,9.15,25
1719463769932,9.15,25
1719463770796,9.3,25
1719463770796,9.3,25
1719463776935,8.9,200
1719463777051,8.85,150
1719463777816,9.0,25
1719463778148,9.0,25
1719463778921,9.0,500
1719463778970,9.0,350
1719463779923,9.05,75
1719463780387,9.1,25
1719463780575,9.15,175
1719463780855,9.1,900
1719463781587,9.15,550
1719463781907,9.1,50
1719463782949,9.2,25
1719463783879,9.05,25
1719463784032,9.1,25
1719463784914,9.05,50
1719463784994,9.1,200
1719463785820,9.1,25
1719463786346,9.1,50
1719463786553,9.1,500
1719463786553,9.1,500
1719463787747,9.1,250
1719463788909,9.05,25
1719463788909,9.05,25
1719463789826,9.1,125
1719463789826,9.1,125
1719463790734,9.0,25
1719463791013,8.95,25
1719463791943,8.9,350
1719463792267,8.95,75
1719463792747,8.95,425
1719463793259,9.0,300
1719463793841,8.85,450
1719463794279,8.8,275
1719463794779,8.85,100
1719463795258,8.8,50
1719463795562,8.75,575
1719463795936,8.8,25
1719463796690,8.8,100
1719463796865,8.85,75
1719463797852,9.0,100
1719463797956,8.95,1625
1719463798959,8.95,25
1719463799057,8.95,25
1719463800076,8.9,75
1719463800951,8.85,150
1719463801244,8.85,150
1719463801957,8.8,375
1719463802282,8.8,50
1719463802860,8.9,175
1719463803243,8.9,450
1719463803806,8.85,275
1719463804882,8.9,925
1719463804919,8.9,975
1719463805799,9.0,25
1719463805952,9.0,275
1719463806954,9.0,550
1719463807907,9.0,300
1719463808084,8.95,25
1719463808956,8.9,50
1719463809081,8.9,175
1719463809956,8.8,25
1719463810211,8.9,25
1719463810953,8.7,450
1719463811281,8.8,25
1719463811806,8.8,150
1719463812231,8.75,175
1719463815947,8.5,100
1719463816045,8.4,50
1719463816952,8.5,125
1719463817292,8.6,25
1719463817972,8.6,675
1719463818305,8.6,25
1719463818943,8.75,200
1719463819277,8.7,125
1719463819963,8.65,50
1719463820309,8.7,25
1719463820652,8.65,250
1719463820921,8.65,400
1719463821966,8.65,25
1719463822907,8.6,575
1719463822967,8.6,225
1719463823901,8.5,500
1719463823975,8.5,25
1719463824937,8.55,100
1719463825087,8.55,725
1719463825911,8.55,50
1719463825911,8.55,50
1719463826878,8.65,75
1719463826878,8.65,75
1719463827938,8.7,75
1719463828102,8.7,50
1719463828974,8.75,200
1719463829310,8.8,400
1719463830074,9.0,100
1719463830305,9.05,75
1719463830948,8.95,150
1719463831321,8.75,100
1719463831972,8.75,25
1719463832308,8.75,175
1719463832937,8.8,25
1719463833304,8.8,300
1719463833937,8.85,50
1719463833937,8.85,50
1719463834981,8.8,25
1719463835301,8.85,450
1719463835882,8.85,1000
1719463835882,8.85,1000
1719463836982,8.85,50
1719463837946,8.95,500
1719463838080,9.0,200
1719463838875,8.85,25
1719463839308,8.8,50
1719463839958,8.9,300
1719463840185,8.9,25
1719463841003,8.95,300
1719463841016,8.95,575
1719463841932,8.95,300
1719463842452,8.95,25
1719463842726,8.9,100
1719463842950,8.9,175
1719463843952,9.05,525
1719463844126,9.05,50
1719463844848,9.0,200
1719463844848,9.0,200
1719463845999,9.0,25
1719463846952,9.0,100
1719463847008,9.0,250
1719463847949,9.05,150
1719463848087,9.1,350
1719463848969,9.0,500
1719463850003,9.1,100
1719463850128,9.1,25
1719463850987,9.1,350
1719463851095,9.1,100
1719463851934,9.1,300
1719463852854,9.1,25
1719463853920,9.05,125
1719463854154,9.1,25
1719463854996,9.1,25
1719463855344,9.15,500
1719463855685,9.15,25
1719463856309,9.15,250
1719463856981,9.1,25
1719463857557,9.05,25
1719463857714,9.05,25
1719463857986,8.9,25
1719463858961,8.75,50
1719463859191,8.75,75
1719463859962,8.7,25
1719463860120,8.75,75
1719463860963,8.7,25
1719463861145,8.7,25
1719463861990,8.45,250
1719463862130,8.55,75
1719463862936,8.5,75
1719463863146,8.5,25
1719463863943,8.6,75
1719463864138,8.6,75
1719463864947,8.6,75
1719463865143,8.6,75
1719463866014,8.7,25
1719463866047,8.7,50
1719463866915,8.8,75
1719463867155,8.7,250
1719463867945,8.8,25
1719463868089,8.85,500
1719463868991,8.75,25
1719463869104,8.85,1025
1719463869967,8.75,75
1719463870973,8.75,75
1719463871163,8.75,25
1719463872004,8.65,75
1719463872011,8.65,25
1719463872988,8.75,75
1719463873055,8.75,350
1719463874010,8.75,75
1719463874020,8.75,75
1719463875013,8.8,75
1719463875296,8.8,25
1719463875606,8.85,25
1719463875968,8.8,50
1719463876790,8.85,25
1719463876963,8.9,25
1719463877850,8.75,325
1719463878995,8.7,25
1719463879964,8.7,25
1719463880185,8.7,225
1719463880933,8.6,25
1719463881160,8.65,25
1719463881996,8.6,125
1719463882224,8.6,400
1719463925252,8.5,250
1719463926023,8.6,125
1719463926243,8.55,475
1719463926975,8.6,275
1719463927389,8.55,225
1719463927803,8.6,500
1719463927954,8.6,25
1719463928926,8.6,75
1719463929993,8.55,500
1719463930254,8.5,75
1719463930892,8.6,250
1719463932035,8.6,150
1719463932965,8.6,525
1719463933251,8.55,1075
1719463934026,8.45,50
1719463934230,8.45,25
1719463935044,8.25,300
1719463935465,8.15,300
1719463936070,8.15,50
1719463937030,8.35,50
1719463937030,8.35,50
1719463937882,8.5,400
1719463938042,8.5,175
1719463939063,8.45,1800
1719463939227,8.5,25
1719463945030,8.6,700
1719463945205,8.55,25
1719463945973,8.5,125
1719463946238,8.5,25
1719463947014,8.5,450
1719463947467,8.55,50
1719463947871,8.6,50
1719463948488,8.6,25
1719463948996,8.55,25
1719463949459,8.55,100
1719463949868,8.6,25
1719463950060,8.55,350
1719463953002,8.55,50
1719463954060,8.6,550
1719463954809,8.6,200
1719463955039,8.6,275
1719463956007,8.7,100
1719463956906,8.75,225
1719463957258,8.65,225
1719463958038,8.7,125
1719463958233,8.7,50
1719463958956,8.75,25
1719463959487,8.7,50
1719463960053,8.7,25
1719463960442,8.75,175
1719463961036,8.75,250
1719463961100,8.75,25
1719463961871,8.8,100
1719463961871,8.8,100
1719463963065,8.8,800
1719463963829,8.75,225
1719463964081,8.8,200
1719463964998,8.75,75
1719463965272,8.7,675
1719463966019,8.75,25
1719463966639,8.75,25
1719463967042,8.65,50
1719463967815,8.65,25
1719463968018,8.6,50
1719463968787,8.75,200
1719463969014,8.7,100
1719463970004,8.75,100
1719463970075,8.75,25
1719463970950,8.8,100
1719463971068,8.8,450
1719463972081,8.8,25
1719463973003,8.8,100
1719463973203,8.75,175
1719463973765,8.75,500
1719463973765,8.75,500
1719463975062,8.7,775
1719463975195,8.7,75
1719463976056,8.7,25
1719463976279,8.65,25
1719463977044,8.65,25
1719463977084,8.65,25
1719463978053,8.65,25
1719463978334,8.6,25
1719463979016,8.6,125
1719463979334,8.55,200
1719463980025,8.5,300
1719463980291,8.5,25
1719463981060,8.45,150
1719463981521,8.55,25
1719463981907,8.55,100
1719463981970,8.55,150
1719463982678,8.5,200
1719463983054,8.5,500
1719463984107,8.55,50
1719463985083,8.6,75
1719463985902,8.65,250
1719463986087,8.6,75
1719463987087,8.65,25
1719463988014,8.7,50
1719463988225,8.75,50
1719463988916,8.65,25
1719463989483,8.75,100
1719463990034,8.7,75
1719463990739,8.65,125
1719463990835,8.65,75
1719463991021,8.6,25
1719463991942,8.65,25
1719463991942,8.65,25
1719463992809,8.65,100
1719463993058,8.7,25
1719463994077,8.75,50
1719463994347,8.8,1000
1719463995041,8.75,25
1719463995041,8.75,25
1719463996051,8.7,100
1719463996197,8.75,25
1719463997076,8.75,50
1719463997328,8.75,800
1719463998085,8.75,25
1719463998163,8.75,75
1719463998988,8.8,500
1719463999474,8.85,25
1719464000170,8.8,50
1719464000561,8.9,25
1719464001011,8.95,75
1719464001633,8.9,450
1719464001794,8.9,250
1719464002040,8.9,100
1719464003167,8.75,150
1719464004030,8.8,125
1719464004453,8.9,25
1719464005118,8.9,125
1719464006108,8.9,250
1719464007028,8.85,100
1719464008064,8.9,100
1719464008163,8.9,125
1719464009179,8.9,75
1719464010086,8.9,75
1719464010151,8.95,75
1719464010869,8.95,25
1719464011378,8.95,75
1719464012059,8.95,375
1719464012502,9.05,75
1719464013083,9.0,25
1719464013565,9.05,75
1719464014107,9.0,150
1719464016008,9.0,50
1719464016977,9.0,75
1719464016977,9.0,75
1719464017994,8.85,25
1719464017994,8.85,25
1719464019081,8.9,75
1719464019188,8.9,75
1719464020021,8.85,1125
1719464020231,8.85,100
1719464021028,8.85,1200
1719464021739,8.8,50
1719464022096,8.75,175
1719464022787,8.7,75
1719464023294,8.7,75
1719464023537,8.75,75
1719464024060,8.8,25
1719464025067,8.85,75
1719464026038,8.9,75
1719464027182,8.95,25
1719464028034,8.9,25
1719464029061,8.9,25
1719464029186,8.9,25
1719464030019,8.9,75
1719464030157,8.9,75
1719464031115,8.9,75
1719464031610,8.9,100
1719464032018,8.95,25
1719464032569,8.95,25
1719464033059,8.9,25
1719464033577,8.9,25
1719464034087,8.95,50
1719464034426,8.9,50
1719464035095,9.0,50
1719464035454,8.95,50
1719464036041,9.05,1450
1719464036075,9.05,50
1719464037208,9.0,800
1719464038022,9.0,25
1719464038207,8.95,1250
1719464039095,9.1,50
1719464039398,9.1,100
1719464040067,9.1,150
1719464040067,9.1,150
1719464040414,9.1,25
1719464041044,9.1,250
1719464041331,9.1,25
1719464042102,9.15,25
1719464042584,9.1,25
1719464042895,9.1,200
1719464043795,9.1,1500
1719464044109,9.1,175
1719464044986,9.2,375
1719464045033,9.2,25
1719464046174,9.1,125
1719464047053,9.2,100
1719464047406,9.25,25
1719464048082,9.15,150
1719464048317,9.2,75
1719464049054,9.15,50
1719464049427,9.15,50
1719464050037,9.2,75
1719464050658,9.25,50
1719464051072,9.3,100
1719464051529,9.25,25
1719464051991,9.2,25
1719464052638,9.2,125
1719464053040,9.2,25
1719464053201,9.25,250
1719464054074,9.25,25
1719464054241,9.15,75
1719464055003,9.2,25
1719464055120,9.2,75
1719464056034,9.1,250
1719464056206,9.1,75
1719464057038,9.0,725
1719464057218,8.85,50
1719464058218,9.05,350
1719464059057,9.1,75
1719464060019,9.1,25
1719464060232,9.1,25
1719464061107,9.2,25
1719464061451,9.2,25
1719464062082,9.25,25
1719464062391,9.2,25
1719464063013,9.25,50
1719464063260,9.35,75
1719464064073,9.3,25
1719464064451,9.45,100
1719464074647,9.45,500
1719464075106,9.45,25
1719464075549,9.45,75
1719464076035,9.45,50
1719464076035,9.45,50
1719464077113,9.35,650
1719464077265,9.35,175
1719464078032,9.35,100
1719464078429,9.35,375
1719464079094,9.35,50
1719464079483,9.3,25
1719464080128,9.4,50
1719464080633,9.4,600
1719464081111,9.3,25
1719464081687,9.35,25
1719464082128,9.4,50
1719464082614,9.4,175
1719464083134,9.35,25
1719464083443,9.4,25
1719464084100,9.45,575
1719464088683,9.55,25
1719464089084,9.5,25
1719464089680,9.55,75
1719464090124,9.5,200
1719464090697,9.4,50
1719464091124,9.5,650
1719464091867,9.45,800
1719464092035,9.45,50
1719464092285,9.4,175
1719464093100,9.2,650
1719464093302,9.15,50
1719464094154,9.2,75
1719464094305,9.05,25
1719464095132,9.05,50
1719464095680,9.05,1000
1719464096139,9.05,50
1719464096713,9.05,50
1719464097143,9.0,25
1719464097917,9.15,25
1719464098133,9.1,125
1719464098715,9.15,25
1719464099132,9.15,50
1719464099908,9.2,100
1719464100101,9.15,600
1719464100137,9.1,25
1719464100302,9.2,75
1719464101151,9.1,875
1719464101476,9.15,300
1719464102360,9.1,50
1719464102687,9.1,25
1719464103091,9.05,125
1719464121148,8.85,175
1719464121509,8.9,50
1719464122142,9.0,25
1719464122432,8.95,350
1719464123112,8.9,50
1719464123747,9.05,50
1719464124153,9.15,50
1719464124704,9.05,25
1719464125137,9.05,25
1719464125692,9.05,25
1719464126064,9.05,25
1719464126719,9.05,50
1719464127150,9.1,25
1719464127356,9.1,75
1719464128098,9.05,1425
1719464128362,9.1,325
1719464129165,9.05,50
1719464129291,9.05,550
1719464129924,9.05,50
1719464130153,9.05,25
1719464130153,9.05,25
1719464131155,9.0,25
1719464168119,9.2,1125
1719464168241,9.2,275
1719464169142,9.1,75
1719464169556,9.15,25
1719464170170,9.1,100
1719464170483,9.05,600
1719464171198,9.05,25
1719464171768,9.0,25
1719464172147,9.05,50
1719464172735,9.15,300
1719464173185,9.1,100
1719464173768,9.1,50
1719464174189,9.05,50
1719464174831,9.05,25
1719464175024,9.1,250
1719464176171,9.15,25
1719464177307,9.15,100
1719464177550,9.1,750
1719464178003,9.25,50
1719464178552,9.15,25
1719464179192,9.15,400
1719464179574,9.1,75
1719464180190,9.05,25
1719464180616,9.05,100
1719464181119,9.05,325
1719464181782,9.05,25
1719464182039,9.0,50
1719464182674,9.0,25
1719464183182,8.95,25
1719464183815,8.9,150
1719464206104,9.1,50
1719464206657,9.2,25
1719464207178,9.15,25
1719464207529,9.15,225
1719464208152,9.05,25
1719464208310,9.1,1650
1719464209123,9.15,100
1719464209623,9.1,50
1719464210213,8.95,25
1719464210845,8.95,25
1719464211157,8.95,175
1719464211908,9.1,300
1719464212264,8.95,50
1719464213177,9.05,150
1719464213320,9.0,100
1719464214042,9.1,150
1719464214407,9.0,450
1719464215171,9.0,375
1719464215445,9.05,100
1719464215965,9.05,25
1719464216683,8.95,25
1719464217182,8.9,50
1719464218040,8.9,900
1719464218274,8.9,25
1719464219255,8.6,50
1719464220027,8.6,25
1719464220202,8.55,25
1719464220509,8.45,50
1719464221213,8.6,175
1719464221424,8.55,25
1719464222412,8.65,25
1719464222514,8.55,25
1719464223203,8.55,175
1719464223696,8.5,600
1719464224209,8.45,500
1719464224864,8.6,25
1719464225141,8.5,150
1719464225887,8.45,25
1719464226163,8.35,25
1719464226809,8.35,50
1719464227228,8.3,25
1719464228386,8.25,25
1719464228877,8.2,400
1719464229192,8.2,50
1719464230089,8.2,25
1719464230274,8.1,25
1719464231288,8.1,300
1719464232454,7.9,275
1719464233206,8.2,75
1719464233403,8.1,25
1719464234255,8.1,250
1719464235227,8.1,450
1719464235601,8.2,325
1719464236091,8.05,25
1719464236664,8.0,400
1719464237227,8.05,50
1719464237521,8.05,50
1719464238194,8.0,25
1719464238500,8.0,50
1719464239222,8.05,100
1719464239640,8.05,50
1719464240237,8.0,25
1719464240726,8.1,75
1719464241127,8.1,25
1719464241909,8.05,100
1719464242227,8.1,150
1719464243111,8.1,25
1719464243302,8.05,50
1719464244241,8.0,550
1719464244523,7.9,50
1719464245133,7.95,25
1719464245717,7.95,250
1719464246233,8.0,25
1719464246728,7.8,100
1719464247239,7.65,125
1719464248103,7.65,225
1719464248224,7.6,25
1719464248306,7.5,100
1719464249331,7.3,25
1719464250081,7.4,25
1719464250525,7.45,275
1719464251208,7.3,250
1719464251539,7.4,25
1719464252179,7.5,200
1719464252730,7.45,75
1719464253226,7.45,450
1719464253664,7.45,25
1719464254232,7.35,125
1719464254899,7.4,100
1719464255239,7.5,300
1719464256147,7.5,375
1719464256351,7.45,25
1719464256416,7.5,100
1719464257222,7.4,50
1719464257549,7.35,225
1719464258222,7.35,50
1719464258511,7.3,300
1719464260249,7.3,250
1719464260538,7.3,50
1719464261239,7.3,175
1719464261526,7.3,150
1719464262248,7.25,50
1719464262663,7.3,25
1719464263250,7.25,125
1719464263540,7.25,50
1719464264253,7.3,50
1719464264728,7.3,50
1719464265125,7.2,775
1719464265926,7.25,25
1719464266242,7.2,700
1719464266954,7.25,375
1719464267249,7.25,25
1719464267969,7.25,100
1719464268248,7.25,25
1719464268927,7.25,25
1719464269249,7.2,100
1719464269553,7.15,75
1719464270175,7.1,200
1719464270559,7.1,25
1719464271354,7.2,100
1719464272247,7.35,25
1719464272514,7.4,25
1719464273240,7.2,25
1719464273761,7.3,75
1719464274167,7.4,200
1719464274806,7.35,25
1719464275258,7.35,275
1719464275564,7.35,150
1719464291267,7.3,50
1719464292000,7.15,50
1719464292269,7.05,850
1719464293268,6.9,25
1719464293602,6.95,250
1719464294260,6.95,900
1719464294560,6.9,50
1719464295273,6.9,50
1719464295796,6.95,100
1719464296465,6.95,150
1719464296746,6.95,25
1719464297252,7.0,75
1719464297919,6.95,175
1719464298244,6.85,25
1719464298806,6.95,250
1719464299270,6.8,300
1719464299921,6.85,1800
1719464300247,6.85,25
1719464300360,6.9,500
1719464301258,6.95,25
1719464301805,6.9,75
1719464302244,6.95,50
1719464302785,7.0,25
1719464303270,6.95,100
1719464303804,6.95,175
1719464304257,6.95,100
1719464305006,6.95,25
1719464305275,6.85,25
1719464306009,6.9,25
1719464306243,7.0,25
1719464307000,6.9,50
1719464307275,6.9,50
1719464308254,6.8,50
1719464308621,6.85,250
1719464309223,6.85,25
1719464309414,6.85,25
1719464310008,6.75,100
1719464310281,6.7,25
1719464310810,6.65,100
1719464311271,6.7,100
1719464311811,6.75,25
1719464312280,6.6,50
1719464313022,6.7,75
1719464313252,6.75,200
1719464313810,6.7,50
1719464314271,6.6,500
1719464315010,6.65,75
1719464315226,6.65,650
1719464316035,6.65,50
1719464316275,6.65,25
1719464317011,6.65,50
1719464317274,6.6,100
1719464318000,6.6,50
1719464318242,6.65,25
1719464318625,6.7,25
1719464319241,6.7,100
1719464319772,6.65,25
1719464320220,6.65,75
1719464320764,6.65,200
1719464321260,6.6,200
1719464322040,6.5,25
1719464322283,6.6,125
1719464322813,6.55,125
1719464323250,6.55,125
1719464324036,6.55,50
1719464324290,6.6,1400
1719464325036,6.55,950
1719464325280,6.55,50
1719464325436,6.6,50
1719464326282,6.65,50
1719464326600,6.55,150
1719464327277,6.65,250
1719464327832,6.7,850
1719464328488,6.7,50
1719464328615,6.75,200
1719464329235,6.75,125
1719464329571,6.9,25
1719464330273,6.85,25
1719464330852,6.75,25
1719464367301,7.05,25
1719464367868,7.05,50
1719464368306,7.0,100
1719464369103,7.0,75
1719464369211,7.05,25
1719464370033,7.05,50
1719464370335,7.1,500
1719464371104,7.0,50
1719464371485,6.95,50
1719464371642,6.95,50
1719464372231,7.0,50
1719464372699,7.05,75
1719464373303,7.0,25
1719464376052,7.05,25
1719464376125,7.1,200
1719464376501,7.1,25
1719464377272,7.05,25
1719464377506,7.1,375
1719464378261,7.05,25
1719464378261,7.05,25
1719464379321,7.1,75
1719464379602,7.05,125
1719464380293,7.1,50
1719464380655,7.05,50
1719464381321,7.05,50
1719464381666,7.05,150
1719464382083,7.1,100
1719464383093,7.05,1750
1719464383143,7.05,300
1719464384097,7.1,825
1719464384260,7.1,850
1719464384887,7.1,200
1719464385324,7.1,100
1719464386317,7.1,50
1719464386475,7.1,50
1719464387324,7.05,200
1719464387731,7.05,50
1719464388296,7.1,25
1719464388804,7.0,50
1719464389327,7.05,50
1719464389685,7.05,50
1719464390299,7.1,625
1719464390660,7.05,200
1719464391273,7.0,125
1719464391587,7.05,100
1719464392280,7.05,75
1719464392694,7.05,25
1719464393189,7.1,150
1719464396739,7.05,25
1719464398317,6.9,25
1719464398709,6.9,1000
1719464399292,6.9,50
1719464399724,6.9,300
1719464400083,6.9,200
1719464400528,6.9,25
1719464400751,6.9,50
1719464401327,6.95,175
1719464401715,6.9,150
1719464402328,7.0,25
1719464402959,7.05,25
1719464403314,7.0,50
1719464403753,6.95,50
1719464404321,7.0,425
1719464404940,6.95,1425
1719464405517,6.9,25
1719464405943,6.9,25
1719464406330,6.9,75
1719464407024,6.9,150
1719464407313,6.9,50
1719464407663,6.9,25
1719464408356,6.85,25
1719464408772,6.85,125
1719464409157,6.9,100
1719464409909,6.85,450
1719464410203,6.85,450
1719464411116,6.9,125
1719464411359,6.95,50
1719464412156,6.95,50
1719464412313,7.0,150
1719464413143,7.05,25
1719464413274,7.0,975
1719464413563,7.0,125
1719464414339,7.05,25
1719464414768,7.0,275
1719464415320,7.05,100
1719464415768,7.0,50
1719464416336,7.05,50
1719464416905,7.05,50
1719464417336,7.0,25
1719464417879,7.05,400
1719464418196,7.0,125
1719464418966,7.0,25
1719464419196,7.0,25
1719464419944,6.95,75
1719464420345,7.0,25
1719464421183,7.05,200
1719464421326,7.05,25
1719464421521,7.0,50
1719464422285,7.05,75
1719464422527,7.0,1725
1719464423339,7.0,75
1719464423817,7.1,75
