time,price,volume
1719461504475,3.6,25
1719461504532,3.6,50
1719461505538,3.6,25
1719461505844,3.6,500
1719461506520,3.65,25
1719461506911,3.6,25
1719461507522,3.65,50
1719461508121,3.6,25
1719461508264,3.6,150
1719461508537,3.55,25
1719461509743,3.6,50
1719461510520,3.6,25
1719461510690,3.6,25
1719461511540,3.65,25
1719461511704,3.6,500
1719461512529,3.65,50
1719461512731,3.6,500
1719461513464,3.6,800
1719461513889,3.6,50
1719461514406,3.6,200
1719461515092,3.55,1000
1719461515288,3.55,25
1719461515536,3.55,25
1719461516741,3.5,25
1719461517543,3.55,25
1719461517924,3.6,225
1719461518554,3.55,250
1719461518891,3.65,100
1719461519757,3.65,200
1719461519920,3.6,75
1719461520030,3.6,25
1719461520539,3.65,175
1719461520951,3.6,25
1719461521295,3.6,25
1719461521495,3.6,50
1719461522540,3.65,225
1719461523555,3.65,25
1719461523732,3.65,50
1719461524558,3.65,25
1719461524865,3.65,550
1719461525563,3.65,100
1719461526129,3.7,25
1719461526300,3.65,800
1719461526712,3.75,200
1719461527551,3.8,25
1719461528406,3.8,800
1719461529482,3.8,125
1719461529716,3.8,275
1719461530535,3.8,100
1719461530576,3.75,25
1719461531544,3.75,25
1719461531696,3.8,50
1719461532707,3.75,125
1719461533575,3.8,75
1719461534429,3.8,25
1719461534660,3.75,25
1719461535555,3.8,25
1719461535831,3.75,950
1719461536458,3.8,75
1719461536884,3.8,75
1719461537542,3.8,75
1719461537715,3.8,50
1719461538554,3.75,900
1719461538942,3.75,25
1719461539325,3.8,150
1719461539501,3.8,100
1719461540537,3.85,200
1719461541569,3.9,400
1719461541719,3.9,275
1719461542570,3.9,225
1719461542748,3.9,100
1719461543511,3.95,250
1719461543724,3.9,350
1719461544533,3.9,300
1719461544611,3.95,75
1719461545514,3.9,50
1719461545968,4.0,75
1719461546517,4.0,75
1719461547459,3.95,300
1719461548562,3.9,125
1719461548642,3.85,25
1719461549561,3.9,25
1719461549778,3.9,25
1719461549948,3.95,25
1719461550543,3.95,250
1719461550755,3.95,500
1719461551550,3.9,200
1719461551796,3.95,25
1719461552561,3.9,25
1719461552980,3.95,75
1719461553557,4.0,650
1719461553979,3.95,75
1719461554579,3.95,250
1719461555121,3.95,675
1719461555308,3.9,900
1719461555308,3.9,900
1719461556524,3.95,700
1719461557548,3.9,750
1719461558594,3.9,50
1719461559515,3.9,400
1719461559768,3.9,1250
1719461560584,3.85,75
1719461560729,3.9,25
1719461561346,3.9,100
1719461561722,3.9,25
1719461562541,3.9,725
1719461562943,3.95,1675
1719461563576,3.95,150
1719461563740,3.95,25
1719461564492,4.0,150
1719461565205,3.95,25
1719461565404,4.0,25
1719461565532,4.0,100
1719461566489,3.95,500
1719461566606,4.0,25
1719461567510,4.0,175
1719461568609,4.0,25
1719461569554,4.0,50
1719461569554,4.0,50
1719461570561,4.0,50
1719461571000,3.95,25
1719461571694,3.9,25
1719461572140,3.95,1525
1719461572566,3.9,75
1719461572580,3.95,650
1719461573475,4.0,1000
1719461574596,4.0,25
1719461574747,3.95,300
1719461575490,3.95,100
1719461575790,4.0,25
1719461576613,3.9,125
1719461577620,3.9,75
1719461578006,3.9,25
1719461578548,3.95,500
1719461578955,3.9,125
1719461579530,3.95,75
1719461580054,3.95,500
1719461580509,3.9,50
1719461581180,3.95,50
1719461581296,3.9,25
1719461581296,3.9,25
1719461582343,3.95,25
1719461583500,3.95,425
1719461583989,3.9,25
1719461584473,3.95,150
1719461585073,3.9,25
1719461585544,3.95,125
1719461586224,4.0,100
1719461586410,4.0,225
1719461586588,4.05,50
1719461587544,4.05,950
1719461587544,4.05,950
1719461588505,4.1,50
1719461588830,4.05,25
1719461589807,4.1,25
1719461590006,4.15,25
1719461590521,4.1,100
1719461591028,4.15,25
1719461591472,4.15,25
1719461591961,4.1,1000
1719461592505,4.1,50
1719461592989,4.1,225
1719461593429,4.1,25
1719461593429,4.1,25
1719461594644,4.05,25
1719461595121,4.0,250
1719461595710,4.0,25
1719461596583,3.95,50
1719461596676,3.95,200
1719461597524,4.0,25
1719461597770,4.0,300
1719461598501,4.0,25
1719461599545,4.0,50
1719461599545,4.0,50
1719461600578,4.0,100
1719461605844,3.95,450
1719461606865,4.0,500
1719461607468,4.0,100
1719461608043,4.05,250
1719461608531,4.0,50
1719461609006,4.0,25
1719461609424,4.0,125
1719461609550,4.0,100
1719461609931,3.95,25
1719461610602,4.0,1000
1719461610878,4.0,50
1719461611606,4.0,100
1719461611606,4.0,100
1719461612577,3.95,750
1719461612577,3.95,750
1719461613603,3.95,675
1719461613678,4.0,25
1719461614530,3.95,650
1719461615082,3.95,250
1719461615596,4.05,50
1719461616083,3.95,25
1719461616460,4.0,25
1719461616703,3.95,350
1719461617588,4.0,375
1719461617619,4.0,125
1719461618590,4.0,25
1719461618679,4.0,250
1719461619530,3.95,25
1719461619831,3.95,25
1719461620595,4.0,525
1719461621275,3.95,25
1719461621492,3.95,750
1719461621558,3.95,25
1719461622618,4.0,425
1719461623593,4.0,75
1719461623861,3.95,25
1719461624603,3.85,25
1719461625252,3.9,50
1719461625461,3.85,50
1719461625588,3.85,75
1719461626586,3.9,50
1719461627599,3.85,400
1719461627703,3.85,425
1719461628607,3.8,25
1719461628680,3.8,100
1719461629519,3.8,25
1719461629670,3.85,25
1719461630588,3.8,100
1719461631076,3.8,25
1719461631614,3.8,25
1719461632298,3.85,75
1719461632493,3.8,1000
1719461632814,3.85,25
1719461633217,3.85,50
1719461633560,3.85,475
1719461634621,3.85,300
1719461634621,3.85,300
1719461635546,3.9,375
1719461636600,3.85,25
1719461636600,3.85,25
1719461637410,3.8,25
1719461637893,3.8,75
1719461638559,3.8,75
1719461638727,3.85,150
1719461639541,3.85,50
1719461639775,3.8,350
1719461640061,3.8,375
1719461640431,3.8,75
1719461641041,3.85,625
1719461641425,3.8,25
1719461642099,3.85,1125
1719461642613,3.8,1000
1719461642720,3.85,125
1719461643541,3.8,25
1719461643541,3.8,25
1719461644718,3.8,250
1719461645616,3.85,125
1719461645846,3.85,50
1719461646642,3.9,500
1719461646824,3.9,100
1719461647568,3.85,150
1719461647852,3.85,200
1719461648572,3.85,875
1719461648940,3.85,250
1719461649513,3.9,50
1719461649513,3.9,50
1719461650628,3.85,25
1719461651607,3.85,25
1719461651904,3.85,25
1719461652619,3.8,100
1719461652920,3.8,175
1719461653509,3.75,75
1719461653941,3.8,75
1719461654512,3.8,200
1719461654923,3.75,25
1719461655603,3.8,25
1719461656124,3.8,50
1719461656615,3.75,25
1719461657112,3.8,550
1719461657607,3.75,75
1719461658123,3.8,250
1719461658501,3.8,50
1719461658626,3.8,25
1719461659744,3.9,50
1719461660509,3.9,800
1719461660683,3.9,500
1719461661637,3.9,500
1719461661910,3.95,50
1719461662527,3.95,25
1719461662834,4.0,75
1719461663852,3.9,25
1719461664041,3.95,25
1719461664611,3.9,400
1719461665038,3.95,125
1719461665631,4.0,125
1719461666342,4.0,25
1719461666612,4.0,100
1719461667074,4.0,500
1719461667508,4.05,1000
1719461668369,4.05,1800
1719461668745,4.05,175
1719461669603,4.0,1000
1719461669761,4.0,400
1719461670043,4.0,50
1719461670643,4.0,25
1719461670744,4.05,25
1719461671564,4.0,50
1719461671768,4.05,50
1719461672610,4.05,25
1719461672752,4.1,150
1719461673598,3.9,350
1719461673985,3.95,75
1719461674526,3.95,75
1719461674930,3.95,300
1719461675616,3.95,100
1719461675980,3.9,100
1719461676483,3.9,25
1719461677077,3.85,125
1719461677600,3.85,50
1719461678156,3.9,25
1719461678490,3.95,75
1719461678660,3.95,25
1719461679614,4.0,500
1719461680631,3.95,25
1719461680743,3.95,300
1719461681681,3.9,25
1719461682514,3.9,25
1719461682514,3.9,25
1719461683614,3.9,325
1719461683614,3.9,325
1719461684648,3.85,50
1719461684871,3.85,50
1719461685632,3.85,50
1719461686185,3.85,250
1719461686631,3.85,25
1719461686907,3.85,50
1719461687621,3.9,25
1719461688241,3.85,25
1719461688529,3.85,25
1719461689600,3.8,100
1719461689772,3.85,100
1719461690617,3.85,25
1719461690681,3.85,750
1719461691523,3.8,1300
1719461692204,3.8,800
1719461692588,3.8,150
1719461693207,3.85,25
1719461693635,3.85,25
1719461694383,3.8,25
1719461694630,3.8,100
1719461695600,3.8,475
1719461695600,3.8,475
1719461696656,3.85,500
1719461696810,3.85,325
1719461697670,3.8,200
1719461698200,3.9,100
1719461698641,3.85,675
1719461699150,3.9,350
1719461699666,3.85,175
1719461700004,3.85,150
1719461700850,3.8,25
1719461701407,3.85,100
1719461701530,3.8,25
1719461702614,3.8,25
1719461702816,3.85,250
1719461703819,3.85,125
1719461703820,3.85,125
1719461704563,3.8,25
1719461705010,3.85,350
1719461705658,3.9,750
1719461705898,3.85,25
1719461706628,3.85,1000
1719461707152,3.85,325
1719461707606,3.9,75
1719461708228,3.9,25
1719461708660,3.9,500
1719461709146,3.9,50
1719461709678,3.9,25
1719461710193,3.85,500
1719461710660,3.85,100
1719461711220,3.8,75
1719461711781,3.8,350
1719461712201,3.85,25
1719461712632,3.8,125
1719461712789,3.8,25
1719461713630,3.9,25
1719461713757,3.9,25
1719461714656,3.85,300
1719461714800,3.9,1000
1719461715673,3.85,25
1719461715876,3.8,25
1719461716692,3.85,25
1719461716915,3.85,500
1719461717666,3.85,300
1719461717940,3.85,500
1719461718476,3.85,500
1719461718823,3.85,25
1719461719669,3.75,125
1719461720240,3.8,250
1719461720598,3.7,25
1719461721093,3.75,500
1719461721689,3.7,25
1719461722229,3.75,25
1719461722619,3.7,25
1719461723239,3.75,500
1719461723629,3.7,125
1719461724420,3.7,25
1719461724630,3.7,175
1719461725659,3.7,50
1719461726626,3.7,50
1719461726855,3.7,50
1719461727851,3.75,25
1719461728619,3.7,25
1719461744656,3.6,25
1719461744858,3.55,350
1719461745875,3.65,400
1719461745983,3.55,125
1719461746678,3.6,100
1719461747022,3.6,50
1719461747673,3.55,800
1719461748215,3.55,25
1719461748662,3.55,25
1719461749272,3.55,25
1719461749681,3.55,1125
1719461750270,3.55,25
1719461750705,3.5,25
1719461751272,3.5,25
1719461751757,3.5,125
1719461768847,3.4,50
1719461769704,3.4,600
1719461769855,3.45,25
1719461770697,3.4,350
1719461770918,3.4,75
1719461771887,3.45,100
1719461772111,3.4,275
1719461772697,3.45,25
1719461773269,3.4,25
1719461773603,3.4,25
1719461774291,3.4,200
1719461774650,3.4,300
1719461775254,3.4,25
1719461775708,3.4,25
1719461776290,3.45,300
1719461776894,3.4,25
1719461777171,3.4,1000
1719461777702,3.45,50
1719461778486,3.45,100
1719461778598,3.45,25
1719461793319,3.35,50
1719461793672,3.3,25
1719461794202,3.35,250
1719461794609,3.35,25
1719461795222,3.3,200
1719461795689,3.35,125
1719461796545,3.3,25
1719461796610,3.3,100
1719461797611,3.3,25
1719461797886,3.35,125
1719461798721,3.3,50
1719461799184,3.35,25
1719461799661,3.3,250
1719461800128,3.35,25
1719461800482,3.35,350
1719461801266,3.35,25
1719461801809,3.35,1000
1719461802367,3.35,25
1719461802706,3.35,950
1719461802938,3.3,250
1719461803620,3.25,100
1719461804152,3.25,75
1719461804442,3.25,400
1719461805313,3.25,100
1719461805745,3.25,100
1719461806585,3.25,50
1719461806828,3.25,225
1719461807612,3.3,25
1719461807948,3.3,25
1719461808710,3.25,25
1719461808916,3.25,25
1719461809886,3.25,50
1719461810156,3.3,25
1719461810723,3.25,50
1719461811348,3.3,75
1719461811637,3.25,75
1719461812105,3.3,75
1719461817610,3.35,25
1719461818163,3.3,25
1719461818478,3.3,25
1719461861590,3.35,50
1719461862006,3.4,25
1719461862737,3.4,775
1719461863000,3.35,50
1719461863692,3.35,25
1719461864000,3.4,25
1719461864761,3.4,50
1719461865212,3.4,1800
1719461865697,3.4,125
1719461872791,3.45,50
1719461872888,3.45,900
1719461873769,3.45,175
1719461874007,3.4,150
1719461874736,3.4,200
1719461875057,3.45,25
1719461876040,3.45,125
1719461876749,3.45,175
1719461877179,3.45,50
1719461877662,3.4,50
1719461878245,3.4,300
1719461878700,3.45,25
1719461879023,3.45,25
1719461879771,3.45,25
1719461880012,3.4,50
1719461880463,3.4,175
1719461880970,3.4,50
1719461881420,3.4,25
1719461881733,3.45,50
1719461882053,3.4,225
1719461882551,3.45,100
1719461883170,3.45,125
1719461883759,3.45,500
1719461884259,3.45,75
1719461884723,3.45,25
1719461885261,3.45,25
1719461885777,3.45,75
1719461886245,3.45,25
1719461886716,3.45,400
1719461887359,3.45,25
1719461887733,3.45,50
1719461888022,3.4,325
1719461888768,3.45,25
1719461888996,3.45,300
1719461889921,3.45,350
1719461890210,3.5,50
1719461890722,3.5,500
1719461891483,3.4,50
1719461891553,3.4,25
1719461892482,3.45,25
1719461892713,3.45,25
1719461893400,3.45,25
1719461893666,3.45,375
1719461894272,3.45,100
1719461894785,3.4,900
1719461895052,3.4,300
1719461895973,3.45,25
1719461895973,3.45,25
1719461896770,3.45,25
1719461897019,3.45,350
1719461897750,3.45,25
1719461898095,3.45,25
1719461898714,3.45,25
1719461899085,3.5,25
1719461899718,3.5,25
1719461900049,3.5,1800
1719461900695,3.45,250
1719461901246,3.45,500
1719461901647,3.45,75
1719461902476,3.4,600
1719461902798,3.45,350
1719461903426,3.45,100
1719461903570,3.4,900
1719461903960,3.4,75
1719461904760,3.4,50
1719461905093,3.45,25
1719461905731,3.45,1075
1719461906309,3.4,100
1719461906954,3.5,225
1719461907275,3.45,50
1719461907729,3.4,25
1719461908499,3.45,150
1719461908610,3.4,100
1719461909049,3.45,100
1719461909621,3.45,25
1719461910002,3.45,25
1719461910731,3.5,350
1719461911320,3.5,25
1719461911741,3.55,500
1719461912515,3.5,150
1719461912725,3.45,25
1719461913500,3.5,25
1719461913787,3.5,75
1719461914523,3.55,25
1719461914788,3.5,25
1719461915503,3.6,75
1719461915729,3.5,250
1719461916515,3.6,25
1719461916695,3.55,600
1719461916807,3.55,1175
1719461917681,3.5,125
1719461917993,3.5,25
1719461918700,3.55,25
1719461919183,3.5,25
1719461919800,3.55,25
1719461920257,3.5,25
1719461920802,3.5,500
1719461921335,3.5,1050
1719461921777,3.5,150
1719461922274,3.5,100
1719461922741,3.5,25
1719461923367,3.5,100
1719461923736,3.55,75
1719461923870,3.55,425
1719461924800,3.55,25
1719461925084,3.5,25
1719461925766,3.5,25
1719461926289,3.5,200
1719461926777,3.5,25
1719461927325,3.5,575
1719461927799,3.5,400
1719461928400,3.5,25
1719461928770,3.45,700
1719461929500,3.5,25
1719461929776,3.5,250
1719461929776,3.5,250
1719461930951,3.5,25
1719461931700,3.5,25
1719461931909,3.45,300
1719461932800,3.5,25
1719461933100,3.5,950
1719461933721,3.45,25
1719461934220,3.5,50
1719461934740,3.5,25
1719461935246,3.45,25
1719461935673,3.45,50
1719461936472,3.5,75
1719461936946,3.5,25
1719461937515,3.55,125
1719461937654,3.55,50
1719461938645,3.55,425
1719461938645,3.55,425
1719461938867,3.55,25
1719461939822,3.45,25
1719461940057,3.45,25
1719461940804,3.45,100
1719461941360,3.45,250
1719461941817,3.45,25
1719461942133,3.5,50
1719461943002,3.45,50
1719461943160,3.45,25
1719461943722,3.5,150
1719461944239,3.45,50
1719461944802,3.45,125
1719461945571,3.45,125
1719461945780,3.5,50
1719461946540,3.45,25
1719461946808,3.4,25
1719461946965,3.4,25
1719461947774,3.45,25
1719461947774,3.45,25
1719461948774,3.45,25
1719461948932,3.45,25
1719461949800,3.45,25
1719461949913,3.45,25
1719461950804,3.4,25
1719461951001,3.45,25
1719461951724,3.4,75
1719461952169,3.4,350
1719461952679,3.4,325
1719461953103,3.4,175
1719461953686,3.4,125
1719461954358,3.4,25
1719461954410,3.4,100
1719461955645,3.4,250
1719461956044,3.4,175
1719461956734,3.45,350
1719461957165,3.4,25
1719461957665,3.35,100
1719461957951,3.4,75
1719461958796,3.35,50
1719461959015,3.35,25
1719461960021,3.35,25
1719461960149,3.3,100
1719461960816,3.25,50
1719461961391,3.2,25
1719461961807,3.2,25
1719461962336,3.2,125
1719461962797,3.2,100
1719461963573,3.2,50
1719461964012,3.2,175
1719461964574,3.2,150
1719461964750,3.2,50
1719461965601,3.2,25
1719461965784,3.2,25
1719461966600,3.25,25
1719461966831,3.2,125
1719461966981,3.25,675
1719461967800,3.25,25
1719461968196,3.25,100
1719461968768,3.25,25
1719461969146,3.2,100
1719461969793,3.2,425
1719461970205,3.25,50
1719461970700,3.25,25
1719461971170,3.2,25
1719461971800,3.25,25
1719461972118,3.2,200
1719461972819,3.25,150
1719461973220,3.25,25
1719461973777,3.2,25
1719461974200,3.25,25
1719461974789,3.2,25
1719461975208,3.25,50
1719461975780,3.2,75
1719461976263,3.25,25
1719461976838,3.2,50
1719461977571,3.2,75
1719461977798,3.2,900
1719461978420,3.2,75
1719461979027,3.25,50
1719461979820,3.25,1775
1719461980229,3.2,25
1719461980790,3.25,25
1719461981199,3.25,25
1719461981810,3.2,50
1719461982238,3.2,25
1719461982809,3.2,400
1719461983209,3.2,25
1719461983820,3.15,150
1719461984618,3.15,25
1719461984814,3.1,375
1719461985589,3.15,25
1719461985812,3.15,50
1719461986630,3.2,25
1719461986807,3.15,200
1719461987825,3.15,25
1719461987951,3.15,375
1719461988761,3.2,25
1719461989199,3.15,175
1719461989803,3.2,100
1719461990134,3.2,50
1719461990756,3.15,550
1719461991375,3.15,50
1719461991802,3.15,25
1719461992219,3.15,50
1719461993038,3.15,50
1719461993193,3.15,25
1719461993814,3.15,25
1719461994454,3.15,500
1719461994829,3.15,50
1719461995524,3.15,75
1719461995836,3.15,300
1719461995986,3.15,450
1719461996805,3.2,150
1719461997019,3.15,225
1719461997689,3.2,150
1719461998178,3.2,25
1719461998770,3.15,350
1719461999104,3.2,75
1719461999845,3.15,75
1719461999845,3.15,75
1719462000171,3.2,875
1719462000806,3.2,25
1719462001429,3.15,500
1719462001649,3.15,500
1719462002854,3.1,175
1719462003046,3.15,150
1719462003703,3.15,275
1719462004049,3.1,825
1719462004849,3.1,550
1719462005220,3.1,100
1719462005806,3.15,1675
1719462006450,3.1,25
1719462006836,3.1,25
1719462007655,3.05,1250
1719462008028,3.05,25
1719462008626,3.0,25
1719462008851,2.95,25
1719462009776,3.0,25
1719462009877,3.0,25
1719462009983,3.0,25
1719462010853,3.0,25
1719462011236,3.0,25
1719462011815,3.0,100
1719462012266,3.05,75
1719462012831,3.0,75
1719462013234,3.0,75
1719462013854,2.95,100
1719462014272,3.0,25
1719462015029,2.95,25
1719462015410,3.0,25
1719462015815,3.0,25
1719462016252,3.0,25
1719462016861,3.0,25
1719462017275,3.0,25
1719462017864,2.95,50
1719462018661,2.9,300
1719462018838,2.95,25
1719462019657,3.0,25
1719462020025,3.0,25
1719462020614,2.9,950
1719462020853,2.9,25
1719462021645,2.95,25
1719462021852,2.95,125
1719462022658,2.95,50
1719462022852,3.0,25
1719462023661,3.0,25
1719462024058,3.0,25
1719462024263,3.0,25
1719462024840,3.0,100
1719462025284,3.05,100
1719462025863,3.0,25
1719462026482,3.0,25
1719462026827,3.0,25
1719462027663,2.95,575
1719462027846,3.0,25
1719462028223,3.05,1275
1719462028831,2.95,50
1719462029285,3.0,50
1719462029813,3.0,25
1719462030026,3.0,25
1719462030280,3.0,25
1719462030837,3.0,25
1719462031687,3.0,25
1719462031847,2.95,25
1719462032681,3.0,25
1719462032876,3.0,25
1719462033647,3.0,25
1719462033837,3.0,25
1719462034106,2.95,25
1719462035097,3.0,25
1719462035813,3.0,25
1719462036290,3.0,25
1719462036863,3.0,25
1719462037271,3.0,25
1719462037868,3.0,25
1719462038462,3.0,25
1719462038845,3.0,25
1719462039480,3.0,25
1719462039865,3.0,25
1719462040695,3.0,75
1719462040859,3.0,25
1719462041895,3.0,25
1719462042099,3.0,150
1719462042834,3.0,25
1719462043302,3.0,25
1719462043877,3.0,25
1719462044297,3.05,25
1719462044882,3.0,25
1719462045477,3.0,25
1719462045871,3.0,1775
1719462046701,3.0,25
1719462046858,3.0,25
1719462047661,3.0,25
1719462047866,3.0,25
1719462048085,3.0,25
1719462048807,3.0,25
1719462049304,3.0,25
1719462049885,3.0,25
1719462050511,2.95,1500
1719462050874,2.95,175
1719462051652,3.0,25
1719462051854,3.0,25
1719462052718,3.0,25
1719462052857,3.0,25
1719462053881,2.95,25
1719462054305,2.95,25
1719462054882,3.0,25
1719462055306,3.0,225
1719462055854,3.0,25
1719462056315,3.0,25
1719462056875,3.0,25
1719462057521,3.0,25
1719462057864,2.95,75
1719462058716,3.05,75
1719462058867,3.05,150
1719462059915,3.05,150
1719462060087,3.0,100
1719462060814,3.0,400
1719462061316,3.0,500
1719462062089,3.0,25
1719462062483,3.0,25
1719462062893,3.0,25
1719462063496,3.0,200
1719462063842,3.0,25
1719462064494,3.05,500
1719462064786,3.1,25
1719462065403,3.05,25
1719462065876,3.05,50
1719462066686,3.05,100
1719462067066,3.05,300
1719462067871,3.1,125
1719462068212,3.05,1300
1719462068853,3.05,100
1719462069228,3.05,25
1719462069865,3.1,25
1719462070333,3.05,25
1719462070876,3.05,25
1719462071446,3.05,25
1719462071747,3.1,50
1719462072500,3.05,25
1719462072888,3.1,125
1719462073582,3.1,250
1719462073893,3.05,50
1719462073893,3.05,50
1719462074881,3.0,575
1719462075076,3.0,25
1719462075888,3.05,425
1719462076056,3.05,25
1719462076625,3.05,25
1719462077156,3.0,425
1719462077895,3.0,100
1719462078336,3.0,25
1719462078789,3.05,300
1719462079277,3.05,25
1719462079856,3.05,25
1719462080502,3.05,375
1719462080729,3.0,125
1719462081587,3.0,25
1719462081832,3.0,25
1719462082745,3.15,25
1719462082804,3.15,50
1719462084014,3.05,125
1719462084317,3.1,50
1719462084911,3.1,75
1719462085211,3.1,75
1719462085839,3.1,125
1719462086215,3.05,50
1719462086865,3.05,50
1719462087479,3.1,25
1719462087826,3.05,250
1719462088565,3.05,25
1719462088845,3.05,25
1719462089435,3.1,50
1719462089853,3.15,150
1719462090000,3.1,25
1719462090551,3.05,800
1719462090911,3.1,100
1719462091744,3.1,25
1719462091884,3.15,25
1719462092180,3.15,25
1719462092865,3.1,25
1719462093346,3.15,25
1719462093913,3.15,200
1719462094239,3.1,275
1719462094894,3.15,25
1719462095351,3.15,25
1719462095920,3.1,300
1719462096572,3.1,500
1719462096805,3.1,175
1719462097564,3.1,50
1719462097876,3.15,25
1719462098737,3.15,150
1719462098848,3.1,1000
1719462099890,3.1,50
1719462100078,3.15,25
1719462100747,3.15,175
1719462101537,3.15,175
1719462101893,3.15,50
1719462102584,3.1,25
1719462102812,3.1,25
1719462103457,3.1,600
1719462103864,3.1,1800
1719462104773,3.1,100
1719462104859,3.05,50
1719462105056,3.05,825
1719462105862,3.1,25
1719462106153,3.1,100
1719462106903,3.15,25
1719462107341,3.1,25
1719462107595,3.1,25
1719462108491,3.1,75
1719462108785,3.1,100
1719462109545,3.1,275
1719462109909,3.1,500
1719462110374,3.1,25
1719462110825,3.1,250
1719462111318,3.1,575
1719462111894,3.05,1100
1719462112320,3.05,25
1719462112859,3.05,1075
1719462113546,3.0,50
1719462113919,3.05,50
1719462114559,3.05,525
1719462114937,3.1,50
1719462115576,3.05,500
1719462115921,3.05,50
1719462116740,3.1,300
1719462116740,3.1,300
1719462117351,3.1,1500
1719462117897,3.05,400
1719462118144,3.1,150
1719462118860,3.15,200
1719462119598,3.15,1350
1719462119847,3.1,625
1719462120023,3.15,25
1719462120137,3.15,50
1719462120683,3.15,75
1719462121580,3.1,1025
1719462121870,3.15,25
1719462122559,3.15,25
1719462122910,3.15,25
1719462123800,3.1,25
1719462123890,3.1,50
1719462124203,3.15,775
1719462124906,3.2,50
1719462125201,3.15,25
1719462125739,3.15,50
1719462126433,3.1,1175
1719462126839,3.15,25
1719462127395,3.1,50
1719462127834,3.15,50
1719462128604,3.15,50
1719462128905,3.1,25
1719462129770,3.1,25
1719462129881,3.1,300
1719462130188,3.15,25
1719462130882,3.15,50
1719462131427,3.15,50
1719462131933,3.1,100
1719462132610,3.15,25
1719462132887,3.2,250
1719462133682,3.15,575
1719462133924,3.15,25
1719462134553,3.15,25
1719462134903,3.1,25
1719462135633,3.15,250
1719462135809,3.15,25
1719462136901,3.1,50
1719462137100,3.15,50
1719462137910,3.15,125
1719462138163,3.15,500
1719462138861,3.15,1150
1719462139268,3.2,25
1719462139914,3.15,300
1719462140499,3.2,50
1719462140499,3.2,50
1719462141530,3.15,100
1719462142122,3.2,25
1719462142641,3.25,50
1719462142913,3.2,50
1719462143914,3.2,50
1719462144625,3.2,25
1719462144929,3.25,50
1719462145714,3.25,50
1719462145874,3.15,100
1719462146255,3.25,175
1719462146929,3.2,200
1719462147441,3.2,175
1719462147855,3.25,50
1719462148615,3.25,25
1719462148886,3.25,875
1719462149397,3.25,200
1719462149809,3.2,25
1719462150018,3.25,75
1719462150445,3.25,25
1719462150919,3.25,50
1719462151622,3.2,25
1719462151827,3.2,650
1719462152847,3.25,175
1719462153179,3.25,50
1719462153935,3.25,25
1719462154401,3.25,25
1719462154931,3.25,625
1719462155416,3.3,25
1719462155930,3.3,25
1719462156664,3.3,25
1719462156919,3.3,25
1719462157537,3.3,25
1719462157914,3.25,525
1719462158739,3.3,25
1719462159937,3.25,25
1719462160737,3.35,50
1719462160737,3.35,50
1719462161227,3.35,50
1719462161924,3.35,50
1719462162416,3.3,375
1719462162939,3.35,500
1719462163658,3.3,400
1719462163894,3.3,800
1719462164593,3.3,100
1719462164895,3.3,600
1719462165915,3.3,775
1719462166198,3.35,500
1719462166730,3.35,200
1719462167369,3.3,175
1719462167931,3.35,50
1719462168406,3.3,375
1719462168906,3.4,1800
1719462169449,3.4,100
1719462169932,3.4,50
1719462170919,3.35,1800
1719462171611,3.4,50
1719462171912,3.3,25
1719462172598,3.35,50
1719462172893,3.3,150
1719462173656,3.35,50
1719462173945,3.35,1800
1719462174478,3.3,300
1719462174932,3.35,25
1719462175630,3.35,50
1719462175878,3.35,100
1719462176693,3.3,600
1719462176910,3.35,175
1719462177759,3.4,250
1719462178149,3.4,25
1719462178942,3.4,25
1719462179070,3.4,1250
1719462179277,3.4,100
1719462180015,3.4,50
1719462180496,3.35,25
1719462180832,3.4,325
1719462181496,3.45,25
1719462181926,3.45,250
1719462182646,3.4,100
1719462182838,3.45,100
1719462183658,3.45,25
1719462183946,3.4,25
1719462184331,3.45,400
1719462184911,3.4,75
1719462185463,3.4,125
1719462185723,3.4,25
1719462186407,3.45,50
1719462186878,3.45,25
1719462187462,3.4,50
1719462187960,3.4,50
1719462188490,3.4,500
1719462188952,3.4,25
1719462189641,3.4,25
1719462189933,3.45,25
1719462190640,3.4,50
1719462190969,3.4,25
1719462191704,3.35,1225
1719462191963,3.4,500
1719462192591,3.4,25
1719462192947,3.35,25
1719462193694,3.35,25
1719462193949,3.45,25
1719462194723,3.4,25
1719462194954,3.35,75
1719462195715,3.4,25
1719462196861,3.4,175
1719462197473,3.4,25
1719462197914,3.4,175
1719462198507,3.4,175
1719462198962,3.35,800
1719462199329,3.35,25
1719462199959,3.4,25
1719462200427,3.35,25
1719462200888,3.4,50
1719462201913,3.4,100
1719462202950,3.35,200
1719462203481,3.35,25
1719462204111,3.35,25
1719462204312,3.35,25
1719462204925,3.3,25
1719462205398,3.3,500
1719462205955,3.3,25
1719462206430,3.25,325
1719462206965,3.25,25
1719462207537,3.25,25
1719462207941,3.25,125
1719462208528,3.25,75
1719462208937,3.25,50
1719462209530,3.25,75
1719462209604,3.25,1200
1719462210502,3.25,125
1719462210855,3.25,300
1719462211484,3.25,50
1719462211924,3.25,25
1719462212537,3.25,50
1719462212862,3.25,50
1719462213803,3.25,50
1719462214633,3.25,25
1719462214980,3.25,25
1719462215542,3.25,375
1719462215909,3.25,125
1719462216674,3.25,25
1719462216935,3.25,25
1719462217976,3.25,75
1719462218340,3.3,25
1719462218690,3.25,50
1719462219483,3.25,50
1719462219843,3.3,450
1719462220736,3.25,1800
1719462220980,3.25,25
1719462221627,3.25,25
1719462221787,3.2,250
1719462222927,3.25,250
1719462223538,3.25,600
1719462223874,3.2,25
1719462224967,3.25,100
1719462225381,3.2,50
1719462225950,3.25,100
1719462226712,3.2,900
1719462226887,3.25,25
1719462227294,3.25,50
1719462227961,3.25,125
1719462228633,3.25,200
1719462228985,3.25,125
1719462229529,3.25,125
1719462229967,3.2,50
1719462231005,3.3,25
1719462231359,3.3,375
1719462231758,3.2,250
1719462232190,3.25,25
1719462232797,3.25,50
1719462233349,3.25,25
1719462233974,3.25,75
1719462234594,3.3,100
1719462234892,3.25,50
1719462235438,3.25,250
1719462235954,3.2,75
1719462236702,3.3,250
1719462236931,3.25,25
1719462237957,3.3,25
1719462238971,3.3,25
1719462239171,3.25,50
1719462239233,3.25,75
1719462240033,3.3,75
1719462240581,3.25,50
1719462240971,3.25,50
1719462241389,3.25,25
1719462242191,3.25,25
1719462242683,3.25,50
1719462242922,3.25,25
1719462243490,3.2,25
1719462244000,3.2,50
1719462244575,3.2,25
1719462244961,3.2,300
1719462245487,3.2,225
1719462245777,3.15,125
1719462246777,3.15,25
1719462246980,3.15,350
1719462247559,3.15,25
1719462247966,3.2,25
1719462248765,3.15,650
1719462248852,3.15,150
1719462249789,3.2,25
1719462249993,3.2,125
1719462250716,3.2,50
1719462250990,3.2,25
1719462251588,3.15,75
1719462251812,3.2,25
1719462252485,3.2,25
1719462253000,3.2,75
1719462253567,3.2,100
1719462253996,3.15,800
1719462254651,3.2,25
1719462254928,3.2,100
1719462255953,3.2,25
1719462256942,3.2,250
1719462258001,3.2,25
1719462258147,3.2,100
1719462258417,3.2,150
1719462258845,3.2,275
1719462259409,3.15,825
1719462259987,3.15,1200
1719462260515,3.2,350
1719462260967,3.2,750
1719462261728,3.2,125
1719462261966,3.2,300
1719462262504,3.2,25
1719462262969,3.15,200
1719462264007,3.1,300
1719462264737,3.1,25
1719462264949,3.1,125
1719462265817,3.1,250
1719462265895,3.1,25
1719462267040,3.1,25
1719462267419,3.1,25
1719462267995,3.1,25
1719462268606,3.1,25
1719462268980,3.1,25
1719462269625,3.05,250
1719462270056,3.1,25
1719462270819,3.1,25
1719462270997,3.1,25
1719462271804,3.1,25
1719462272020,3.1,25
1719462272979,3.1,750
1719462272979,3.1,750
1719462273350,3.1,50
1719462274008,3.05,75
1719462274389,3.05,300
1719462275006,3.05,25
1719462275501,3.0,50
1719462275894,3.05,50
1719462276408,3.0,75
1719462276815,3.0,250
1719462277833,3.0,25
1719462278014,3.0,25
1719462278818,3.0,25
1719462279020,2.95,100
1719462279826,3.0,25
1719462280016,3.0,25
1719462281041,3.0,25
1719462282044,3.0,25
1719462282997,3.0,25
1719462283229,3.0,25
1719462283632,3.0,25
1719462284010,3.0,25
1719462284636,3.0,25
1719462285008,3.0,75
1719462285632,3.0,25
1719462286032,3.0,25
1719462286650,3.0,25
1719462286993,3.0,25
1719462287650,3.0,25
1719462288014,3.0,200
1719462288664,3.0,25
1719462289023,3.0,25
1719462289873,3.0,25
1719462290216,3.0,25
1719462290655,3.0,25
1719462291019,3.0,25
1719462291852,2.95,25
1719462292014,2.85,1275
1719462293055,2.9,25
1719462293214,2.9,1500
1719462293870,2.9,25
1719462293953,2.9,25
1719462294495,2.95,525
1719462295000,2.95,100
1719462295836,2.9,25
1719462296032,2.9,50
1719462296854,2.95,150
1719462296999,2.9,100
1719462297649,2.9,25
1719462297978,2.95,25
1719462298661,2.9,800
1719462298707,2.95,350
1719462327877,2.8,500
1719462328004,2.8,100
1719462328898,2.75,100
1719462329063,2.8,100
1719462330607,2.8,50
1719462331964,2.8,75
1719462332549,2.75,25
1719462333213,2.75,325
1719462333895,2.8,75
1719462333988,2.8,25
1719462335035,2.8,50
1719462336055,2.75,25
1719462336137,2.7,50
1719462337098,2.75,500
1719462338045,2.75,475
1719462338045,2.75,475
1719462338936,2.8,250
1719462339040,2.75,250
1719462340010,2.7,300
1719462341043,2.75,250
1719462341043,2.75,250
1719462342042,2.75,125
1719462342072,2.75,50
1719462348941,2.75,500
1719462348941,2.75,500
1719462349685,2.75,500
1719462349940,2.75,500
1719462351028,2.75,175
1719462351991,2.75,50
1719462351991,2.75,50
1719462352967,2.75,375
1719462353342,2.7,400
1719462353440,2.7,25
1719462354058,2.7,100
1719462354769,2.75,25
1719462355007,2.75,25
1719462355936,2.75,25
1719462356054,2.75,25
1719462356964,2.75,25
1719462357155,2.75,25
1719462357430,2.75,250
1719462358061,2.75,50
1719462358516,2.7,200
1719462358981,2.75,50
1719462359707,2.75,75
1719462360072,2.7,75
1719462360884,2.7,1175
1719462360884,2.7,1175
1719462362102,2.75,25
1719462362102,2.75,25
1719462362738,2.75,50
1719462363161,2.7,25
1719462363548,2.7,25
1719462363858,2.75,200
1719462364369,2.75,150
1719462365048,2.8,100
1719462365772,2.75,25
1719462366062,2.75,25
1719462366960,2.8,175
1719462367028,2.75,75
1719462367850,2.75,25
1719462367850,2.75,25
1719462369066,2.75,1000
1719462369960,2.75,25
1719462369960,2.75,25
1719462371124,2.7,200
1719462372073,2.7,825
1719462372126,2.7,300
1719462373025,2.75,50
1719462373405,2.75,75
1719462373788,2.75,25
1719462406042,2.65,25
1719462406303,2.6,25
1719462406856,2.65,25
1719462407068,2.65,25
1719462408101,2.55,25
1719462409100,2.55,175
1719462409860,2.6,175
1719462409860,2.6,175
1719462411219,2.55,25
1719462411277,2.55,25
1719462412067,2.6,25
1719462412222,2.6,25
1719462413091,2.6,50
1719462413251,2.6,100
1719462414238,2.55,25
1719462414446,2.55,125
1719462414498,2.55,1000
1719462415104,2.6,50
1719462415611,2.55,425
1719462416109,2.55,50
1719462417070,2.55,25
1719462417110,2.6,800
1719462417968,2.5,50
1719462418263,2.5,25
1719462419106,2.5,50
1719462420053,2.45,700
1719462420053,2.45,700
1719462420466,2.5,50
1719462421114,2.45,50
1719462421471,2.5,100
1719462422268,2.5,750
1719462423108,2.4,400
1719462424077,2.4,25
1719462424297,2.45,25
1719462425103,2.4,50
1719462425280,2.4,25
1719462426101,2.4,75
1719462426283,2.4,25
1719462427029,2.4,25
1719462427309,2.4,25
1719462428054,2.35,50
1719462428078,2.4,25
1719462429041,2.35,25
1719462429118,2.4,75
1719462429897,2.35,50
1719462430107,2.35,50
1719462431077,2.4,50
1719462431259,2.4,25
1719462432126,2.35,25
1719462432243,2.35,825
1719462433076,2.35,50
1719462433267,2.35,50
1719462434290,2.4,75
1719462434499,2.4,100
1719462434680,2.4,25
1719462435107,2.4,100
1719462435890,2.4,250
1719462436101,2.4,100
1719462437112,2.35,1625
1719462437894,2.4,25
1719462438108,2.4,1075
1719462438916,2.35,50
1719462439120,2.4,75
1719462440092,2.35,50
1719462441068,2.35,50
1719462441299,2.35,50
1719462441897,2.4,575
1719462442060,2.35,50
1719462443274,2.35,50
1719462444090,2.35,425
1719462444241,2.35,50
1719462445117,2.35,75
1719462445509,2.35,50
1719462445674,2.3,25
1719462446284,2.3,50
1719462446901,2.3,25
1719462447109,2.3,50
1719462447845,2.3,50
1719462448115,2.3,25
1719462448903,2.35,25
1719462449110,2.3,475
1719462450115,2.35,25
1719462450115,2.35,25
1719462451130,2.3,50
1719462452085,2.35,25
1719462452289,2.3,50
1719462452914,2.35,150
1719462453127,2.35,200
1719462454110,2.3,250
1719462455130,2.3,425
1719462457120,2.3,25
1719462458106,2.3,50
1719462458329,2.3,50
1719462459095,2.3,50
1719462460111,2.3,50
1719462461132,2.3,25
1719462462111,2.35,200
1719462462934,2.3,525
1719462463138,2.25,25
1719462463943,2.25,25
1719462464347,2.3,25
1719462464945,2.25,400
1719462465127,2.25,50
1719462466138,2.25,325
1719462466348,2.25,50
1719462467118,2.25,25
1719462468372,2.3,50
1719462469098,2.3,250
1719462469497,2.3,175
1719462469716,2.35,900
1719462470128,2.35,150
1719462470943,2.35,400
1719462471113,2.3,50
1719462472159,2.35,100
1719462472342,2.35,100
1719462473198,2.35,100
1719462473364,2.35,100
1719462474296,2.35,250
1719462474543,2.35,350
1719462475121,2.3,50
1719462475349,2.3,50
1719462476345,2.3,50
1719462476527,2.3,100
1719462476750,2.3,50
1719462477163,2.35,25
1719462477738,2.3,50
1719462478330,2.3,50
1719462478953,2.3,50
1719462479347,2.3,50
1719462480087,2.35,75
1719462480128,2.3,100
1719462481152,2.35,525
1719462481371,2.3,900
1719462482287,2.3,25
1719462482346,2.3,50
1719462483157,2.3,25
1719462483556,2.3,50
1719462486139,2.3,75
1719462486369,2.3,25
1719462487359,2.3,50
1719462488127,2.3,25
1719462488345,2.3,50
1719462489146,2.3,75
1719462489571,2.25,375
1719462489949,2.25,50
1719462490346,2.25,50
1719462491121,2.25,25
1719462491969,2.25,50
1719462492150,2.25,150
1719462492968,2.25,25
1719462493363,2.25,50
1719462494177,2.3,25
1719462495337,2.3,25
1719462495572,2.25,50
1719462496121,2.25,50
1719462496587,2.25,75
1719462496788,2.25,50
1719462497358,2.25,50
1719462497968,2.25,600
1719462498162,2.3,25
1719462498974,2.25,75
1719462499157,2.25,75
1719462500196,2.25,50
1719462500336,2.25,50
1719462501172,2.25,50
1719462502168,2.3,50
1719462502353,2.3,50
1719462503172,2.35,50
1719462503333,2.3,50
1719462504154,2.35,25
1719462505154,2.3,50
1719462505376,2.35,375
1719462506349,2.3,125
1719462506366,2.35,475
1719462507142,2.3,525
1719462507403,2.35,100
1719462508155,2.35,100
1719462508993,2.3,50
1719462509348,2.3,625
1719462510058,2.3,50
1719462510167,2.3,350
1719462513606,2.25,25
1719462514001,2.3,25
1719462514342,2.25,50
1719462514987,2.3,50
1719462515144,2.3,150
1719462516207,2.3,50
1719462517218,2.25,50
1719462517346,2.25,50
1719462518412,2.3,25
1719462519104,2.25,350
1719462519604,2.25,25
1719462519824,2.3,50
1719462520358,2.3,450
1719462521010,2.3,25
1719462521150,2.3,25
1719462522136,2.25,50
1719462522412,2.25,50
1719462523127,2.25,25
1719462523365,2.25,50
1719462524146,2.3,25
1719462524437,2.25,75
1719462525358,2.25,1400
1719462525610,2.25,50
1719462526199,2.25,50
1719462527158,2.25,425
1719462527187,2.25,25
1719462528203,2.25,25
1719462528346,2.25,50
1719462529163,2.3,50
1719462535054,2.3,250
1719462535149,2.3,50
1719462536236,2.25,925
1719462536371,2.25,50
1719462545181,2.25,50
1719462545439,2.3,50
1719462546151,2.3,50
1719462546636,2.3,150
1719462547363,2.35,25
1719462547584,2.3,50
1719462548180,2.35,50
1719462548664,2.35,25
1719462549056,2.35,50
1719462549390,2.3,25
1719462550274,2.35,25
1719462551195,2.35,25
1719462551254,2.35,75
1719462552245,2.3,150
1719462552400,2.35,25
1719462561385,2.3,600
1719462562258,2.25,50
1719462563155,2.3,600
1719462563452,2.25,50
1719462564176,2.25,50
1719462564473,2.25,50
1719462565117,2.25,50
1719462565625,2.25,300
1719462566058,2.25,50
1719462566400,2.25,50
1719462567055,2.25,25
1719462567151,2.25,150
1719462568241,2.2,50
1719462575068,2.2,25
1719462575206,2.2,375
1719462576074,2.2,75
1719462576160,2.25,25
1719462577092,2.25,1200
1719462577411,2.25,25
1719462601062,2.1,25
1719462601422,2.1,150
1719462603191,2.1,25
1719462603329,2.1,25
1719462604215,2.1,25
1719462604328,2.1,25
1719462605391,2.05,50
1719462605520,2.1,25
1719462606234,2.1,25
1719462606500,2.1,50
1719462607231,2.1,50
1719462607533,2.1,950
1719462608411,2.1,50
1719462608543,2.1,25
1719462609221,2.05,250
1719462609734,2.1,25
1719462609899,2.15,600
1719462610216,2.1,50
1719462611147,2.1,100
1719462611185,2.1,475
1719462612203,2.05,300
1719462613139,2.1,125
1719462613405,2.1,500
1719462614218,2.05,50
1719462614350,2.05,25
1719462615179,2.05,50
1719462615505,2.05,50
1719462616203,2.1,800
1719462616366,2.1,25
1719462617183,2.05,25
1719462617536,2.1,1100
1719462618206,2.1,25
1719462618746,2.05,350
1719462618937,2.05,1600
1719462619418,2.1,100
1719462620361,2.05,50
1719462621224,2.05,50
1719462621341,2.1,925
1719462622167,2.05,125
1719462622343,2.05,50
1719462623168,2.1,25
1719462623209,2.05,50
1719462624119,2.05,50
1719462624350,2.1,125
1719462625227,2.05,50
1719462625335,2.05,50
1719462626400,2.15,25
1719462626579,2.1,25
1719462627200,2.15,25
1719462628200,2.1,50
1719462629153,2.15,25
1719462629210,2.15,25
1719462629996,2.1,1375
1719462630250,2.1,1300
1719462630415,2.15,1650
1719462631199,2.15,275
1719462631375,2.15,50
1719462632223,2.15,25
1719462632584,2.15,500
1719462633214,2.1,900
1719462633535,2.1,300
1719462634200,2.15,25
1719462634730,2.1,25
1719462635125,2.15,50
1719462635400,2.15,25
1719462636162,2.1,700
1719462637229,2.1,50
1719462637262,2.15,725
1719462638185,2.15,550
1719462638371,2.1,100
1719462639200,2.15,25
1719462639261,2.15,725
1719462640247,2.15,550
1719462641190,2.1,1450
1719462641259,2.15,375
1719462642200,2.15,25
1719462643229,2.1,150
1719462643400,2.15,25
1719462644147,2.15,25
1719462644532,2.15,500
1719462645186,2.1,25
1719462645600,2.15,25
1719462646454,2.1,1350
1719462646780,2.1,25
1719462647204,2.1,25
1719462648234,2.1,1800
1719462648381,2.1,75
1719462649223,2.15,1550
1719462650449,2.1,600
1719462651110,2.15,75
1719462651400,2.15,25
1719462652238,2.1,50
1719462652406,2.15,25
1719462653195,2.15,600
1719462653409,2.1,1600
1719462658241,2.1,75
1719462659424,2.15,50
1719462660026,2.15,75
1719462660199,2.1,75
1719462660402,2.1,25
1719462661377,2.1,125
1719462662249,2.15,50
1719462662437,2.15,50
1719462663211,2.1,25
1719462663380,2.15,25
1719462664341,2.15,725
1719462665248,2.1,50
1719462665592,2.1,25
1719462666462,2.15,25
1719462666601,2.1,500
1719462667218,2.15,25
1719462667813,2.1,175
1719462668190,2.1,25
1719462669445,2.1,25
1719462670224,2.15,800
1719462670640,2.1,25
1719462671263,2.15,25
1719462671586,2.15,25
1719462672236,2.15,50
1719462672482,2.1,25
1719462673524,2.15,25
1719462673644,2.1,150
1719462673996,2.1,100
1719462674104,2.15,400
1719462675197,2.1,100
1719462676240,2.15,25
1719462676426,2.15,25
1719462677394,2.05,200
1719462678255,2.05,75
1719462678331,2.1,25
1719462679207,2.1,1675
1719462679587,2.1,1525
1719462680311,2.1,525
1719462680853,2.05,375
1719462681222,2.0,25
1719462682241,2.05,1700
1719462683343,2.05,50
1719462684259,2.1,25
1719462684473,2.15,100
1719462685363,2.05,825
1719462686272,2.1,25
1719462686437,2.1,25
1719462687276,2.1,25
1719462687433,2.1,25
1719462688400,2.15,25
1719462688610,2.1,25
1719462689195,2.1,50
1719462689699,2.15,1200
1719462690265,2.1,25
1719462691215,2.15,1150
1719462692260,2.15,400
1719462692428,2.1,100
1719462693278,2.1,25
1719462694264,2.15,25
1719462695470,2.15,75
1719462696230,2.1,125
1719462696453,2.1,25
1719462697257,2.1,25
1719462697257,2.1,25
1719462703147,2.15,250
1719462703858,2.1,125
1719462704052,2.1,200
1719462704275,2.1,25
1719462705103,2.1,25
1719462705489,2.1,50
1719462735507,2.05,25
1719462735933,2.1,75
1719462736272,2.05,25
1719462737084,2.05,25
1719462737300,2.1,25
1719462738092,2.05,25
1719462738485,2.05,25
1719462739280,2.05,200
1719462739537,2.05,125
1719462740301,2.05,200
1719462740527,2.05,25
1719462741499,2.05,25
1719462741754,2.05,25
1719462742240,2.05,350
1719462742909,2.05,25
1719462743090,2.05,350
1719462745283,2.05,25
1719462745330,2.05,50
1719462746250,2.05,375
1719462746250,2.05,375
1719462747312,2.05,25
1719462747479,2.05,25
1719462748544,2.05,125
1719462749246,2.1,50
1719462749450,2.05,50
1719462750045,2.05,150
1719462750308,2.05,25
1719462750753,2.05,25
1719462751288,2.05,75
1719462751709,2.05,100
1719462752116,2.1,50
1719462752313,2.05,50
1719462753151,2.05,25
1719462753472,2.1,100
1719462754318,2.05,200
1719462754531,2.05,125
1719462755308,2.05,25
1719462755711,2.05,75
1719462756385,2.1,25
1719462756580,2.05,175
1719462757303,2.05,400
1719462757927,2.05,50
1719462758299,2.05,25
1719462758907,2.1,300
1719462758907,2.1,300
1719462759487,2.1,50
1719462760324,2.1,100
1719462760566,2.05,25
1719462767300,2.1,25
1719462768289,2.05,325
1719462769331,2.1,350
1719462769385,2.05,25
1719462770569,2.05,500
1719462771305,2.05,775
1719462771994,2.0,25
1719462772302,2.0,100
1719462772756,2.0,25
1719462773310,2.05,100
1719462773915,2.0,250
1719462774173,2.0,50
1719462774500,2.05,25
1719462775370,2.05,50
1719462776592,2.0,75
1719462777293,2.05,100
1719462777516,2.1,325
1719462778324,2.05,900
1719462778541,2.05,475
1719462779212,2.05,250
1719462779471,2.1,25
1719462779912,2.05,200
1719462780286,2.05,250
1719462780536,2.1,125
1719462781506,2.05,75
1719462781729,2.0,50
1719462782311,2.05,50
1719462782832,2.05,50
1719462783503,2.0,100
1719462783977,2.0,25
1719462784194,2.0,50
1719462784324,2.0,25
1719462785340,2.0,25
1719462785395,2.05,250
1719462786524,2.0,25
1719462786561,2.05,900
1719462787300,2.05,25
1719462787787,2.0,50
1719462788336,2.0,250
1719462788771,2.0,25
1719462789329,2.0,175
1719462789775,2.0,50
1719462790508,2.0,25
1719462790563,2.0,100
1719462791340,2.0,100
1719462791806,2.0,25
1719462792327,2.0,50
1719462792801,2.0,50
1719462793530,2.05,25
1719462794000,2.0,100
1719462794327,2.05,25
1719462795318,2.0,175
1719462795403,2.0,25
1719462796358,2.0,100
1719462796595,2.0,150
1719462797333,2.0,25
1719462797802,2.0,25
1719462798546,2.0,50
1719462799020,2.0,25
1719462799345,2.0,50
1719462799803,2.0,75
1719462800310,2.0,25
1719462801002,2.0,150
1719462801225,2.0,325
1719462801355,2.0,75
1719462802510,2.0,100
1719462802617,2.0,50
1719462803348,1.95,100
1719462803824,2.0,25
1719462804325,2.0,925
1719462804818,1.95,25
1719462805326,2.0,150
1719462805876,1.95,25
1719462806500,2.0,25
1719462807210,1.95,50
1719462807334,1.95,100
1719462808228,1.95,50
1719462808327,1.95,25
1719462809430,1.95,50
1719462809541,2.0,1000
1719462810038,1.95,100
1719462810358,1.95,25
1719462810394,1.95,25
1719462811546,1.95,25
1719462811628,2.0,75
1719462812351,1.95,25
1719462812838,1.95,25
1719462813307,1.95,25
1719462814028,1.95,25
1719462814537,1.95,25
1719462815001,2.0,25
1719462815313,1.95,625
1719462815431,2.0,25
1719462816353,1.95,25
1719462816442,1.95,50
1719462817500,2.0,25
1719462817624,1.95,25
1719462818320,1.95,25
1719462818622,1.95,25
1719462819336,1.95,50
1719462819846,1.95,25
1719462820350,1.95,200
1719462821032,1.95,100
1719462821111,2.0,1000
1719462821390,2.0,350
1719462822342,1.95,75
1719462822628,2.0,1075
1719462823318,1.95,25
1719462823516,1.95,25
1719462824535,2.0,25
1719462824745,2.0,25
1719462825356,2.0,50
1719462825764,1.95,200
1719462826360,2.0,150
1719462826848,2.0,675
1719462827490,2.0,25
1719462827768,1.95,500
1719462828371,1.95,25
1719462829003,2.0,25
1719462829233,1.95,50
1719462829233,1.95,50
1719462830129,1.95,50
1719462830539,1.95,400
1719462831308,1.95,25
1719462831451,1.95,175
1719462832354,1.95,25
1719462832663,1.95,100
1719462833365,1.95,500
1719462833660,1.95,100
1719462834535,1.9,25
1719462834810,1.95,350
1719462835299,1.9,450
1719462836023,1.95,500
1719462836369,1.95,125
1719462836905,1.95,50
1719462837357,1.95,500
1719462838549,1.95,100
1719462839250,1.95,350
1719462839667,1.9,100
1719462840041,1.95,50
1719462840347,1.9,25
1719462840610,1.95,200
1719462841310,1.95,200
1719462841664,1.9,225
1719462842430,1.95,800
1719462843310,1.95,750
1719462843680,1.95,350
1719462844370,1.9,25
1719462844849,1.95,25
1719462845340,1.95,275
1719462845839,1.9,25
1719462846510,1.95,350
1719462846868,1.95,1750
1719462847360,1.9,25
1719462848082,1.95,300
1719462848258,2.0,25
1719462848352,1.95,25
1719462849368,2.0,50
1719462850350,2.0,200
1719462850624,1.95,25
1719462851574,2.0,200
1719462851645,1.95,125
1719462852300,2.0,350
1719462852674,1.95,25
1719462853310,2.0,350
1719462853657,1.95,125
1719462854460,2.0,1400
1719462855310,2.0,625
1719462855810,2.0,350
1719462856369,2.0,475
1719462856810,2.0,350
1719462857498,2.0,50
1719462858096,2.0,75
1719462858200,2.0,25
1719462858200,2.0,25
1719462859310,2.0,350
1719462859495,2.0,950
1719462860345,2.0,225
1719462860684,1.95,500
1719462861325,2.0,50
1719462861703,1.95,75
1719462862564,1.95,275
1719462862910,2.0,350
1719462863352,2.0,25
1719462864067,2.0,25
1719462864329,1.95,25
1719462865527,2.0,375
1719462866276,1.95,25
1719462866709,1.95,1200
1719462867310,1.95,75
1719462867700,2.0,25
1719462868347,2.0,25
1719462868683,1.95,250
1719462869577,1.95,25
1719462869910,2.0,350
1719462870080,2.0,350
1719462870380,2.0,350
1719462870886,2.0,400
1719462871382,2.0,50
1719462871910,2.0,250
1719462872582,2.0,125
1719462873045,1.95,25
1719462873373,2.0,50
1719462874387,2.0,75
1719462875445,2.0,25
1719462876526,1.95,200
1719462876710,2.0,350
1719462877356,1.95,100
1719462877710,2.0,350
1719462878400,2.0,350
1719462879110,2.0,350
1719462879369,2.0,25
1719462879519,1.95,75
1719462880343,1.95,350
1719462880710,2.0,225
1719462881410,2.0,350
1719462881910,2.0,350
1719462882310,2.0,250
1719462882815,2.0,50
1719462883350,2.0,350
1719462883710,2.0,350
1719462884310,2.0,350
1719462884743,2.0,100
1719462885393,2.0,75
1719462885871,2.0,100
1719462886594,2.0,100
1719462886710,2.0,350
1719462887324,2.0,100
1719462887680,2.0,350
1719462888313,2.0,100
1719462888725,2.0,1050
1719462889376,2.0,100
1719462889712,2.0,275
1719462890357,2.0,75
1719462890910,2.05,350
1719462891605,2.0,1100
1719462891921,2.05,250
1719462892313,2.05,200
1719462893070,2.05,350
1719462893404,2.05,50
1719462893512,2.0,75
1719462894387,2.05,75
1719462894748,2.05,25
1719462895392,2.05,150
1719462895751,2.0,50
1719462896398,2.05,275
1719462896944,2.0,1175
1719462897591,2.0,200
1719462897918,2.0,1700
1719462898395,2.0,225
1719462898955,2.0,150
1719462899382,2.0,25
1719462899840,2.05,350
1719462900451,2.0,75
1719462900937,2.0,500
1719462901357,2.0,50
1719462902140,2.0,200
1719462902388,2.05,125
1719462903294,2.05,500
1719462903517,2.05,100
1719462904601,2.1,100
1719462905352,2.1,825
1719462905679,2.05,50
1719462906408,2.15,375
1719462906945,2.1,75
1719462907605,2.1,100
1719462908151,2.1,625
1719462908403,2.05,975
1719462908569,2.05,650
1719462909383,2.1,25
1719462909568,2.05,25
1719462910398,2.1,75
1719462910570,2.1,375
1719462911294,2.1,250
1719462911771,2.05,25
1719462912360,2.05,250
1719462912746,2.1,500
1719462913376,2.1,50
1719462913694,2.05,25
1719462914356,2.05,500
1719462914953,2.05,300
1719462915391,2.1,175
1719462916089,2.1,125
1719462916415,2.05,200
1719462917130,2.05,1000
1719462917386,2.05,75
1719462918571,2.05,200
1719462918783,2.05,100
1719462919367,2.1,725
1719462919720,2.05,25
1719462920414,2.05,25
1719462920888,2.1,250
1719462921129,2.1,200
1719462922151,2.05,75
1719462922422,2.05,75
1719462922908,2.05,25
1719462923305,2.05,500
1719462923964,2.05,100
1719462924311,2.05,25
1719462924975,2.05,25
1719462925424,2.05,50
1719462925878,2.0,25
1719462926396,2.05,100
1719462926580,2.0,125
1719462927345,2.05,500
1719462927706,2.05,25
1719462928468,2.0,25
1719462928468,2.0,25
1719462929288,2.0,25
1719462929777,2.0,25
1719462930069,2.0,25
1719462930399,2.05,75
1719462930785,2.0,25
1719462931380,2.05,75
1719462931930,2.0,475
1719462932413,2.05,50
1719462933012,2.1,25
1719462933378,2.05,450
1719462934000,2.1,75
1719462934432,2.05,300
1719462935000,2.1,75
1719462935610,2.05,1000
1719462936466,2.05,25
1719462936793,2.05,1100
1719462937442,2.05,25
1719462937812,2.05,75
1719462938572,2.05,25
1719462939000,2.05,200
1719462939425,2.05,300
1719462940000,2.05,500
1719462940465,2.1,75
1719462941196,2.05,250
1719462941392,2.05,50
1719462942354,2.1,200
1719462942583,2.05,50
1719462943408,2.05,350
1719462943602,2.05,450
1719462944393,2.05,600
1719462944801,2.1,25
1719462945430,2.1,25
1719462945724,2.1,225
1719462946631,2.05,1750
1719462947000,2.05,500
1719462947254,2.1,25
1719462948211,2.05,250
1719462948309,2.05,25
1719462949500,2.05,500
1719462950384,2.1,25
1719462950676,2.05,25
1719462951366,2.1,225
1719462951828,2.05,50
1719462952411,2.1,1675
1719462952720,2.1,500
1719462953359,2.1,1500
1719462953783,2.1,25
1719462954412,2.1,25
1719462954743,2.1,25
1719462955339,2.1,25
1719462955758,2.05,325
1719462956470,2.05,575
1719462957041,2.05,75
1719462957405,2.05,100
1719462958217,2.1,25
1719462958261,2.1,25
1719462959242,2.05,400
1719462959327,2.05,325
1719462960412,2.05,325
1719462960721,2.05,500
1719462961639,2.1,150
1719462962037,2.05,25
1719462962442,2.0,450
1719462963016,2.05,100
1719462963435,2.05,75
1719462964226,2.1,25
1719462964519,2.1,100
1719462965435,2.05,75
1719462965731,2.1,125
1719462966437,2.05,75
1719462966833,2.1,700
1719462967586,2.05,25
1719462967777,2.05,200
1719462968423,2.05,100
1719462968846,2.1,600
1719462969279,2.1,25
1719462970059,2.1,25
1719462970564,2.05,25
1719462971055,2.1,25
1719462971337,2.1,700
1719462972000,2.1,200
1719462972382,2.1,125
1719462973205,2.05,900
1719462973331,2.05,75
1719462974392,2.1,25
1719462975613,2.1,25
1719462976421,2.1,225
1719462976832,2.1,25
1719462977435,2.1,500
1719462977574,2.05,125
1719462978450,2.1,400
1719462979031,2.05,25
1719462979414,2.05,1500
1719462980042,2.05,150
1719462980377,2.05,25
1719462981415,2.1,650
1719462981652,2.1,425
1719462982304,2.1,50
1719462982596,2.1,25
1719462983382,2.05,25
1719462983774,2.05,100
1719462984623,2.05,50
1719462984835,2.05,150
1719462985266,2.1,25
1719462985885,2.05,75
1719462986314,2.1,200
1719462986897,2.05,75
1719462987432,2.1,150
1719462987884,2.05,75
1719462988366,2.1,25
1719462988866,2.1,25
1719462989366,2.1,25
1719462991922,2.1,25
1719462992653,2.05,150
1719462992956,2.05,75
1719462993443,2.05,25
1719463014895,2.05,25
1719463015409,2.05,50
1719463015914,2.05,25
1719463016324,2.05,500
1719463017026,2.1,25
1719463017409,2.05,25
1719463017680,2.05,275
1719463018427,2.05,50
1719463018943,2.05,1200
1719463019467,2.05,50
1719463019921,2.05,25
1719463020187,2.05,100
1719463020637,2.05,250
1719463021446,2.0,550
1719463021575,2.0,200
1719463022365,2.05,150
1719463022848,2.0,50
1719463023449,2.05,25
1719463024093,2.05,25
1719463024491,2.05,25
1719463025336,2.05,1175
1719463025471,2.05,1500
1719463025700,2.05,25
1719463026429,2.0,150
1719463026898,2.0,575
1719463027351,2.05,25
1719463027900,2.05,25
1719463028426,2.05,25
1719463029147,2.05,25
1719463029603,2.05,600
1719463030300,2.05,25
1719463030480,2.0,25
1719463031286,2.0,25
1719463031412,2.0,25
1719463031500,2.0,1800
1719463032474,2.0,225
1719463032900,2.05,25
1719463033456,2.05,75
1719463033872,2.0,75
1719463034501,2.0,100
1719463034889,2.05,50
1719463035594,2.05,25
1719463036076,2.05,1475
1719463036430,2.05,150
1719463037105,2.05,400
1719463037425,2.1,200
1719463038150,2.05,25
1719463038485,2.1,500
1719463039333,2.1,300
1719463039536,2.1,150
1719463040654,2.05,25
1719463041483,2.05,150
1719463041600,2.1,25
1719463042473,2.1,50
1719463042849,2.05,1575
1719463043288,2.05,50
1719463043900,2.1,25
1719463044351,2.05,75
1719463045190,2.05,150
1719463045658,2.1,900
1719463046150,2.0,50
1719463046426,2.05,1150
1719463046766,2.05,25
1719463047465,2.0,25
1719463047768,2.05,25
1719463048472,2.05,25
1719463048849,2.0,100
1719463049471,2.05,100
1719463050038,2.05,400
1719463050477,2.0,1475
1719463051097,2.05,400
1719463051500,2.05,25
1719463052502,2.05,1800
1719463052760,2.05,50
1719463053423,2.1,75
1719463053643,2.1,25
1719463054452,2.05,300
1719463054780,2.05,175
1719463055477,2.05,50
1719463055800,2.05,200
1719463056442,2.1,50
1719463056980,2.05,25
1719463057489,2.05,600
1719463057979,2.05,25
1719463058356,2.1,25
1719463058964,2.05,25
1719463059524,2.05,1800
1719463060190,2.05,25
1719463060511,2.05,200
1719463060950,2.05,75
1719463061449,2.05,25
1719463062137,2.05,325
1719463062440,2.05,25
1719463063204,2.05,50
1719463063443,2.05,25
1719463064100,2.1,100
1719463064365,2.05,25
1719463065370,2.05,25
1719463065700,2.1,25
1719463066490,2.05,150
1719463066683,2.05,100
1719463067477,2.05,150
1719463067853,2.1,100
1719463068472,2.05,900
1719463068983,2.1,50
1719463069434,2.05,125
1719463070002,2.05,600
1719463070428,2.05,1100
1719463071068,2.1,125
1719463071453,2.1,50
1719463072212,2.05,100
1719463072517,2.05,100
1719463073208,2.1,50
1719463073582,2.1,100
1719463073685,2.1,50
1719463074319,2.1,250
1719463074646,2.1,750
1719463075472,2.1,25
1719463075817,2.1,25
1719463076451,2.05,25
1719463076933,2.05,200
1719463077500,2.1,25
1719463078168,2.05,25
1719463078701,2.05,25
1719463079195,2.1,25
1719463079578,2.05,250
1719463080045,2.1,50
1719463080268,2.1,25
1719463081013,2.05,1425
1719463081516,2.1,200
1719463082020,2.1,50
1719463082478,2.05,1475
1719463083025,2.1,500
1719463083453,2.05,1575
1719463084220,2.05,50
1719463084606,2.05,25
1719463085239,2.05,50
1719463085400,2.05,75
1719463086500,2.05,25
1719463086552,2.0,1250
1719463087452,2.0,50
1719463087764,2.0,25
1719463088519,2.0,25
1719463088806,2.05,75
1719463089425,2.0,200
1719463089581,2.0,100
1719463090388,2.05,25
1719463090861,2.0,50
1719463091292,2.0,25
1719463091979,2.0,25
1719463092565,2.0,675
1719463093012,2.05,250
1719463093500,2.05,25
1719463093798,2.05,25
1719463094529,2.0,25
1719463095450,2.0,500
1719463095633,2.05,150
1719463096463,1.95,50
1719463096643,2.0,100
1719463097344,2.05,500
1719463097344,2.05,500
1719463098451,2.05,425
1719463098451,2.05,425
1719463099500,2.05,25
1719463100027,2.05,50
1719463100414,2.0,150
1719463100772,2.0,25
1719463101587,2.0,100
1719463102225,2.0,75
1719463102266,2.0,25
1719463103169,2.0,100
1719463103347,2.05,1650
1719463104200,2.05,25
1719463104288,2.05,25
1719463105213,2.0,450
1719463105539,2.05,500
1719463105811,2.05,150
1719463106505,2.0,50
1719463107033,2.0,125
1719463107507,2.05,25
1719463108015,2.05,25
1719463108336,2.0,25
1719463109017,2.05,25
1719463109436,2.0,25
1719463110090,2.0,450
1719463110506,2.0,25
1719463111075,2.0,1325
1719463111529,2.0,850
1719463111997,2.0,100
1719463112432,2.0,125
1719463112996,2.05,500
1719463113508,2.0,350
1719463114134,2.0,25
1719463114462,2.05,25
1719463115270,2.0,25
1719463115336,2.0,125
1719463116432,2.05,100
1719463116681,2.05,25
1719463117358,2.0,50
1719463117685,2.05,25
1719463118519,2.05,25
1719463118964,2.05,200
1719463119455,2.0,525
1719463119787,2.05,25
1719463120486,2.05,25
1719463120950,2.0,25
1719463121725,2.0,25
1719463122241,2.0,25
1719463122547,2.0,150
1719463123225,2.0,25
1719463123521,2.0,25
1719463123695,2.0,25
1719463124448,1.95,250
1719463125226,2.0,25
1719463125516,1.95,25
1719463125862,2.0,50
1719463126364,2.0,400
1719463126929,2.0,25
1719463127534,1.95,150
1719463128029,1.95,25
1719463128532,2.0,25
1719463129074,2.0,25
1719463129500,2.0,25
1719463130193,2.05,150
1719463130516,2.0,25
1719463130925,2.05,25
1719463131462,2.0,25
1719463132500,2.05,25
1719463132807,2.05,175
1719463133423,2.05,1000
1719463133866,2.05,75
1719463134205,2.05,75
1719463134929,2.0,600
1719463135553,2.0,50
1719463136073,2.0,1400
1719463136563,2.0,25
1719463137513,2.05,100
1719463138552,2.0,50
1719463138556,2.0,25
1719463139452,1.95,150
1719463139555,2.0,25
1719463140081,2.0,200
1719463140357,2.0,900
1719463140785,2.0,500
1719463141398,2.0,1000
1719463141901,2.0,875
1719463142431,2.0,325
1719463143002,1.95,50
1719463143600,2.0,25
1719463144051,2.0,150
1719463144493,1.95,1250
1719463144793,2.0,25
1719463145489,1.95,25
1719463145800,2.0,25
1719463146444,1.95,25
1719463147318,1.95,25
1719463147573,1.95,125
1719463148320,1.95,25
1719463148521,1.95,25
1719463149233,2.0,250
1719463149540,2.0,75
1719463150499,2.0,100
1719463150665,1.95,450
1719463151556,2.0,1725
1719463151915,1.95,25
1719463152280,1.95,50
1719463153125,2.0,25
1719463153527,1.95,25
1719463154119,1.95,50
1719463154460,1.95,25
1719463155290,1.95,500
1719463155516,1.95,25
1719463156068,1.95,25
1719463156501,1.95,50
1719463157074,2.0,25
1719463157533,1.95,25
1719463157881,2.0,25
1719463158457,2.0,500
1719463158846,2.0,500
1719463159540,2.0,200
1719463160106,1.95,200
1719463160535,1.95,25
1719463161092,2.0,25
1719463161565,2.0,50
1719463162008,2.0,150
1719463162558,2.0,50
1719463163303,1.95,175
1719463163528,2.0,100
1719463164349,2.0,25
1719463164567,2.0,100
1719463165197,1.95,25
1719463165511,2.0,25
1719463166249,2.0,100
1719463166555,2.0,1425
1719463167329,2.0,475
1719463167523,2.0,1000
1719463168501,1.95,50
1719463168725,2.0,100
1719463169538,2.0,25
1719463169809,2.0,150
1719463170450,1.95,150
1719463170856,1.95,25
1719463171556,2.0,100
1719463172153,2.0,50
1719463172482,1.95,825
1719463173226,2.0,100
1719463173434,1.95,275
1719463174068,2.0,1300
1719463174546,2.0,50
1719463175140,2.0,25
1719463175565,2.0,25
1719463176116,1.95,1325
1719463176515,1.95,25
1719463177157,1.95,100
1719463177627,1.95,625
1719463178347,2.0,500
1719463178501,1.95,50
1719463179344,1.95,25
1719463179501,1.95,50
1719463180511,2.0,25
1719463181262,1.95,875
1719463181512,1.95,300
1719463182251,1.95,50
1719463182576,1.9,25
1719463183371,1.95,450
1719463183586,1.9,25
1719463184545,1.95,50
1719463184751,1.9,50
1719463185570,1.95,50
1719463185972,1.9,25
1719463186566,1.95,100
1719463186991,1.95,850
1719463187557,2.0,100
1719463187944,1.95,75
1719463188466,1.95,75
1719463189152,1.95,575
1719463189563,1.95,250
1719463190317,2.0,900
1719463190581,1.95,400
1719463190700,2.0,25
1719463191583,2.0,200
1719463191984,1.95,25
1719463192584,2.0,25
1719463192988,2.0,200
1719463193593,1.95,75
1719463194127,2.0,200
1719463194624,2.0,100
1719463195001,2.0,25
1719463195452,2.0,1050
1719463196154,2.0,75
1719463196602,2.0,225
1719463196987,2.0,50
1719463197779,1.95,50
1719463198083,2.0,75
1719463198471,2.0,50
1719463199092,2.0,75
1719463199522,1.95,50
1719463200389,1.95,25
1719463200599,2.0,75
1719463201610,2.0,150
1719463201741,1.95,50
1719463202582,1.95,25
1719463203081,2.0,200
1719463203433,1.95,575
1719463204135,2.0,375
1719463204404,1.95,25
1719463205175,1.95,25
1719463205746,1.95,50
1719463206211,1.9,25
1719463206510,1.95,25
1719463206996,1.95,50
1719463207604,1.95,25
1719463208001,1.95,25
1719463208494,1.95,50
1719463209200,1.95,25
1719463209601,1.9,25
1719463210201,1.9,25
1719463210473,1.95,75
1719463211208,1.9,50
1719463211587,1.95,25
1719463212372,1.95,25
1719463212565,1.9,1400
1719463213358,1.95,25
1719463213585,1.95,25
1719463213951,1.9,25
1719463214586,1.95,25
1719463214982,1.95,75
1719463215598,1.95,25
1719463215821,1.9,1000
1719463216445,1.95,125
1719463216951,1.9,175
1719463217307,1.9,50
1719463218201,1.95,350
1719463218563,1.95,50
1719463218975,1.95,25
1719463219503,1.95,50
1719463220115,1.95,500
1719463220451,1.9,100
1719463221412,1.9,100
1719463221513,1.95,1150
1719463221800,1.95,25
1719463222529,1.95,250
1719463222925,1.95,250
1719463223524,1.9,125
1719463223998,1.95,1000
1719463224587,2.0,150
1719463224945,1.95,900
1719463225582,1.95,100
1719463226245,2.0,25
1719463226509,1.95,650
1719463227107,2.0,100
1719463227597,1.95,50
1719463228232,1.9,300
1719463228600,1.95,25
1719463229165,1.95,400
1719463229481,1.95,100
1719463230064,1.95,100
1719463230234,1.95,100
1719463230601,1.95,25
1719463231192,2.0,25
1719463231531,1.95,900
1719463232133,1.95,150
1719463232605,1.95,25
1719463233403,1.95,225
1719463233605,1.95,800
1719463234416,1.95,50
1719463234704,1.95,50
1719463235420,1.95,1250
1719463235602,1.95,900
1719463236447,1.9,25
1719463236599,1.9,200
1719463237471,1.9,25
1719463237559,1.9,25
1719463238400,1.95,175
1719463238574,1.95,300
1719463239059,2.0,225
1719463239576,1.95,100
1719463254220,2.0,900
1719463254481,2.0,25
1719463255480,2.0,75
1719463255589,2.0,25
1719463255852,2.0,25
1719463256558,1.95,25
1719463256886,1.95,25
1719463257600,2.0,25
1719463258107,2.0,200
1719463258610,2.0,350
1719463259210,2.0,50
1719463259543,2.0,25
1719463260033,2.0,25
1719463260227,2.0,325
1719463260589,2.0,250
1719463261270,1.95,25
1719463261500,2.0,50
1719463262250,1.95,150
1719463262576,1.95,900
1719463263509,2.0,50
1719463263599,2.0,25
1719463264641,2.0,75
1719463264768,1.95,450
1719463265600,2.0,25
1719463265974,1.95,200
1719463266558,2.0,400
1719463267086,2.0,700
1719463267456,1.95,50
1719463281513,1.95,100
1719463281622,1.95,50
1719463282679,1.9,100
1719463282820,1.9,1175
1719463282912,1.9,1400
1719463283583,1.9,75
1719463283948,1.95,150
1719463284629,1.9,150
1719463284948,1.95,175
1719463285597,1.9,125
1719463286124,1.95,200
1719463286618,1.9,100
1719463287285,1.9,25
1719463287634,1.9,150
1719463288250,1.95,125
1719463288625,1.95,375
1719463289600,1.95,25
1719463289976,1.95,25
1719463290507,1.95,75
1719463290507,1.95,75
1719463291500,1.95,25
1719463291600,1.95,25
1719463292600,1.95,25
1719463292954,1.95,900
1719463293645,1.95,25
1719463294134,1.95,25
1719463294853,1.95,25
1719463295119,1.9,600
1719463295651,1.9,300
1719463296350,1.95,25
1719463296644,1.95,25
1719463297344,1.95,25
1719463297646,1.95,25
1719463298517,1.9,150
1719463298517,1.9,150
1719463299498,1.95,325
1719463299498,1.95,325
1719463300315,1.9,100
1719463300652,1.9,25
1719463301513,1.85,25
1719463304510,1.85,25
1719463305306,1.9,250
1719463305546,1.95,600
1719463306362,1.9,100
1719463306557,1.9,1025
1719463308300,1.9,50
1719463308651,1.9,150
1719463309018,1.85,100
1719463309473,1.85,50
1719463310225,1.9,75
1719463310643,1.9,250
1719463311361,1.9,825
1719463311635,1.9,375
1719463312365,1.9,275
1719463312639,1.9,400
1719463313721,1.9,25
1719463314521,1.85,950
1719463314836,1.85,1700
1719463315400,1.9,25
1719463315400,1.9,25
1719463316348,1.9,250
1719463316664,1.85,25
1719463317307,1.85,25
1719463317600,1.9,25
1719463317886,1.9,25
1719463318623,1.9,25
1719463319149,1.9,200
1719463319657,1.85,25
1719463320079,1.85,250
1719463329618,1.85,1550
1719463330500,1.9,25
1719463330671,1.85,100
1719463331590,1.85,200
1719463331619,1.85,125
1719463358673,1.8,250
1719463359284,1.8,25
1719463359512,1.85,200
1719463360464,1.85,475
1719463360570,1.85,1000
1719463361611,1.85,25
1719463361611,1.85,25
1719463362600,1.85,25
1719463363181,1.8,900
1719463363652,1.85,25
1719463364445,1.8,25
1719463364685,1.8,25
1719463365459,1.8,25
1719463365707,1.8,25
1719463366400,1.85,25
1719463366641,1.85,75
1719463367600,1.85,25
1719463367868,1.8,150
1719463368389,1.85,25
1719463369678,1.8,50
1719463370645,1.85,375
1719463370645,1.85,375
1719463371035,1.8,250
1719463371607,1.85,125
1719463372217,1.8,50
1719463372662,1.85,200
1719463373243,1.85,50
1719463373594,1.8,1675
1719463374361,1.85,125
1719463374634,1.8,75
1719463379200,1.85,25
1719463379640,1.85,200
1719463380000,1.85,25
1719463380374,1.85,25
1719463380674,1.85,25
1719463381458,1.85,100
1719463381658,1.9,100
1719463382200,1.9,25
1719463382600,1.9,25
1719463383400,1.9,25
1719463383702,1.85,25
1719463384674,1.9,100
1719463385700,1.9,25
1719463385777,1.9,75
1719463385909,1.9,400
1719463386682,1.85,1300
1719463387276,1.85,50
1719463387705,1.9,650
1719463388395,1.9,325
1719463388676,1.9,25
1719463389476,1.85,800
1719463389695,1.9,50
1719463390691,1.85,50
1719463391600,1.9,25
1719463391742,1.85,25
1719463392444,1.9,25
1719463392700,1.9,25
1719463393464,1.9,200
1719463393678,1.9,150
1719463394467,1.9,25
1719463395694,1.85,150
1719463395694,1.85,150
1719463396261,1.85,1000
1719463396700,1.9,25
1719463397280,1.85,25
1719463397693,1.85,25
1719463398478,1.9,500
1719463398703,1.9,750
1719463399459,1.85,25
1719463399700,1.9,25
1719463400489,1.85,75
1719463400705,1.9,100
1719463401696,1.9,50
1719463401696,1.9,50
1719463402633,1.9,75
1719463403600,1.9,25
1719463404700,1.9,25
1719463405625,1.9,250
1719463406267,1.9,25
1719463406700,1.9,25
1719463407688,1.85,325
1719463407840,1.9,125
1719463408412,1.9,50
1719463408662,1.85,625
1719463409700,1.9,25
1719463410067,1.9,25
1719463410666,1.85,75
1719463411560,1.85,525
1719463411900,1.9,25
1719463412100,1.85,75
1719463412693,1.85,150
1719463413040,1.85,25
1719463413658,1.85,300
1719463414100,1.9,25
1719463414567,1.9,825
1719463415300,1.9,25
1719463415700,1.9,25
1719463416239,1.9,150
1719463416621,1.9,800
1719463417159,1.9,500
1719463417665,1.9,400
1719463418272,1.85,175
1719463418700,1.9,25
1719463419446,1.9,150
1719463419682,1.85,25
1719463420521,1.85,1625
1719463420722,1.85,825
1719463421511,1.9,125
1719463421659,1.85,175
1719463422500,1.9,25
1719463422674,1.85,1300
1719463423477,1.85,325
1719463423700,1.9,25
1719463424709,1.9,375
1719463425668,1.85,1600
1719463426600,1.9,25
1719463426797,1.85,600
1719463427311,1.9,1750
1719463427785,1.85,1350
1719463428530,1.95,50
1719463428662,1.9,200
1719463429724,1.95,400
1719463430669,1.95,100
1719463430905,1.95,75
1719463431684,1.9,100
1719463431840,1.95,250
1719463432727,1.95,400
1719463432859,1.95,50
1719463433122,1.95,25
1719463433683,1.95,25
1719463434113,1.95,25
1719463434679,2.0,350
1719463435343,2.0,125
1719463435625,1.95,100
1719463436399,1.95,100
1719463436667,1.95,100
1719463437533,1.95,400
1719463437796,1.95,100
1719463438734,1.95,25
1719463438740,1.9,100
1719463439303,1.95,500
1719463439851,1.95,1500
1719463440070,1.9,50
1719463440070,1.9,50
1719463440681,1.9,1200
1719463441538,1.9,175
1719463441902,1.95,1000
1719463442512,1.95,100
1719463442600,1.95,25
1719463443549,1.95,175
1719463443730,1.95,25
1719463444311,1.9,125
1719463444678,1.95,175
1719463445529,1.95,450
1719463445679,1.95,200
1719463466769,1.9,150
1719463467200,1.85,25
1719463467494,1.9,25
1719463468387,1.9,100
1719463468680,1.9,200
1719463469400,1.85,25
1719463469750,1.85,150
1719463469996,1.85,600
1719463470580,1.8,25
1719463470631,1.85,25
1719463471598,1.8,50
1719463471761,1.85,100
1719463472600,1.8,25
1719463472638,1.85,450
1719463473600,1.85,25
1719463473600,1.85,25
1719463474602,1.85,200
1719463474750,1.8,25
1719463475443,1.85,75
1719463475443,1.85,75
1719463476200,1.8,25
1719463476695,1.85,75
1719463477400,1.8,25
1719463477932,1.8,50
1719463478400,1.85,25
1719463478600,1.8,25
1719463479500,1.85,25
1719463479700,1.8,25
1719463480531,1.85,25
1719463480700,1.9,25
1719463481264,1.85,25
1719463481682,1.85,125
1719463482485,1.9,900
1719463482621,1.9,25
1719463483813,1.85,25
1719463484599,1.85,25
1719463485014,1.85,25
1719463485275,1.85,525
1719463485907,1.85,25
1719463486408,1.85,25
1719463486624,1.9,300
1719463487595,1.85,25
1719463487595,1.85,25
1719463488600,1.9,25
1719463488600,1.9,25
1719463489600,1.85,25
1719463489751,1.9,200
1719463490775,1.9,25
1719463490816,1.9,25
1719463491251,1.9,25
1719463491768,1.9,25
1719463492358,1.9,25
1719463492739,1.9,25
1719463493565,1.9,25
1719463493739,1.9,25
1719463495500,1.9,25
1719463495775,1.85,25
1719463496626,1.9,25
1719463496626,1.9,25
1719463497715,1.85,25
1719463498004,1.85,1000
1719463498004,1.85,1000
1719463498543,1.9,425
1719463499560,1.85,1175
1719463499778,1.9,250
1719463500054,1.9,100
1719463500520,1.85,25
1719463500520,1.85,25
1719463501630,1.9,150
1719463501967,1.85,700
1719463502653,1.85,25
1719463502724,1.85,75
1719463503730,1.85,75
1719463504737,1.85,75
1719463505713,1.9,125
1719463505938,1.85,175
1719463506247,1.85,25
1719463506574,1.9,625
1719463507427,1.9,50
1719463507860,1.85,450
1719463508349,1.85,25
1719463508750,1.85,175
1719463509534,1.85,50
1719463509534,1.85,50
1719463510566,1.85,25
1719463511504,1.85,575
1719463511856,1.9,200
1719463512597,1.9,25
1719463512597,1.9,25
1719463513703,1.9,800
1719463514043,1.85,400
1719463514216,1.9,25
1719463514538,1.85,900
1719463515584,1.9,50
1719463515670,1.85,25
1719463516537,1.85,1550
1719463516721,1.9,750
1719463517759,1.85,50
1719463518639,1.85,25
1719463518783,1.85,25
1719463519605,1.85,1375
1719463519762,1.85,25
1719463520853,1.85,50
1719463520999,1.9,50
1719463521841,1.85,850
1719463522809,1.85,200
1719463523742,1.85,375
1719463523859,1.85,25
1719463524777,1.9,100
1719463525077,1.9,100
1719463525273,1.85,50
1719463525774,1.85,25
1719463526245,1.85,75
1719463526657,1.85,25
1719463527266,1.85,75
1719463527792,1.85,75
1719463528471,1.9,1375
1719463528699,1.85,75
1719463529757,1.85,500
1719463530064,1.85,75
1719463530485,1.85,25
1719463530790,1.85,25
1719463531600,1.85,25
1719463531772,1.8,100
1719463532700,1.85,25
1719463532881,1.8,300
1719463533710,1.85,1150
1719463533710,1.85,1150
1719463534868,1.85,175
1719463535412,1.8,275
1719463535970,1.85,50
1719463536274,1.85,225
1719463536644,1.85,75
1719463537483,1.8,25
1719463537483,1.8,25
1719463538338,1.8,100
1719463538750,1.8,25
1719463539403,1.85,100
1719463539787,1.85,75
1719463540688,1.8,400
1719463540790,1.85,100
1719463541915,1.85,25
1719463542285,1.85,100
1719463542764,1.85,75
1719463543198,1.85,100
1719463543769,1.85,25
1719463544383,1.85,100
1719463544758,1.85,25
1719463545785,1.8,25
1719463546702,1.8,1200
1719463546795,1.8,125
1719463547698,1.85,100
1719463549788,1.8,25
1719463549857,1.85,25
1719463550792,1.8,25
1719463550889,1.85,25
1719463551461,1.85,25
1719463551808,1.8,25
1719463552721,1.85,25
1719463552721,1.85,25
1719463553727,1.85,25
1719463554771,1.8,200
1719463555437,1.8,25
1719463555749,1.85,450
1719463556702,1.85,500
1719463556775,1.85,25
1719463557643,1.85,25
1719463558725,1.8,75
1719463558725,1.8,75
1719463559806,1.85,650
1719463560052,1.85,25
1719463560527,1.8,50
1719463560817,1.8,200
1719463561351,1.85,400
1719463561699,1.85,25
1719463562795,1.85,300
1719463563752,1.85,25
1719463564690,1.9,75
1719463564690,1.9,75
1719463565761,1.85,500
1719463566751,1.9,50
1719463566924,1.85,50
1719463567817,1.9,500
1719463567849,1.9,400
1719463568943,1.85,25
1719463569761,1.9,25
1719463570743,1.9,25
1719463570743,1.9,25
1719463571736,1.9,25
1719463571926,1.9,25
1719463572814,1.9,25
1719463573792,1.9,525
1719463574144,1.85,375
1719463574544,1.85,200
1719463574734,1.9,1300
1719463575488,1.85,100
1719463575808,1.85,1550
1719463576454,1.9,100
1719463576806,1.9,600
1719463577685,1.9,50
1719463577822,1.9,50
1719463578482,1.9,500
1719463578482,1.9,500
1719463579799,1.9,25
1719463580708,1.85,225
1719463580708,1.85,225
1719463581596,1.9,100
1719463581870,1.9,100
1719463582797,1.9,25
1719463583159,1.95,25
1719463583729,1.9,600
1719463583729,1.9,600
1719463584652,1.95,50
1719463585427,1.9,25
1719463586744,1.9,25
1719463586744,1.9,25
1719463587744,1.9,25
1719463588694,1.95,25
1719463589733,1.9,25
1719463589733,1.9,25
1719463589733,1.9,25
1719463590818,1.95,100
1719463591800,1.95,500
1719463591888,1.95,1000
1719463592239,1.95,200
1719463592874,1.9,125
1719463593335,1.9,1200
1719463593819,1.9,25
1719463594408,1.95,25
1719463594819,1.9,50
1719463595485,1.9,125
1719463595792,1.95,500
1719463596666,1.9,25
1719463597655,1.9,300
1719463598781,1.95,475
1719463598877,1.95,25
1719463599566,1.9,25
1719463599684,1.9,25
1719463600614,1.95,100
1719463601551,1.9,25
1719463601932,1.9,25
1719463609666,1.9,50
1719463610562,1.85,25
1719463610562,1.85,25
1719463611499,1.85,25
1719463611499,1.85,25
1719463612799,1.9,300
1719463613399,1.9,50
1719463614485,1.9,50
1719463615710,1.9,175
1719463616040,1.9,200
1719463616630,1.85,25
1719463616630,1.85,25
1719463617822,1.85,75
1719463618764,1.9,125
1719463619729,1.9,250
1719463620606,1.85,1200
1719463621830,1.9,150
1719463622797,1.9,25
1719463622797,1.9,25
1719463623836,1.9,25
1719463624013,1.9,25
1719463624748,1.95,550
1719463625000,1.9,75
1719463625786,1.9,225
1719463626224,1.95,100
1719463626403,1.9,25
1719463626800,1.95,300
1719463627418,1.95,25
1719463627824,1.95,100
1719463628567,1.9,25
1719463628823,1.9,25
1719463629560,1.9,350
1719463629678,1.95,200
1719463630815,1.9,100
1719463631859,1.9,200
1719463632067,1.9,50
1719463632995,1.9,25
1719463633822,1.9,25
1719463634855,1.9,425
1719463635735,1.9,1175
1719463635735,1.9,1175
1719463636697,1.9,25
1719463637028,1.85,1200
1719463637812,1.85,25
1719463638201,1.85,25
1719463638201,1.85,25
1719463638572,1.85,25
1719463639593,1.9,25
1719463639704,1.9,50
1719463640615,1.9,25
1719463640839,1.85,25
1719463641800,1.85,50
1719463642628,1.85,225
1719463643051,1.85,50
1719463643833,1.85,475
1719463643833,1.85,475
1719463644741,1.9,125
1719463644741,1.9,125
1719463645429,1.85,25
1719463645831,1.85,25
1719463646634,1.85,25
1719463646770,1.85,25
1719463647479,1.85,25
1719463647791,1.85,400
1719463668610,1.85,125
1719463668889,1.85,775
1719463669625,1.85,25
1719463669826,1.9,1175
1719463670598,1.9,25
1719463670598,1.9,25
1719463671724,1.9,25
1719463672859,1.85,50
1719463673685,1.85,1500
1719463674064,1.85,25
1719463674757,1.85,125
1719463675054,1.85,250
1719463675664,1.85,25
1719463675980,1.85,100
1719463676806,1.85,25
1719463688834,1.9,25
1719463690462,1.9,25
1719463690775,1.85,25
1719463691711,1.85,25
1719463691902,1.85,100
1719463692674,1.85,75
1719463693895,1.85,25
1719463693895,1.85,25
1719463694914,1.85,50
1719463695823,1.9,50
1719463696120,1.9,50
1719463696843,1.85,250
1719463697319,1.85,1200
1719463697343,1.85,200
1719463697838,1.9,200
1719463698694,1.85,200
1719463698831,1.85,25
1719463699649,1.85,975
1719463699737,1.9,25
1719463700148,1.9,25
1719463701049,1.9,25
1719463701674,1.9,25
1719463702128,1.9,25
1719463702858,1.85,25
1719463703085,1.9,50
1719463703846,1.9,500
1719463704055,1.9,75
1719463704472,1.85,25
1719463704837,1.9,125
1719463705382,1.85,25
1719463705865,1.9,75
1719463706931,1.85,750
1719463707840,1.9,25
1719463708127,1.85,25
1719463708890,1.85,25
1719463709188,1.85,575
1719463709525,1.85,500
1719463709714,1.8,75
1719463710023,1.85,500
1719463710259,1.85,25
1719463710738,1.8,125
1719463711596,1.8,300
1719463711596,1.8,300
1719463712921,1.85,25
1719463713902,1.85,250
1719463714723,1.85,25
1719463714723,1.85,25
1719463715916,1.8,100
1719463716740,1.8,350
1719463717100,1.8,175
1719463717796,1.8,125
1719463717796,1.8,125
1719463718902,1.85,25
1719463719050,1.85,25
1719463719753,1.8,25
1719463719895,1.8,250
1719463720821,1.75,100
1719463721884,1.8,50
1719463721884,1.8,50
1719463722811,1.75,25
1719463723906,1.75,25
1719463723983,1.75,25
1719463724848,1.75,25
1719463725125,1.75,225
1719463725404,1.75,25
1719463725578,1.75,175
1719463726742,1.8,25
1719463726742,1.8,25
1719463727517,1.75,25
1719463727901,1.8,25
1719463728931,1.75,600
1719463729806,1.75,1000
1719463729953,1.75,125
1719463730858,1.8,1000
1719463730858,1.8,1000
1719463731835,1.8,25
1719463732378,1.8,25
1719463732378,1.8,25
1719463732872,1.8,25
1719463733661,1.8,25
1719463733867,1.8,600
1719463734751,1.8,25
1719463734866,1.8,25
1719463735697,1.75,25
1719463735697,1.75,25
1719463736383,1.75,25
1719463736383,1.75,25
1719463737825,1.75,1000
1719463738165,1.75,400
1719463739011,1.75,75
1719463739364,1.75,350
1719463739364,1.75,350
1719463740106,1.75,50
1719463740742,1.75,50
1719463740742,1.75,50
1719463741836,1.8,50
1719463742835,1.75,100
1719463742835,1.75,100
1719463743965,1.8,1200
1719463743965,1.8,1200
1719463744989,1.8,25
1719463745880,1.75,425
1719463745880,1.75,425
1719463746500,1.75,250
1719463747192,1.8,25
1719463747523,1.8,100
1719463747946,1.75,750
1719463748732,1.75,75
1719463748892,1.75,50
1719463749785,1.75,100
1719463749785,1.75,100
1719463750922,1.8,25
1719463750922,1.8,25
1719463751880,1.75,350
1719463752161,1.75,25
1719463752914,1.75,500
1719463753176,1.8,50
1719463753756,1.75,50
1719463753900,1.8,200
1719463754802,1.75,25
1719463754851,1.8,200
1719463755813,1.8,100
1719463755891,1.8,200
1719463760920,1.7,225
1719463761905,1.7,75
1719463761997,1.7,50
1719463762977,1.7,100
1719463763111,1.7,75
1719463764224,1.7,25
1719463764882,1.7,25
1719463765220,1.7,25
1719463765611,1.7,275
1719463766315,1.7,25
1719463766468,1.7,25
1719463766851,1.75,25
1719463767768,1.75,50
1719463767768,1.75,50
1719463768790,1.75,25
1719463768941,1.75,50
1719463769833,1.75,25
1719463770072,1.7,50
1719463770806,1.7,75
1719463770970,1.7,75
1719463776937,1.7,25
1719463777237,1.7,75
1719463777924,1.7,200
1719463778366,1.7,25
1719463778525,1.7,25
1719463778817,1.7,675
1719463779549,1.7,50
1719463779933,1.7,1000
1719463780833,1.7,500
1719463780833,1.7,500
1719463781852,1.75,50
1719463782923,1.7,500
1719463782976,1.75,25
1719463783940,1.75,125
1719463784053,1.7,125
1719463784873,1.7,125
1719463784873,1.7,125
1719463785485,1.75,25
1719463786671,1.7,25
1719463786671,1.7,25
1719463787877,1.7,50
1719463787877,1.7,50
1719463788893,1.75,100
1719463788893,1.75,100
1719463789864,1.75,25
1719463789934,1.7,200
1719463790930,1.7,1275
1719463790930,1.7,1275
1719463791665,1.7,50
1719463792414,1.65,75
1719463792610,1.65,75
1719463792729,1.65,750
1719463793687,1.7,25
1719463793919,1.65,75
1719463794653,1.7,100
1719463794706,1.65,1000
1719463795806,1.65,75
1719463795806,1.65,75
1719463796818,1.65,25
1719463796818,1.65,25
1719463797830,1.7,50
1719463798041,1.7,200
1719463798952,1.65,75
1719463798952,1.65,75
1719463800085,1.7,150
1719463800295,1.65,25
1719463800951,1.7,25
1719463801849,1.7,125
1719463801849,1.7,125
1719463802859,1.7,250
1719463802917,1.65,25
1719463803971,1.7,25
1719463803971,1.7,25
1719463804953,1.65,375
1719463805059,1.65,800
1719463805996,1.7,200
1719463806724,1.7,675
1719463806981,1.7,200
1719463807951,1.65,1000
1719463807979,1.65,25
1719463808533,1.65,25
1719463809372,1.7,25
1719463809608,1.65,75
1719463809861,1.7,25
1719463810576,1.7,25
1719463810889,1.7,25
1719463811879,1.65,100
1719463811965,1.65,75
1719463815961,1.7,75
1719463816201,1.7,50
1719463816775,1.65,75
1719463817336,1.65,50
1719463817682,1.7,25
1719463817976,1.65,75
1719463818641,1.65,100
1719463818929,1.65,25
1719463819784,1.65,75
1719463819784,1.65,75
1719463820928,1.65,200
1719463821938,1.65,25
1719463821938,1.65,25
1719463822967,1.65,75
1719463823100,1.65,175
1719463823838,1.65,25
1719463824117,1.7,75
1719463824691,1.65,500
1719463825234,1.7,25
1719463825708,1.65,50
1719463826054,1.65,25
1719463826824,1.7,100
1719463827061,1.65,300
1719463827784,1.65,100
1719463828119,1.65,1325
1719463828969,1.65,325
1719463829267,1.7,25
1719463829971,1.7,1500
1719463830517,1.7,325
1719463830686,1.7,75
1719463830686,1.7,75
1719463831713,1.7,100
1719463831810,1.7,350
1719463832710,1.7,25
1719463832984,1.7,25
1719463833642,1.7,25
1719463833974,1.7,150
1719463834934,1.65,800
1719463835278,1.7,1000
1719463836071,1.65,400
1719463836983,1.7,1450
1719463837083,1.7,1450
1719463837904,1.7,200
1719463838141,1.7,25
1719463838953,1.7,25
1719463839335,1.7,25
1719463839942,1.7,775
1719463840481,1.7,50
1719463840730,1.7,25
1719463840975,1.75,25
1719463841668,1.7,550
1719463841668,1.7,550
1719463842952,1.75,700
1719463843127,1.75,25
1719463843902,1.7,25
1719463844110,1.75,625
1719463844979,1.7,25
1719463845099,1.75,450
1719463845959,1.75,875
1719463845959,1.75,875
1719463846962,1.75,25
1719463847310,1.75,25
1719463847791,1.75,25
1719463848079,1.75,75
1719463848678,1.75,1625
1719463848678,1.75,1625
1719463849918,1.75,275
1719463849918,1.75,275
1719463849918,1.75,275
1719463851512,1.75,175
1719463851906,1.75,25
1719463852156,1.75,25
1719463852948,1.7,50
1719463852948,1.7,50
1719463853735,1.75,1775
1719463853735,1.75,1775
1719463854688,1.75,250
1719463855512,1.7,500
1719463855831,1.8,100
1719463856293,1.75,50
1719463856946,1.75,125
1719463857017,1.75,50
1719463857907,1.75,25
1719463858101,1.75,400
1719463858950,1.75,500
1719463859336,1.75,25
1719463860057,1.75,300
1719463860355,1.75,1400
1719463860963,1.75,25
1719463861343,1.7,250
1719463862000,1.7,350
1719463862365,1.75,100
1719463863004,1.7,50
1719463863317,1.75,300
1719463863985,1.7,125
1719463864302,1.7,75
1719463864892,1.7,50
1719463865340,1.75,50
1719463866005,1.75,75
1719463866005,1.75,75
1719463866877,1.75,75
1719463867156,1.7,25
1719463867997,1.7,25
1719463868372,1.75,750
1719463869002,1.7,50
1719463869196,1.7,50
1719463869922,1.7,75
1719463870100,1.7,175
1719463870925,1.75,100
1719463871332,1.7,500
1719463871931,1.75,25
1719463872171,1.7,50
1719463872969,1.7,75
1719463873316,1.7,50
1719463873583,1.7,25
1719463873981,1.7,75
1719463874699,1.7,25
1719463875000,1.7,25
1719463875874,1.7,25
1719463876023,1.7,50
1719463877016,1.75,25
1719463877994,1.7,25
1719463877994,1.7,25
1719463878984,1.7,100
1719463878984,1.7,100
1719463880002,1.75,100
1719463880238,1.75,1000
1719463880931,1.7,125
1719463881246,1.75,400
1719463881661,1.7,25
1719463881953,1.75,50
1719463925440,1.75,25
1719463925849,1.7,200
1719463926352,1.7,450
1719463926857,1.7,500
1719463926967,1.7,500
1719463927936,1.7,25
1719463928545,1.7,100
1719463929267,1.7,50
1719463929854,1.7,50
1719463930360,1.7,350
1719463930546,1.7,875
1719463931204,1.7,25
1719463932017,1.7,25
1719463932101,1.7,25
1719463932732,1.7,900
1719463933445,1.75,75
1719463933844,1.7,50
1719463934050,1.7,50
1719463934865,1.7,25
1719463935045,1.7,50
1719463936249,1.7,25
1719463936989,1.7,50
1719463937235,1.7,50
1719463937990,1.7,350
1719463939000,1.75,250
1719463939209,1.7,25
1719463944775,1.7,25
1719463944983,1.75,750
1719463945693,1.7,25
1719463946010,1.7,25
1719463946807,1.7,150
1719463947024,1.75,400
1719463947964,1.7,25
1719463949062,1.7,25
1719463953019,1.75,550
1719463953476,1.75,550
1719463953878,1.75,75
1719463954100,1.7,25
1719463954933,1.75,725
1719463955246,1.75,425
1719463955781,1.7,25
1719463956277,1.7,25
1719463956659,1.75,300
1719463957371,1.7,250
1719463957371,1.7,250
1719463957371,1.7,250
1719463958831,1.7,125
1719463960084,1.75,25
1719463960897,1.75,1500
1719463961130,1.75,75
1719463961871,1.75,100
1719463961871,1.75,100
1719463962996,1.75,25
1719463963292,1.7,250
1719463963685,1.7,400
1719463963685,1.7,400
1719463965043,1.7,50
1719463965625,1.7,1100
1719463965880,1.7,75
1719463965880,1.7,75
1719463967039,1.7,75
1719463967079,1.7,75
1719463967386,1.7,375
1719463968106,1.75,500
1719463969066,1.7,25
1719463970055,1.7,500
1719463970196,1.75,100
1719463970833,1.7,75
1719463970833,1.7,75
1719463972041,1.7,25
1719463972294,1.7,25
1719463973028,1.75,25
1719463973212,1.75,200
1719463973835,1.7,175
1719463974270,1.7,25
1719463975040,1.7,50
1719463975104,1.75,300
1719463976004,1.7,25
1719463976512,1.7,100
1719463976944,1.75,25
1719463977171,1.7,75
1719463977998,1.7,250
1719463977998,1.7,250
1719463979016,1.7,25
1719463979416,1.7,25
1719463980070,1.7,350
1719463980245,1.75,500
1719463981100,1.7,275
1719463982073,1.75,50
1719463982100,1.7,275
1719463982888,1.75,150
1719463983100,1.7,75
1719463983906,1.7,75
1719463984252,1.75,875
1719463985060,1.7,25
1719463985310,1.75,250
1719463985616,1.7,200
1719463985616,1.7,200
1719463986944,1.7,1000
1719463986944,1.7,1000
1719463987955,1.7,25
1719463988486,1.7,75
1719463989055,1.7,25
1719463989737,1.75,100
1719463989862,1.7,250
1719463990008,1.75,25
1719463991015,1.7,25
1719463991015,1.7,25
1719463991961,1.7,25
1719463991961,1.7,25
1719463993053,1.7,25
1719463993875,1.7,225
1719463994514,1.75,25
1719463994844,1.7,250
1719463995452,1.75,25
1719463995955,1.7,100
1719463996493,1.75,100
1719463996870,1.75,25
1719463997143,1.75,1225
1719463997912,1.75,575
1719463998501,1.7,25
1719463998767,1.75,575
1719463999939,1.7,300
1719464001010,1.75,350
1719464001110,1.75,350
1719464002055,1.75,200
1719464002055,1.75,200
1719464002693,1.7,150
1719464004036,1.75,25
1719464004330,1.75,350
1719464005040,1.75,50
1719464005040,1.75,50
1719464005870,1.8,625
1719464006084,1.8,150
1719464006670,1.75,350
1719464007309,1.8,200
1719464007966,1.75,450
1719464008313,1.8,225
1719464009041,1.75,500
1719464009216,1.8,1125
1719464009910,1.75,350
1719464010110,1.75,25
1719464011070,1.75,350
1719464011274,1.8,200
1719464012019,1.75,150
1719464012323,1.75,250
1719464013090,1.75,350
1719464013740,1.75,350
1719464013933,1.8,400
1719464013933,1.8,400
1719464015268,1.75,50
1719464016314,1.75,1000
1719464016982,1.75,225
1719464017287,1.75,200
1719464018027,1.75,1375
1719464018389,1.75,400
1719464019051,1.75,50
1719464019175,1.75,50
1719464020002,1.75,125
1719464020002,1.75,125
1719464021093,1.7,200
1719464021781,1.7,25
1719464022275,1.75,25
1719464022827,1.75,425
1719464022827,1.75,425
1719464024107,1.75,25
1719464024171,1.7,75
1719464025078,1.75,75
1719464025141,1.7,25
1719464026008,1.7,25
1719464026008,1.7,25
1719464027264,1.75,250
1719464027431,1.7,250
1719464028030,1.7,25
1719464028802,1.7,50
1719464029292,1.75,150
1719464029791,1.75,50
1719464030365,1.75,325
1719464031121,1.75,575
1719464031772,1.75,1700
1719464032042,1.75,250
1719464032908,1.7,25
1719464033062,1.7,50
1719464033865,1.7,200
1719464033865,1.7,200
1719464035100,1.7,25
1719464035100,1.7,25
1719464036090,1.75,350
1719464036403,1.75,25
1719464037110,1.75,100
1719464037410,1.75,350
1719464038032,1.8,450
1719464038428,1.8,1150
1719464038828,1.75,700
1719464039610,1.75,25
1719464040067,1.75,75
1719464040339,1.8,100
1719464040653,1.75,75
1719464041614,1.75,825
1719464042005,1.8,1000
1719464042005,1.8,1000
1719464042750,1.8,25
1719464042750,1.8,25
1719464043965,1.75,600
1719464044165,1.75,500
1719464044930,1.75,350
1719464045360,1.8,825
1719464045942,1.8,100
1719464046568,1.8,450
1719464046662,1.8,50
1719464047456,1.8,175
1719464047801,1.75,75
1719464047801,1.75,75
1719464048974,1.75,75
1719464049615,1.8,375
1719464050055,1.8,550
1719464050832,1.75,75
1719464050896,1.8,150
1719464051072,1.75,50
1719464052092,1.8,250
1719464052092,1.8,250
1719464053064,1.75,25
1719464053443,1.75,25
1719464054070,1.75,50
1719464054345,1.8,75
1719464055212,1.8,25
1719464055212,1.8,25
1719464055759,1.75,400
1719464056435,1.75,25
1719464056742,1.8,25
1719464057356,1.75,25
1719464057986,1.75,25
1719464058275,1.75,275
1719464058275,1.75,275
1719464059252,1.75,150
1719464060002,1.75,100
1719464060265,1.7,500
1719464060840,1.75,350
1719464061391,1.75,150
1719464061735,1.75,25
1719464061735,1.75,25
1719464063051,1.75,100
1719464063586,1.8,50
1719464063861,1.8,75
1719464074862,1.8,25
1719464075085,1.8,50
1719464075085,1.8,50
1719464075923,1.75,125
1719464075923,1.75,125
1719464076615,1.8,650
1719464077468,1.75,1400
1719464078000,1.75,75
1719464078340,1.75,75
1719464078754,1.75,25
1719464079505,1.75,500
1719464080015,1.75,150
1719464080810,1.75,350
1719464081114,1.8,1000
1719464082009,1.8,50
1719464082009,1.8,50
1719464082437,1.8,250
1719464083195,1.75,100
1719464083952,1.75,525
1719464084139,1.75,525
1719464088818,1.75,100
1719464089005,1.8,125
1719464090020,1.75,175
1719464090597,1.75,100
1719464091221,1.75,75
1719464092321,1.7,50
1719464092486,1.75,200
1719464093132,1.75,50
1719464093395,1.75,75
1719464093680,1.75,100
1719464094493,1.75,25
1719464095132,1.75,25
1719464095657,1.75,25
1719464096139,1.75,25
1719464096904,1.75,25
1719464097143,1.75,25
1719464098146,1.75,25
1719464099113,1.75,25
1719464099285,1.75,25
1719464100080,1.75,25
1719464100096,1.75,25
1719464100280,1.75,25
1719464100845,1.75,25
1719464101700,1.75,150
1719464101856,1.75,150
1719464102281,1.75,100
1719464103114,1.75,50
1719464120458,1.75,25
1719464121151,1.75,25
1719464121734,1.75,25
1719464122140,1.75,25
1719464122722,1.7,25
1719464123112,1.75,25
1719464123747,1.75,25
1719464124153,1.75,25
1719464124867,1.7,500
1719464125036,1.7,375
1719464125036,1.7,375
1719464126049,1.75,200
1719464126190,1.7,100
1719464127138,1.75,25
1719464127286,1.75,25
1719464128041,1.75,125
1719464128387,1.75,25
1719464129165,1.75,25
1719464129256,1.75,25
1719464129968,1.75,125
1719464130550,1.75,25
1719464130805,1.75,25
1719464168127,1.7,50
1719464168614,1.7,125
1719464168946,1.7,125
1719464169570,1.75,100
1719464169570,1.75,100
1719464170586,1.75,1375
1719464171172,1.75,250
1719464171912,1.75,25
1719464172221,1.75,25
1719464173207,1.75,25
1719464174059,1.75,75
1719464174350,1.75,75
1719464174841,1.7,25
1719464175406,1.75,500
1719464176284,1.7,150
1719464176284,1.7,150
1719464177157,1.75,500
1719464177794,1.7,100
1719464177794,1.7,100
1719464178516,1.75,250
1719464179133,1.75,50
1719464179484,1.75,25
1719464180158,1.7,1000
1719464180717,1.7,125
1719464181169,1.75,250
1719464181753,1.75,300
1719464182220,1.7,125
1719464183045,1.7,75
1719464183433,1.7,125
1719464205646,1.75,375
1719464206111,1.7,175
1719464206573,1.75,250
1719464206573,1.75,250
1719464207313,1.7,75
1719464207313,1.7,75
1719464208473,1.75,1325
1719464208973,1.75,1325
1719464210050,1.7,650
1719464210268,1.7,125
1719464211187,1.7,50
1719464212320,1.75,150
1719464212320,1.75,150
1719464213068,1.7,975
1719464213821,1.7,25
1719464214073,1.7,325
1719464214548,1.7,325
1719464215025,1.7,1075
1719464215824,1.7,50
1719464216250,1.7,50
1719464217151,1.75,25
1719464217437,1.7,50
1719464218101,1.75,50
1719464218610,1.75,50
1719464219210,1.7,75
1719464219686,1.7,100
1719464220220,1.7,450
1719464220661,1.7,50
1719464220979,1.7,75
1719464221685,1.75,50
1719464222195,1.75,25
1719464222744,1.7,600
1719464223199,1.75,50
1719464223724,1.75,250
1719464224162,1.7,200
1719464224963,1.7,50
1719464225231,1.75,1000
1719464226256,1.65,50
1719464226334,1.65,175
1719464227293,1.65,50
1719464227520,1.7,25
1719464229040,1.7,225
1719464229040,1.7,225
1719464230144,1.65,50
1719464230647,1.65,25
1719464231172,1.65,400
1719464232547,1.6,1450
1719464233123,1.6,25
1719464233680,1.6,25
1719464234195,1.65,100
1719464234711,1.65,750
1719464235198,1.65,100
1719464235657,1.65,100
1719464236123,1.6,250
1719464236883,1.6,125
1719464237149,1.65,100
1719464237690,1.6,250
1719464238230,1.6,100
1719464238500,1.6,50
1719464239125,1.6,75
1719464239899,1.6,750
1719464240221,1.65,100
1719464240955,1.6,25
1719464241512,1.6,75
1719464242201,1.65,625
1719464242506,1.65,100
1719464243078,1.6,100
1719464243494,1.65,100
1719464244233,1.6,200
1719464244695,1.65,275
1719464245171,1.65,100
1719464245856,1.65,600
1719464246206,1.65,50
1719464247242,1.65,500
1719464247299,1.6,125
1719464248436,1.55,125
1719464248517,1.55,125
1719464249241,1.55,125
1719464249700,1.6,350
1719464250082,1.6,50
1719464250193,1.55,25
1719464250725,1.6,600
1719464251086,1.55,600
1719464251686,1.6,400
1719464252068,1.6,100
1719464252733,1.6,100
1719464253227,1.6,100
1719464253680,1.6,100
1719464254440,1.6,350
1719464255134,1.6,75
1719464255280,1.55,25
1719464256173,1.6,75
1719464256442,1.6,400
1719464257152,1.55,250
1719464257734,1.6,325
1719464258229,1.6,25
1719464259714,1.55,25
1719464260212,1.6,150
1719464260539,1.6,25
1719464260932,1.6,25
1719464261647,1.55,25
1719464262248,1.6,25
1719464262745,1.55,950
1719464263104,1.6,25
1719464263468,1.6,975
1719464263934,1.55,300
1719464264702,1.55,250
1719464265246,1.55,25
1719464266031,1.55,1125
1719464266196,1.55,825
1719464266196,1.55,825
1719464267349,1.55,325
1719464268204,1.6,50
1719464268509,1.55,450
1719464269225,1.55,300
1719464269757,1.55,500
1719464270243,1.55,25
1719464270272,1.55,25
1719464271223,1.55,250
1719464271492,1.6,25
1719464272168,1.6,1000
1719464272372,1.55,50
1719464273223,1.55,25
1719464273965,1.6,25
1719464274217,1.55,50
1719464274557,1.55,75
1719464275065,1.55,25
1719464275761,1.55,25
1719464291267,1.6,25
1719464291519,1.6,250
1719464292453,1.6,25
1719464292597,1.6,25
1719464293183,1.55,25
1719464293802,1.55,200
1719464294272,1.55,200
1719464294800,1.55,350
1719464295238,1.6,525
1719464295974,1.6,100
1719464296142,1.55,125
1719464296983,1.6,25
1719464297234,1.55,50
1719464297983,1.55,50
1719464298256,1.55,325
1719464298990,1.55,50
1719464299275,1.5,50
1719464299395,1.5,50
1719464300272,1.5,50
1719464300599,1.5,50
1719464301274,1.5,50
1719464301981,1.5,50
1719464302254,1.5,325
1719464302779,1.5,1675
1719464303014,1.55,25
1719464303671,1.55,50
1719464304233,1.55,25
1719464305275,1.5,50
1719464306178,1.5,50
1719464306274,1.55,25
1719464306274,1.55,25
1719464307252,1.5,50
1719464307624,1.5,50
1719464308256,1.5,50
1719464308806,1.5,50
1719464309257,1.5,50
1719464309612,1.5,50
1719464310077,1.5,50
1719464310277,1.5,50
1719464311004,1.5,50
1719464311261,1.5,50
1719464312014,1.55,25
1719464312288,1.55,25
1719464312615,1.5,50
1719464313267,1.5,50
1719464314006,1.5,50
1719464314270,1.5,50
1719464315194,1.5,50
1719464315484,1.5,50
1719464316277,1.5,50
1719464316613,1.5,50
1719464317288,1.5,50
1719464317618,1.5,100
1719464318262,1.5,50
1719464318810,1.5,50
1719464319265,1.5,50
1719464320030,1.5,50
1719464320268,1.5,1200
1719464321026,1.5,975
1719464321270,1.5,50
1719464322024,1.5,50
1719464322279,1.5,50
1719464323020,1.5,50
1719464323274,1.5,50
1719464323446,1.5,50
1719464324302,1.5,50
1719464324504,1.5,50
1719464325269,1.5,50
1719464325831,1.5,50
1719464326272,1.5,50
1719464326839,1.5,25
1719464327267,1.5,50
1719464328037,1.5,50
1719464328288,1.5,50
1719464328630,1.5,50
1719464329279,1.5,50
1719464329828,1.5,50
1719464330268,1.5,50
1719464331043,1.5,50
1719464367283,1.5,25
1719464368000,1.55,75
1719464368216,1.5,25
1719464368500,1.55,25
1719464369305,1.5,25
1719464369305,1.5,25
1719464370023,1.5,50
1719464370335,1.55,25
1719464370412,1.55,50
1719464371226,1.55,125
1719464371680,1.5,25
1719464372161,1.5,25
1719464372889,1.5,150
1719464373296,1.5,25
1719464378307,1.55,1000
1719464378468,1.55,450
1719464379035,1.55,500
1719464379694,1.5,75
1719464380116,1.55,25
1719464380910,1.5,200
1719464381300,1.55,25
1719464381860,1.5,100
1719464382286,1.55,25
1719464383010,1.55,725
1719464383365,1.5,25
1719464384242,1.55,575
1719464384511,1.55,75
1719464385179,1.55,25
1719464385498,1.5,350
1719464386215,1.55,100
1719464386770,1.5,375
1719464387324,1.55,25
1719464387612,1.55,200
1719464388301,1.5,25
1719464388632,1.55,300
1719464389311,1.5,25
1719464389311,1.5,25
1719464390127,1.55,50
1719464390707,1.55,650
1719464391261,1.55,75
1719464391727,1.5,1000
1719464391771,1.5,25
1719464392692,1.55,25
1719464393111,1.55,50
1719464393576,1.55,75
1719464394245,1.5,275
1719464394886,1.55,100
1719464395251,1.55,25
1719464395615,1.5,250
1719464396289,1.55,25
1719464397763,1.55,75
1719464398131,1.55,50
1719464398904,1.55,150
1719464399325,1.5,25
1719464399872,1.5,25
1719464400320,1.55,25
1719464400930,1.55,600
1719464401242,1.5,150
1719464401906,1.55,150
1719464402539,1.55,25
1719464402816,1.5,25
1719464403202,1.5,50
1719464403929,1.55,100
1719464404317,1.55,75
1719464405141,1.5,675
1719464405318,1.5,1775
1719464405526,1.5,900
1719464406214,1.5,475
1719464406735,1.5,400
1719464407235,1.5,25
1719464407951,1.5,25
1719464408333,1.5,25
1719464408954,1.45,800
1719464409317,1.5,25
1719464410100,1.55,25
1719464410326,1.5,475
1719464411300,1.55,25
1719464411364,1.55,25
1719464412336,1.55,50
1719464412558,1.55,25
1719464413221,1.5,250
1719464413515,1.55,25
1719464414217,1.5,450
1719464414970,1.5,25
1719464414970,1.5,25
1719464415896,1.5,50
1719464416495,1.5,200
1719464417092,1.5,550
1719464417195,1.5,600
1719464418040,1.5,450
1719464418315,1.55,125
1719464419180,1.5,75
1719464419273,1.55,50
1719464420016,1.55,450
1719464420300,1.55,25
1719464420554,1.5,350
1719464421230,1.55,150
1719464421727,1.5,1800
1719464422319,1.55,75
1719464422542,1.5,500
1719464423169,1.55,50
1719464424040,1.55,1200
1719464424315,1.5,25
1719464424373,1.55,200
1719464425335,1.5,25
1719464425706,1.5,1000
1719464426334,1.55,900
1719464426771,1.5,25
1719464427292,1.5,425
1719464427963,1.5,25
1719464428355,1.5,100
1719464428938,1.5,100
1719464429289,1.55,150
1719464429997,1.5,750
1719464430091,1.5,100
1719464431114,1.55,150
1719464431114,1.55,150
1719464431381,1.5,250
1719464432319,1.5,225
1719464432319,1.5,225
1719464433287,1.55,75
1719464433777,1.5,225
1719464434366,1.55,50
1719464434822,1.55,75
1719464435180,1.55,25
1719464435990,1.55,150
1719464436300,1.55,25
1719464437005,1.55,150
1719464437196,1.55,25
1719464438134,1.5,625
1719464438306,1.55,50
1719464439201,1.5,25
1719464439286,1.55,25
1719464439930,1.5,350
1719464440324,1.5,25
1719464441294,1.55,425
1719464442200,1.55,25
1719464442200,1.55,25
1719464442544,1.5,75
1719464443330,1.5,100
1719464443819,1.55,25
1719464444359,1.55,100
1719464445016,1.5,25
1719464445358,1.55,100
1719464446194,1.5,250
1719464446194,1.5,250
1719464447347,1.5,25
1719464447421,1.5,25
1719464447819,1.5,25
1719464448313,1.5,25
1719464448999,1.5,25
1719464449364,1.5,25
1719464450025,1.5,25
1719464450344,1.5,200
1719464451029,1.5,25
1719464451371,1.5,25
1719464453025,1.5,25
1719464453342,1.5,25
1719464466365,1.55,50
1719464467004,1.5,150
1719464467004,1.5,150
1719464467800,1.55,25
1719464468327,1.5,875
1719464469042,1.5,850
1719464469042,1.5,850
1719464470100,1.55,25
1719464470100,1.55,25
1719464470751,1.55,725
1719464471573,1.5,25
1719464472041,1.5,1500
1719464472081,1.55,75
1719464473238,1.55,25
1719464473379,1.55,150
1719464473600,1.55,25
1719464474360,1.55,75
1719464474599,1.5,25
1719464475184,1.5,25
1719464475798,1.55,25
1719464476039,1.55,75
1719464476809,1.5,25
1719464477100,1.55,25
1719464478042,1.5,25
1719464478980,1.55,150
1719464479359,1.55,400
1719464492452,1.55,25
1719464493242,1.5,500
1719464508229,1.5,1550
1719464509246,1.5,100
1719464509334,1.5,25
1719464509537,1.55,150
1719464510351,1.55,250
1719464510743,1.55,250
1719464511083,1.55,150
1719464512101,1.5,725
1719464512388,1.55,25
1719464520398,1.55,25
1719464520917,1.55,25
1719464521381,1.55,25
1719464521911,1.5,75
1719464522368,1.55,25
1719464523119,1.55,25
1719464523399,1.55,25
1719464524411,1.55,25
1719464524515,1.55,25
1719464524739,1.55,25
1719464525385,1.55,25
1719464533002,1.5,25
1719464536338,1.5,700
1719464537212,1.55,25
1719464537212,1.55,25
1719464538521,1.55,25
1719464538750,1.5,175
1719464539297,1.5,25
1719464539871,1.5,325
1719464540043,1.5,25
1719464541145,1.55,25
1719464541363,1.55,25
1719464541983,1.55,350
1719464542243,1.5,75
1719464543311,1.55,25
1719464543369,1.55,25
1719464543569,1.5,275
1719464544401,1.55,25
1719464544943,1.55,25
1719464545426,1.55,25
1719464546125,1.55,25
1719464546390,1.55,1550
1719464546607,1.55,25
1719464546607,1.55,25
1719464548229,1.55,150
1719464549261,1.55,400
1719464563261,1.55,500
1719464563789,1.55,50
1719464564407,1.5,900
1719464564958,1.55,50
1719464564958,1.55,50
1719464565805,1.55,600
1719464566453,1.55,25
1719464567056,1.55,25
1719464567311,1.55,700
1719464567801,1.5,1750
1719464568307,1.5,200
1719464569063,1.55,575
1719464569852,1.55,550
1719464570402,1.55,125
1719464571190,1.5,125
1719464571190,1.5,125
1719464571990,1.5,100
1719464572290,1.55,50
1719464573229,1.5,75
1719464573824,1.5,550
1719464573824,1.5,550
1719464574683,1.5,200
1719464575312,1.55,25
1719464575830,1.55,75
1719464576423,1.5,25
1719464576948,1.55,500
1719464577397,1.55,525
1719464577733,1.55,25
1719464585963,1.6,375
1719464585963,1.6,375
1719464587109,1.55,400
1719464587313,1.6,400
1719464587623,1.55,375
1719464588323,1.55,25
1719464588860,1.6,425
1719464588860,1.6,425
1719464590319,1.6,50
1719464590319,1.6,50
1719464591003,1.6,600
1719464591493,1.6,25
1719464592182,1.65,50
1719464592394,1.6,25
1719464593136,1.65,475
1719464593327,1.65,100
1719464594138,1.65,1000
1719464594364,1.65,75
1719464595169,1.65,275
1719464595506,1.6,50
1719464596331,1.65,100
1719464596590,1.65,925
1719464597454,1.65,500
1719464597454,1.65,500
1719464597454,1.65,500
1719464598216,1.6,50
1719464598216,1.6,50
1719464599360,1.65,500
1719464600147,1.7,325
1719464600621,1.7,600
1719464601016,1.7,25
1719464601427,1.75,1000
1719464602322,1.7,25
1719464602453,1.7,375
1719464603497,1.75,50
1719464604421,1.75,50
1719464604571,1.75,25
1719464605592,1.75,200
1719464606358,1.75,25
1719464606621,1.75,725
1719464606826,1.8,400
1719464607434,1.85,25
1719464607839,1.85,25
1719464608660,1.8,25
1719464609000,1.75,50
1719464609453,1.8,550
1719464610094,1.85,25
1719464610360,1.8,1700
1719464611654,1.9,25
1719464611868,1.85,1350
1719464611868,1.85,1350
1719464612647,2.0,250
1719464612647,2.0,250
1719464626267,1.85,25
1719464626474,1.85,125
1719464627424,1.9,250
1719464627651,1.9,900
1719464628434,1.8,75
1719464629448,1.8,500
1719464630492,1.8,500
1719464630666,1.85,25
1719464631423,1.8,125
1719464632419,1.85,25
1719464632480,1.8,25
1719464633423,1.8,25
1719464633497,1.8,1200
1719464633882,1.9,25
1719464634465,1.95,300
1719464635088,2.0,25
1719464635609,2.0,100
1719464636178,2.05,175
1719464636439,2.1,1150
1719464637259,2.05,550
1719464637661,2.1,25
1719464638438,2.05,50
1719464639480,2.1,50
1719464640082,2.05,25
1719464640274,2.05,50
1719464640675,2.05,25
1719464641456,2.05,1075
1719464642481,2.05,25
1719464642662,2.05,25
1719464643362,1.95,25
1719464643693,1.95,600
1719464643891,1.95,25
1719464644326,1.95,25
1719464644887,2.0,25
1719464645669,1.95,350
1719464646091,2.0,225
1719464646445,1.95,200
1719464647289,1.9,100
1719464647480,1.9,25
1719464648311,1.9,25
1719464648609,1.95,50
1719464649196,1.95,25
1719464649676,2.0,1100
1719464650503,2.0,250
1719464651416,2.0,175
1719464651643,2.0,175
1719464651904,2.0,100
1719464652475,2.05,50
1719464653105,2.0,25
1719464653679,2.0,100
1719464654315,2.0,500
1719464654405,2.0,25
1719464654989,1.95,75
1719464655445,2.0,1675
1719464656293,1.95,575
1719464656672,1.95,100
1719464657293,1.9,25
1719464657425,1.95,100
1719464658340,1.95,25
