time,price,volume
1719461495464,483.6,25
1719461495464,483.6,25
1719461495464,483.6,25
1719461495464,483.6,25
1719461495464,483.6,25
1719461495464,483.6,25
1719461495464,483.6,25
1719461495464,483.6,25
1719461495464,483.6,25
1719461495464,483.6,25
1719461519938,483.5,75
1719461519938,483.5,75
1719461519938,483.5,75
1719461519938,483.5,75
1719461523142,481.65,25
1719461523142,481.65,25
1719461523142,481.65,25
1719461523142,481.65,25
1719461523142,481.65,25
1719461523142,481.65,25
1719461523142,481.65,25
1719461523142,481.65,25
1719461523142,481.65,25
1719461523142,481.65,25
1719461537683,477.45,25
1719461537683,477.45,25
1719461537683,477.45,25
1719461540403,477.5,50
1719461540403,477.5,50
1719461540403,477.5,50
1719461540403,477.5,50
1719461540403,477.5,50
1719461540403,477.5,50
1719461540403,477.5,50
1719461540403,477.5,50
1719461540403,477.5,50
1719461540403,477.5,50
1719461540403,477.5,50
1719461540403,477.5,50
1719461540403,477.5,50
1719461540403,477.5,50
1719461540403,477.5,50
1719461540403,477.5,50
1719461540403,477.5,50
1719461540403,477.5,50
1719461540403,477.5,50
1719461540403,477.5,50
1719461540403,477.5,50
1719461540403,477.5,50
1719461540403,477.5,50
1719461540403,477.5,50
1719461540403,477.5,50
1719461540403,477.5,50
1719461540403,477.5,50
1719461540403,477.5,50
1719461540403,477.5,50
1719461540403,477.5,50
1719461540403,477.5,50
1719461540403,477.5,50
1719461540403,477.5,50
1719461540403,477.5,50
1719461540403,477.5,50
1719461540403,477.5,50
1719461540403,477.5,50
1719461540403,477.5,50
1719461540403,477.5,50
1719461540403,477.5,50
1719461540403,477.5,50
1719461540403,477.5,50
1719461540403,477.5,50
1719461540403,477.5,50
1719461540403,477.5,50
1719461540403,477.5,50
1719461540403,477.5,50
1719461540403,477.5,50
1719461540403,477.5,50
1719461540403,477.5,50
1719461540403,477.5,50
1719461540403,477.5,50
1719461624498,479.05,25
1719461624498,479.05,25
1719461624498,479.05,25
1719461624498,479.05,25
1719461624498,479.05,25
1719461624498,479.05,25
1719461633279,480.2,100
1719461633279,480.2,100
1719461633279,480.2,100
1719461633279,480.2,100
1719461633279,480.2,100
1719461633279,480.2,100
1719461633279,480.2,100
1719461633279,480.2,100
1719461633279,480.2,100
1719461633279,480.2,100
1719461633279,480.2,100
1719461633279,480.2,100
1719461633279,480.2,100
1719461633279,480.2,100
1719461633279,480.2,100
1719461633279,480.2,100
1719461633279,480.2,100
1719461633279,480.2,100
1719461633279,480.2,100
1719461633279,480.2,100
1719461663850,476.5,25
1719461663850,476.5,25
1719461666250,478.0,25
1719461666250,478.0,25
1719461666250,478.0,25
1719461666250,478.0,25
1719461666250,478.0,25
1719461666250,478.0,25
1719461666250,478.0,25
1719461666250,478.0,25
1719461666250,478.0,25
1719461666250,478.0,25
1719461666250,478.0,25
1719461681120,478.8,50
1719461681120,478.8,50
1719461681120,478.8,50
1719461681120,478.8,50
1719461681120,478.8,50
1719461681120,478.8,50
1719461681120,478.8,50
1719461681120,478.8,50
1719461681120,478.8,50
1719461681120,478.8,50
1719461681120,478.8,50
1719461681120,478.8,50
1719461681120,478.8,50
1719461681120,478.8,50
1719461681120,478.8,50
1719461702414,482.2,50
1719461702920,481.4,50
1719461702920,481.4,50
1719461702920,481.4,50
1719461702920,481.4,50
1719461702920,481.4,50
1719461702920,481.4,50
1719461702920,481.4,50
1719461702920,481.4,50
1719461702920,481.4,50
1719461718003,479.25,50
1719461718003,479.25,50
1719461718003,479.25,50
1719461718003,479.25,50
1719461732559,484.65,50
1719461732559,484.65,50
1719461732559,484.65,50
1719461732559,484.65,50
1719461732559,484.65,50
1719461732559,484.65,50
1719461758249,488.5,25
1719461758249,488.5,25
1719461758249,488.5,25
1719461758249,488.5,25
1719461758249,488.5,25
1719461758249,488.5,25
1719461758249,488.5,25
1719461758249,488.5,25
1719461758249,488.5,25
1719461758249,488.5,25
1719461758249,488.5,25
1719461758249,488.5,25
1719461758249,488.5,25
1719461758249,488.5,25
1719461758249,488.5,25
1719461758249,488.5,25
1719461758249,488.5,25
1719461758249,488.5,25
1719461758249,488.5,25
1719461758249,488.5,25
1719461758249,488.5,25
1719461758249,488.5,25
1719461758249,488.5,25
1719461758249,488.5,25
1719461758249,488.5,25
1719461758249,488.5,25
1719461758249,488.5,25
1719461758249,488.5,25
1719461758249,488.5,25
1719461758249,488.5,25
1719461758249,488.5,25
1719461758249,488.5,25
1719461758249,488.5,25
1719461758249,488.5,25
1719461758249,488.5,25
1719461758249,488.5,25
1719461758249,488.5,25
1719461758249,488.5,25
1719461758249,488.5,25
1719461758249,488.5,25
1719461758249,488.5,25
1719461758249,488.5,25
1719461758249,488.5,25
1719461758249,488.5,25
1719461758249,488.5,25
1719461758249,488.5,25
1719461833130,488.15,75
1719461833130,488.15,75
1719461834139,491.0,25
1719461834139,491.0,25
1719461834139,491.0,25
1719461834139,491.0,25
1719461834139,491.0,25
1719461834139,491.0,25
1719461834139,491.0,25
1719461834139,491.0,25
1719461834139,491.0,25
1719461834139,491.0,25
1719461834139,491.0,25
1719461834139,491.0,25
1719461834139,491.0,25
1719461834139,491.0,25
1719461834139,491.0,25
1719461834139,491.0,25
1719461834139,491.0,25
1719461834139,491.0,25
1719461834139,491.0,25
1719461834139,491.0,25
1719461834139,491.0,25
1719461834139,491.0,25
1719461834139,491.0,25
1719461834139,491.0,25
1719461834139,491.0,25
1719461834139,491.0,25
1719461834139,491.0,25
1719461834139,491.0,25
1719461834139,491.0,25
1719461834139,491.0,25
1719461881850,485.65,25
1719461881850,485.65,25
1719461881850,485.65,25
1719461881850,485.65,25
1719461881850,485.65,25
1719461881850,485.65,25
1719461881850,485.65,25
1719461881850,485.65,25
1719461881850,485.65,25
1719461881850,485.65,25
1719461881850,485.65,25
1719461881850,485.65,25
1719461881850,485.65,25
1719461881850,485.65,25
1719461881850,485.65,25
1719461881850,485.65,25
1719461881850,485.65,25
1719461881850,485.65,25
1719461881850,485.65,25
1719461881850,485.65,25
1719461881850,485.65,25
1719461881850,485.65,25
1719461881850,485.65,25
1719461881850,485.65,25
1719461881850,485.65,25
1719461881850,485.65,25
1719461881850,485.65,25
1719461881850,485.65,25
1719461881850,485.65,25
1719461881850,485.65,25
1719461881850,485.65,25
1719461881850,485.65,25
1719461881850,485.65,25
1719461881850,485.65,25
1719461881850,485.65,25
1719461881850,485.65,25
1719461938324,484.75,50
1719461938324,484.75,50
1719461938324,484.75,50
1719461938324,484.75,50
1719461938324,484.75,50
1719461938324,484.75,50
1719461938324,484.75,50
1719461938324,484.75,50
1719461938324,484.75,50
1719461938324,484.75,50
1719461938324,484.75,50
1719461938324,484.75,50
1719461938324,484.75,50
1719461938324,484.75,50
1719461938324,484.75,50
1719461938324,484.75,50
1719461938324,484.75,50
1719461938324,484.75,50
1719461938324,484.75,50
1719461938324,484.75,50
1719461938324,484.75,50
1719461938324,484.75,50
1719461938324,484.75,50
1719461938324,484.75,50
1719461938324,484.75,50
1719461938324,484.75,50
1719461938324,484.75,50
1719461938324,484.75,50
1719461938324,484.75,50
1719461938324,484.75,50
1719461938324,484.75,50
1719461938324,484.75,50
1719461938324,484.75,50
1719461938324,484.75,50
1719461938324,484.75,50
1719461938324,484.75,50
1719461938324,484.75,50
1719461938324,484.75,50
1719461938324,484.75,50
1719461938324,484.75,50
1719461938324,484.75,50
1719461938324,484.75,50
1719461938324,484.75,50
1719461938324,484.75,50
1719461938324,484.75,50
1719461938324,484.75,50
1719461938324,484.75,50
1719461938324,484.75,50
1719461938324,484.75,50
1719461938324,484.75,50
1719461938324,484.75,50
1719461938324,484.75,50
1719461938324,484.75,50
1719461938324,484.75,50
1719461938324,484.75,50
1719461938324,484.75,50
1719461938324,484.75,50
1719461938324,484.75,50
1719461938324,484.75,50
1719461938324,484.75,50
1719461938324,484.75,50
1719461938324,484.75,50
1719461938324,484.75,50
1719461938324,484.75,50
1719461938324,484.75,50
1719461938324,484.75,50
1719461938324,484.75,50
1719461938324,484.75,50
1719461938324,484.75,50
1719461938324,484.75,50
1719461938324,484.75,50
1719461938324,484.75,50
1719461938324,484.75,50
1719461938324,484.75,50
1719461938324,484.75,50
1719461938324,484.75,50
1719461938324,484.75,50
1719461938324,484.75,50
1719461938324,484.75,50
1719461938324,484.75,50
1719461938324,484.75,50
1719461938324,484.75,50
1719461938324,484.75,50
1719461938324,484.75,50
1719461938324,484.75,50
1719461938324,484.75,50
1719461938324,484.75,50
1719461938324,484.75,50
1719461938324,484.75,50
1719461938324,484.75,50
1719461938324,484.75,50
1719461938324,484.75,50
1719461938324,484.75,50
1719461938324,484.75,50
1719462090280,492.5,25
1719462090280,492.5,25
1719462090280,492.5,25
1719462090280,492.5,25
1719462090280,492.5,25
1719462090280,492.5,25
1719462090280,492.5,25
1719462090280,492.5,25
1719462090280,492.5,25
1719462090280,492.5,25
1719462090280,492.5,25
1719462113179,493.6,25
1719462113179,493.6,25
1719462113179,493.6,25
1719462113179,493.6,25
1719462113179,493.6,25
1719462134877,490.0,25
1719462134877,490.0,25
1719462134877,490.0,25
1719462134877,490.0,25
1719462134877,490.0,25
1719462134877,490.0,25
1719462134877,490.0,25
1719462134877,490.0,25
1719462134877,490.0,25
1719462134877,490.0,25
1719462134877,490.0,25
1719462134877,490.0,25
1719462134877,490.0,25
1719462134877,490.0,25
1719462134877,490.0,25
1719462134877,490.0,25
1719462134877,490.0,25
1719462134877,490.0,25
1719462134877,490.0,25
1719462134877,490.0,25
1719462134877,490.0,25
1719462134877,490.0,25
1719462134877,490.0,25
1719462134877,490.0,25
1719462134877,490.0,25
1719462134877,490.0,25
1719462134877,490.0,25
1719462134877,490.0,25
1719462134877,490.0,25
1719462134877,490.0,25
1719462134877,490.0,25
1719462134877,490.0,25
1719462134877,490.0,25
1719462134877,490.0,25
1719462134877,490.0,25
1719462134877,490.0,25
1719462134877,490.0,25
1719462134877,490.0,25
1719462134877,490.0,25
1719462134877,490.0,25
1719462134877,490.0,25
1719462134877,490.0,25
1719462134877,490.0,25
1719462134877,490.0,25
1719462134877,490.0,25
1719462134877,490.0,25
1719462134877,490.0,25
1719462203192,486.2,25
1719462203192,486.2,25
1719462203192,486.2,25
1719462203192,486.2,25
1719462203192,486.2,25
1719462203192,486.2,25
1719462203192,486.2,25
1719462203192,486.2,25
1719462203192,486.2,25
1719462203192,486.2,25
1719462203192,486.2,25
1719462203192,486.2,25
1719462203192,486.2,25
1719462203192,486.2,25
1719462203192,486.2,25
1719462203192,486.2,25
1719462203192,486.2,25
1719462203192,486.2,25
1719462203192,486.2,25
1719462203192,486.2,25
1719462203192,486.2,25
1719462203192,486.2,25
1719462203192,486.2,25
1719462203192,486.2,25
1719462203192,486.2,25
1719462203192,486.2,25
1719462203192,486.2,25
1719462203192,486.2,25
1719462203192,486.2,25
1719462203192,486.2,25
1719462203192,486.2,25
1719462203192,486.2,25
1719462203192,486.2,25
1719462203192,486.2,25
1719462203192,486.2,25
1719462203192,486.2,25
1719462203192,486.2,25
1719462203192,486.2,25
1719462203192,486.2,25
1719462203192,486.2,25
1719462203192,486.2,25
1719462203192,486.2,25
1719462203192,486.2,25
1719462203192,486.2,25
1719462203192,486.2,25
1719462203192,486.2,25
1719462203192,486.2,25
1719462203192,486.2,25
1719462203192,486.2,25
1719462203192,486.2,25
1719462203192,486.2,25
1719462203192,486.2,25
1719462203192,486.2,25
1719462203192,486.2,25
1719462203192,486.2,25
1719462203192,486.2,25
1719462203192,486.2,25
1719462203192,486.2,25
1719462203192,486.2,25
1719462203192,486.2,25
1719462203192,486.2,25
1719462203192,486.2,25
1719462203192,486.2,25
1719462203192,486.2,25
1719462203192,486.2,25
1719462203192,486.2,25
1719462203192,486.2,25
1719462203192,486.2,25
1719462203192,486.2,25
1719462203192,486.2,25
1719462203192,486.2,25
1719462203192,486.2,25
1719462203192,486.2,25
1719462203192,486.2,25
1719462203192,486.2,25
1719462203192,486.2,25
1719462203192,486.2,25
1719462203192,486.2,25
1719462203192,486.2,25
1719462203192,486.2,25
1719462203192,486.2,25
1719462203192,486.2,25
1719462203192,486.2,25
1719462203192,486.2,25
1719462203192,486.2,25
1719462203192,486.2,25
1719462203192,486.2,25
1719462203192,486.2,25
1719462203192,486.2,25
1719462203192,486.2,25
1719462203192,486.2,25
1719462203192,486.2,25
1719462203192,486.2,25
1719462203192,486.2,25
1719462203192,486.2,25
1719462203192,486.2,25
1719462203192,486.2,25
1719462203192,486.2,25
1719462203192,486.2,25
1719462203192,486.2,25
1719462203192,486.2,25
1719462203192,486.2,25
1719462203192,486.2,25
1719462203192,486.2,25
1719462203192,486.2,25
1719462203192,486.2,25
1719462203192,486.2,25
1719462203192,486.2,25
1719462203192,486.2,25
1719462203192,486.2,25
1719462203192,486.2,25
1719462203192,486.2,25
1719462203192,486.2,25
1719462203192,486.2,25
1719462203192,486.2,25
1719462203192,486.2,25
1719462203192,486.2,25
1719462203192,486.2,25
1719462203192,486.2,25
1719462203192,486.2,25
1719462203192,486.2,25
1719462203192,486.2,25
1719462203192,486.2,25
1719462203192,486.2,25
1719462203192,486.2,25
1719462203192,486.2,25
1719462203192,486.2,25
1719462203192,486.2,25
1719462203192,486.2,25
1719462203192,486.2,25
1719462203192,486.2,25
1719462203192,486.2,25
1719462203192,486.2,25
1719462203192,486.2,25
1719462203192,486.2,25
1719462408440,504.65,25
1719462408440,504.65,25
1719462408440,504.65,25
1719462408440,504.65,25
1719462408440,504.65,25
1719462408440,504.65,25
1719462408440,504.65,25
1719462408440,504.65,25
1719462408440,504.65,25
1719462408440,504.65,25
1719462408440,504.65,25
1719462408440,504.65,25
1719462408440,504.65,25
1719462408440,504.65,25
1719462408440,504.65,25
1719462408440,504.65,25
1719462408440,504.65,25
1719462408440,504.65,25
1719462408440,504.65,25
1719462434512,515.4,25
1719462434512,515.4,25
1719462434512,515.4,25
1719462434512,515.4,25
1719462434512,515.4,25
1719462434512,515.4,25
1719462434512,515.4,25
1719462434512,515.4,25
1719462434512,515.4,25
1719462434512,515.4,25
1719462434512,515.4,25
1719462434512,515.4,25
1719462434512,515.4,25
1719462434512,515.4,25
1719462434512,515.4,25
1719462434512,515.4,25
1719462434512,515.4,25
1719462434512,515.4,25
1719462434512,515.4,25
1719462462454,515.6,25
1719462462454,515.6,25
1719462462454,515.6,25
1719462462454,515.6,25
1719462462454,515.6,25
1719462462454,515.6,25
1719462462454,515.6,25
1719462462454,515.6,25
1719462462454,515.6,25
1719462462454,515.6,25
1719462462454,515.6,25
1719462462454,515.6,25
1719462462454,515.6,25
1719462462454,515.6,25
1719462462454,515.6,25
1719462462454,515.6,25
1719462462454,515.6,25
1719462462454,515.6,25
1719462462454,515.6,25
1719462462454,515.6,25
1719462462454,515.6,25
1719462462454,515.6,25
1719462462454,515.6,25
1719462462454,515.6,25
1719462462454,515.6,25
1719462462454,515.6,25
1719462462454,515.6,25
1719462462454,515.6,25
1719462462454,515.6,25
1719462462454,515.6,25
1719462462454,515.6,25
1719462462454,515.6,25
1719462512493,527.05,100
1719462512493,527.05,100
1719462512493,527.05,100
1719462512493,527.05,100
1719462512493,527.05,100
1719462512493,527.05,100
1719462512493,527.05,100
1719462512493,527.05,100
1719462512493,527.05,100
1719462512493,527.05,100
1719462512493,527.05,100
1719462512493,527.05,100
1719462512493,527.05,100
1719462512493,527.05,100
1719462532910,527.9,25
1719462532910,527.9,25
1719462532910,527.9,25
1719462532910,527.9,25
1719462532910,527.9,25
1719462532910,527.9,25
1719462532910,527.9,25
1719462532910,527.9,25
1719462532910,527.9,25
1719462532910,527.9,25
1719462532910,527.9,25
1719462532910,527.9,25
1719462532910,527.9,25
1719462532910,527.9,25
1719462532910,527.9,25
1719462532910,527.9,25
1719462532910,527.9,25
1719462532910,527.9,25
1719462532910,527.9,25
1719462532910,527.9,25
1719462532910,527.9,25
1719462532910,527.9,25
1719462532910,527.9,25
1719462532910,527.9,25
1719462532910,527.9,25
1719462532910,527.9,25
1719462532910,527.9,25
1719462532910,527.9,25
1719462532910,527.9,25
1719462532910,527.9,25
1719462532910,527.9,25
1719462532910,527.9,25
1719462532910,527.9,25
1719462532910,527.9,25
1719462532910,527.9,25
1719462532910,527.9,25
1719462532910,527.9,25
1719462532910,527.9,25
1719462532910,527.9,25
1719462595611,531.95,50
1719462595611,531.95,50
1719462595611,531.95,50
1719462595611,531.95,50
1719462595611,531.95,50
1719462595611,531.95,50
1719462595611,531.95,50
1719462595611,531.95,50
1719462595611,531.95,50
1719462595611,531.95,50
1719462595611,531.95,50
1719462595611,531.95,50
1719462595611,531.95,50
1719462595611,531.95,50
1719462595611,531.95,50
1719462595611,531.95,50
1719462595611,531.95,50
1719462595611,531.95,50
1719462595611,531.95,50
1719462595611,531.95,50
1719462595611,531.95,50
1719462595611,531.95,50
1719462595611,531.95,50
1719462595611,531.95,50
1719462595611,531.95,50
1719462595611,531.95,50
1719462595611,531.95,50
1719462595611,531.95,50
1719462639660,534.5,75
1719462639660,534.5,75
1719462639660,534.5,75
1719462639660,534.5,75
1719462639660,534.5,75
1719462639660,534.5,75
1719462639660,534.5,75
1719462639660,534.5,75
1719462639660,534.5,75
1719462652858,534.6,50
1719462652858,534.6,50
1719462652858,534.6,50
1719462652858,534.6,50
1719462652858,534.6,50
1719462652858,534.6,50
1719462652858,534.6,50
1719462652858,534.6,50
1719462652858,534.6,50
1719462698587,544.75,25
1719462698587,544.75,25
1719462707207,546.4,50
1719462707207,546.4,50
1719462707207,546.4,50
1719462707207,546.4,50
1719462707207,546.4,50
1719462714015,548.9,50
1719462714015,548.9,50
1719462715715,551.6,50
1719462715715,551.6,50
1719462715715,551.6,50
1719462715715,551.6,50
1719462715715,551.6,50
1719462721018,551.8,25
1719462721018,551.8,25
1719462723327,555.15,50
1719462723327,555.15,50
1719462724079,555.8,25
1719462724079,555.8,25
1719462725758,552.55,25
1719462725758,552.55,25
1719462725758,552.55,25
1719462725758,552.55,25
1719462725758,552.55,25
1719462725758,552.55,25
1719462725758,552.55,25
1719462725758,552.55,25
1719462725758,552.55,25
1719462725758,552.55,25
1719462725758,552.55,25
1719462725758,552.55,25
1719462725758,552.55,25
1719462725758,552.55,25
1719462725758,552.55,25
1719462725758,552.55,25
1719462725758,552.55,25
1719462725758,552.55,25
1719462725758,552.55,25
1719462753163,554.45,50
1719462754457,553.4,50
1719462754457,553.4,50
1719462754457,553.4,50
1719462756739,553.45,50
1719462756739,553.45,50
1719462756739,553.45,50
1719462756739,553.45,50
1719462756739,553.45,50
1719462763974,551.6,25
1719462763974,551.6,25
1719462763974,551.6,25
1719462763974,551.6,25
1719462763974,551.6,25
1719462763974,551.6,25
1719462763974,551.6,25
1719462763974,551.6,25
1719462763974,551.6,25
1719462763974,551.6,25
1719462763974,551.6,25
1719462763974,551.6,25
1719462763974,551.6,25
1719462763974,551.6,25
1719462763974,551.6,25
1719462763974,551.6,25
1719462763974,551.6,25
1719462763974,551.6,25
1719462763974,551.6,25
1719462763974,551.6,25
1719462763974,551.6,25
1719462763974,551.6,25
1719462797290,560.85,50
1719462797290,560.85,50
1719462798102,560.75,25
1719462798102,560.75,25
1719462798102,560.75,25
1719462802265,561.75,50
1719462802265,561.75,50
1719462802265,561.75,50
1719462802265,561.75,50
1719462802265,561.75,50
1719462802265,561.75,50
1719462802265,561.75,50
1719462802265,561.75,50
1719462813449,556.1,50
1719462813449,556.1,50
1719462813449,556.1,50
1719462818023,553.9,50
1719462818023,553.9,50
1719462818023,553.9,50
1719462818023,553.9,50
1719462823114,552.25,50
1719462823114,552.25,50
1719462823114,552.25,50
1719462823114,552.25,50
1719462823114,552.25,50
1719462823114,552.25,50
1719462830472,553.3,25
1719462830472,553.3,25
1719462830472,553.3,25
1719462830472,553.3,25
1719462830472,553.3,25
1719462830472,553.3,25
1719462839653,554.4,50
1719462839653,554.4,50
1719462839653,554.4,50
1719462839653,554.4,50
1719462839653,554.4,50
1719462839653,554.4,50
1719462839653,554.4,50
1719462839653,554.4,50
1719462839653,554.4,50
1719462839653,554.4,50
1719462839653,554.4,50
1719462839653,554.4,50
1719462856568,554.35,25
1719462856568,554.35,25
1719462856568,554.35,25
1719462861771,555.25,50
1719462861771,555.25,50
1719462861771,555.25,50
1719462865447,556.3,50
1719462865447,556.3,50
1719462865447,556.3,50
1719462865447,556.3,50
1719463117398,557.5,50
1719463117398,557.5,50
1719463242245,561.5,25
1719463242245,561.5,25
1719463242245,561.5,25
1719463242245,561.5,25
1719463242245,561.5,25
1719463242245,561.5,25
1719463242245,561.5,25
1719463242245,561.5,25
1719463242245,561.5,25
1719463242245,561.5,25
1719463242245,561.5,25
1719463242245,561.5,25
1719463242245,561.5,25
1719463242245,561.5,25
1719463242245,561.5,25
1719463242245,561.5,25
1719463242245,561.5,25
1719463348138,564.8,50
1719463348138,564.8,50
1719463348815,564.25,50
1719463348815,564.25,50
1719463348815,564.25,50
1719463348815,564.25,50
1719463348815,564.25,50
1719463348815,564.25,50
1719463348815,564.25,50
1719463348815,564.25,50
1719463348815,564.25,50
1719463348815,564.25,50
1719463348815,564.25,50
1719463348815,564.25,50
1719463348815,564.25,50
1719463348815,564.25,50
1719463348815,564.25,50
1719463348815,564.25,50
1719463348815,564.25,50
1719463348815,564.25,50
1719463348815,564.25,50
1719463348815,564.25,50
1719463348815,564.25,50
1719463348815,564.25,50
1719463348815,564.25,50
1719463348815,564.25,50
1719463348815,564.25,50
1719463348815,564.25,50
1719463348815,564.25,50
1719463348815,564.25,50
1719463348815,564.25,50
1719463348815,564.25,50
1719463348815,564.25,50
1719463348815,564.25,50
1719463348815,564.25,50
1719463348815,564.25,50
1719463403237,564.45,50
1719463403237,564.45,50
1719463403237,564.45,50
1719463403237,564.45,50
1719463403237,564.45,50
1719463403237,564.45,50
1719463403237,564.45,50
1719463403237,564.45,50
1719463403237,564.45,50
1719463403237,564.45,50
1719463403237,564.45,50
1719463403237,564.45,50
1719463403237,564.45,50
1719463403237,564.45,50
1719463403237,564.45,50
1719463403237,564.45,50
1719463403237,564.45,50
1719463403237,564.45,50
1719463403237,564.45,50
1719463403237,564.45,50
1719463403237,564.45,50
1719463403237,564.45,50
1719463403237,564.45,50
1719463403237,564.45,50
1719463403237,564.45,50
1719463403237,564.45,50
1719463403237,564.45,50
1719463403237,564.45,50
1719463403237,564.45,50
1719463403237,564.45,50
1719463403237,564.45,50
1719463403237,564.45,50
1719463403237,564.45,50
1719463403237,564.45,50
1719463403237,564.45,50
1719463403237,564.45,50
1719463403237,564.45,50
1719463459514,553.0,25
1719463459514,553.0,25
1719463459514,553.0,25
1719463459514,553.0,25
1719463459514,553.0,25
1719463459514,553.0,25
1719463459514,553.0,25
1719463459514,553.0,25
1719463459514,553.0,25
1719463459514,553.0,25
1719463459514,553.0,25
1719463459514,553.0,25
1719463459514,553.0,25
1719463459514,553.0,25
1719463459514,553.0,25
1719463459514,553.0,25
1719463459514,553.0,25
1719463459514,553.0,25
1719463459514,553.0,25
1719463459514,553.0,25
1719463459514,553.0,25
1719463459514,553.0,25
1719463459514,553.0,25
1719463459514,553.0,25
1719463459514,553.0,25
1719463459514,553.0,25
1719463459514,553.0,25
1719463459514,553.0,25
1719463459514,553.0,25
1719463459514,553.0,25
1719463459514,553.0,25
1719463459514,553.0,25
1719463459514,553.0,25
1719463459514,553.0,25
1719463459514,553.0,25
1719463459514,553.0,25
1719463459514,553.0,25
1719463459514,553.0,25
1719463459514,553.0,25
1719463459514,553.0,25
1719463459514,553.0,25
1719463459514,553.0,25
1719463459514,553.0,25
1719463459514,553.0,25
1719463459514,553.0,25
1719463459514,553.0,25
1719463459514,553.0,25
1719463459514,553.0,25
1719463459514,553.0,25
1719463459514,553.0,25
1719463459514,553.0,25
1719463459514,553.0,25
1719463459514,553.0,25
1719463545375,559.65,50
1719463545375,559.65,50
1719463545375,559.65,50
1719463545375,559.65,50
1719463545375,559.65,50
1719463545375,559.65,50
1719463545375,559.65,50
1719463555241,558.65,25
1719463555241,558.65,25
1719463555241,558.65,25
1719463559038,560.8,25
1719463559038,560.8,25
1719463559038,560.8,25
1719463559038,560.8,25
1719463559038,560.8,25
1719463559038,560.8,25
1719463559038,560.8,25
1719463559038,560.8,25
1719463559038,560.8,25
1719463559038,560.8,25
1719463559038,560.8,25
1719463559038,560.8,25
1719463559038,560.8,25
1719463559038,560.8,25
1719463559038,560.8,25
1719463559038,560.8,25
1719463584026,553.6,25
1719463584026,553.6,25
1719463584026,553.6,25
1719463584026,553.6,25
1719463584026,553.6,25
1719463589940,554.4,25
1719463589940,554.4,25
1719463589940,554.4,25
1719463589940,554.4,25
1719463589940,554.4,25
1719463589940,554.4,25
1719463589940,554.4,25
1719463589940,554.4,25
1719463589940,554.4,25
1719463589940,554.4,25
1719463589940,554.4,25
1719463589940,554.4,25
1719463589940,554.4,25
1719463589940,554.4,25
1719463589940,554.4,25
1719463589940,554.4,25
1719463589940,554.4,25
1719463589940,554.4,25
1719463589940,554.4,25
1719463589940,554.4,25
1719463589940,554.4,25
1719463589940,554.4,25
1719463589940,554.4,25
1719463589940,554.4,25
1719463589940,554.4,25
1719463589940,554.4,25
1719463589940,554.4,25
1719463589940,554.4,25
1719463589940,554.4,25
1719463589940,554.4,25
1719463589940,554.4,25
1719463639249,556.3,50
1719463639249,556.3,50
1719463639249,556.3,50
1719463639249,556.3,50
1719463639249,556.3,50
1719463639249,556.3,50
1719463639249,556.3,50
1719463639249,556.3,50
1719463639249,556.3,50
1719463639249,556.3,50
1719463639249,556.3,50
1719463639249,556.3,50
1719463639249,556.3,50
1719463639249,556.3,50
1719463639249,556.3,50
1719463639249,556.3,50
1719463639249,556.3,50
1719463639249,556.3,50
1719463639249,556.3,50
1719463639249,556.3,50
1719463639249,556.3,50
1719463639249,556.3,50
1719463639249,556.3,50
1719463639249,556.3,50
1719463639249,556.3,50
1719463639249,556.3,50
1719463639249,556.3,50
1719463639249,556.3,50
1719463639249,556.3,50
1719463639249,556.3,50
1719463639249,556.3,50
1719463639249,556.3,50
1719463639249,556.3,50
1719463639249,556.3,50
1719463692257,553.15,25
1719463692257,553.15,25
1719463692257,553.15,25
1719463692257,553.15,25
1719463692257,553.15,25
1719463692257,553.15,25
1719463692257,553.15,25
1719463692257,553.15,25
1719463692257,553.15,25
1719463692257,553.15,25
1719463692257,553.15,25
1719463692257,553.15,25
1719463692257,553.15,25
1719463692257,553.15,25
1719463692257,553.15,25
1719463692257,553.15,25
1719463692257,553.15,25
1719463692257,553.15,25
1719463692257,553.15,25
1719463692257,553.15,25
1719463692257,553.15,25
1719463692257,553.15,25
1719463692257,553.15,25
1719463692257,553.15,25
1719463692257,553.15,25
1719463692257,553.15,25
1719463692257,553.15,25
1719463692257,553.15,25
1719463692257,553.15,25
1719463692257,553.15,25
1719463692257,553.15,25
1719463692257,553.15,25
1719463692257,553.15,25
1719463692257,553.15,25
1719463692257,553.15,25
1719463692257,553.15,25
1719463692257,553.15,25
1719463692257,553.15,25
1719463692257,553.15,25
1719463692257,553.15,25
1719463692257,553.15,25
1719463692257,553.15,25
1719463692257,553.15,25
1719463692257,553.15,25
1719463759883,560.8,125
1719463759883,560.8,125
1719463759883,560.8,125
1719463759883,560.8,125
1719463759883,560.8,125
1719463759883,560.8,125
1719463759883,560.8,125
1719463759883,560.8,125
1719463759883,560.8,125
1719463759883,560.8,125
1719463759883,560.8,125
1719463759883,560.8,125
1719463759883,560.8,125
1719463759883,560.8,125
1719463759883,560.8,125
1719463759883,560.8,125
1719463759883,560.8,125
1719463759883,560.8,125
1719463759883,560.8,125
1719463759883,560.8,125
1719463759883,560.8,125
1719463759883,560.8,125
1719463759883,560.8,125
1719463759883,560.8,125
1719463759883,560.8,125
1719463759883,560.8,125
1719463759883,560.8,125
1719463759883,560.8,125
1719463759883,560.8,125
1719463759883,560.8,125
1719463759883,560.8,125
1719463759883,560.8,125
1719463759883,560.8,125
1719463759883,560.8,125
1719463759883,560.8,125
1719463759883,560.8,125
1719463759883,560.8,125
1719463759883,560.8,125
1719463759883,560.8,125
1719463759883,560.8,125
1719463759883,560.8,125
1719463759883,560.8,125
1719463759883,560.8,125
1719463759883,560.8,125
1719463759883,560.8,125
1719463759883,560.8,125
1719463759883,560.8,125
1719463759883,560.8,125
1719463759883,560.8,125
1719463759883,560.8,125
1719463759883,560.8,125
1719463759883,560.8,125
1719463759883,560.8,125
1719463759883,560.8,125
1719463759883,560.8,125
1719463759883,560.8,125
1719463759883,560.8,125
1719463759883,560.8,125
1719463759883,560.8,125
1719463759883,560.8,125
1719463759883,560.8,125
1719463759883,560.8,125
1719463759883,560.8,125
1719463759883,560.8,125
1719463759883,560.8,125
1719463759883,560.8,125
1719463759883,560.8,125
1719463759883,560.8,125
1719463759883,560.8,125
1719463759883,560.8,125
1719463759883,560.8,125
1719463759883,560.8,125
1719463759883,560.8,125
1719463759883,560.8,125
1719463759883,560.8,125
1719463759883,560.8,125
1719463759883,560.8,125
1719463759883,560.8,125
1719463759883,560.8,125
1719463759883,560.8,125
1719463759883,560.8,125
1719463759883,560.8,125
1719463759883,560.8,125
1719463759883,560.8,125
1719463759883,560.8,125
1719463759883,560.8,125
1719463759883,560.8,125
1719463759883,560.8,125
1719463759883,560.8,125
1719463759883,560.8,125
1719463759883,560.8,125
1719463759883,560.8,125
1719463759883,560.8,125
1719463759883,560.8,125
1719463759883,560.8,125
1719463759883,560.8,125
1719463759883,560.8,125
1719463759883,560.8,125
1719463759883,560.8,125
1719463759883,560.8,125
1719463759883,560.8,125
1719463759883,560.8,125
1719463759883,560.8,125
1719463759883,560.8,125
1719463759883,560.8,125
1719463759883,560.8,125
1719463759883,560.8,125
1719463759883,560.8,125
1719463759883,560.8,125
1719463759883,560.8,125
1719463759883,560.8,125
1719463759883,560.8,125
1719463759883,560.8,125
1719463759883,560.8,125
1719463759883,560.8,125
1719463941318,560.8,25
1719463941318,560.8,25
1719463941318,560.8,25
1719463941318,560.8,25
1719463941318,560.8,25
1719463941318,560.8,25
1719463941318,560.8,25
1719463941318,560.8,25
1719463941318,560.8,25
1719463941318,560.8,25
1719463941318,560.8,25
1719463941318,560.8,25
1719463941318,560.8,25
1719463941318,560.8,25
1719463941318,560.8,25
1719463941318,560.8,25
1719463941318,560.8,25
1719463941318,560.8,25
1719463941318,560.8,25
1719463941318,560.8,25
1719463941318,560.8,25
1719463941318,560.8,25
1719463941318,560.8,25
1719463941318,560.8,25
1719463941318,560.8,25
1719463941318,560.8,25
1719463941318,560.8,25
1719463941318,560.8,25
1719463941318,560.8,25
1719463941318,560.8,25
1719463941318,560.8,25
1719463941318,560.8,25
1719463941318,560.8,25
1719463941318,560.8,25
1719463941318,560.8,25
1719463941318,560.8,25
1719463941318,560.8,25
1719463941318,560.8,25
1719463941318,560.8,25
1719463941318,560.8,25
1719463941318,560.8,25
1719463941318,560.8,25
1719463941318,560.8,25
1719463941318,560.8,25
1719463941318,560.8,25
1719463941318,560.8,25
1719463941318,560.8,25
1719463941318,560.8,25
1719463941318,560.8,25
1719463941318,560.8,25
1719463941318,560.8,25
1719463941318,560.8,25
1719463941318,560.8,25
1719463941318,560.8,25
1719463941318,560.8,25
1719463941318,560.8,25
1719463941318,560.8,25
1719463941318,560.8,25
1719463941318,560.8,25
1719463941318,560.8,25
1719463941318,560.8,25
1719463941318,560.8,25
1719463941318,560.8,25
1719463941318,560.8,25
1719463941318,560.8,25
1719463941318,560.8,25
1719463941318,560.8,25
1719463941318,560.8,25
1719463941318,560.8,25
1719463941318,560.8,25
1719463941318,560.8,25
1719463941318,560.8,25
1719463941318,560.8,25
1719463941318,560.8,25
1719463941318,560.8,25
1719463941318,560.8,25
1719463941318,560.8,25
1719463941318,560.8,25
1719463941318,560.8,25
1719463941318,560.8,25
1719463941318,560.8,25
1719463941318,560.8,25
1719463941318,560.8,25
1719463941318,560.8,25
1719463941318,560.8,25
1719463941318,560.8,25
1719463941318,560.8,25
1719463941318,560.8,25
1719463941318,560.8,25
1719463941318,560.8,25
1719463941318,560.8,25
1719463941318,560.8,25
1719463941318,560.8,25
1719463941318,560.8,25
1719463941318,560.8,25
1719463941318,560.8,25
1719463941318,560.8,25
1719463941318,560.8,25
1719463941318,560.8,25
1719463941318,560.8,25
1719463941318,560.8,25
1719463941318,560.8,25
1719463941318,560.8,25
1719463941318,560.8,25
1719463941318,560.8,25
1719463941318,560.8,25
1719463941318,560.8,25
1719463941318,560.8,25
1719463941318,560.8,25
1719463941318,560.8,25
1719463941318,560.8,25
1719463941318,560.8,25
1719463941318,560.8,25
1719463941318,560.8,25
1719463941318,560.8,25
1719463941318,560.8,25
1719463941318,560.8,25
1719463941318,560.8,25
1719463941318,560.8,25
1719463941318,560.8,25
1719463941318,560.8,25
1719463941318,560.8,25
1719463941318,560.8,25
1719463941318,560.8,25
1719463941318,560.8,25
1719463941318,560.8,25
1719463941318,560.8,25
1719463941318,560.8,25
1719463941318,560.8,25
1719463941318,560.8,25
1719463941318,560.8,25
1719463941318,560.8,25
1719463941318,560.8,25
1719463941318,560.8,25
1719463941318,560.8,25
1719463941318,560.8,25
1719463941318,560.8,25
1719463941318,560.8,25
1719463941318,560.8,25
1719464154439,556.75,100
1719464154439,556.75,100
1719464154439,556.75,100
1719464154439,556.75,100
1719464154439,556.75,100
1719464154439,556.75,100
1719464154439,556.75,100
1719464154439,556.75,100
1719464154439,556.75,100
1719464154439,556.75,100
1719464154439,556.75,100
1719464154439,556.75,100
1719464154439,556.75,100
1719464154439,556.75,100
1719464154439,556.75,100
1719464154439,556.75,100
1719464154439,556.75,100
1719464154439,556.75,100
1719464154439,556.75,100
1719464154439,556.75,100
1719464154439,556.75,100
1719464154439,556.75,100
1719464154439,556.75,100
1719464154439,556.75,100
1719464154439,556.75,100
1719464154439,556.75,100
1719464154439,556.75,100
1719464154439,556.75,100
1719464154439,556.75,100
1719464154439,556.75,100
1719464154439,556.75,100
1719464154439,556.75,100
1719464154439,556.75,100
1719464154439,556.75,100
1719464154439,556.75,100
1719464154439,556.75,100
1719464154439,556.75,100
1719464154439,556.75,100
1719464154439,556.75,100
1719464154439,556.75,100
1719464154439,556.75,100
1719464154439,556.75,100
1719464154439,556.75,100
1719464154439,556.75,100
1719464154439,556.75,100
1719464154439,556.75,100
1719464154439,556.75,100
1719464154439,556.75,100
1719464154439,556.75,100
1719464154439,556.75,100
1719464154439,556.75,100
1719464154439,556.75,100
1719464154439,556.75,100
1719464154439,556.75,100
1719464154439,556.75,100
1719464154439,556.75,100
1719464154439,556.75,100
1719464154439,556.75,100
1719464154439,556.75,100
1719464154439,556.75,100
1719464154439,556.75,100
1719464154439,556.75,100
1719464154439,556.75,100
1719464154439,556.75,100
1719464154439,556.75,100
1719464154439,556.75,100
1719464154439,556.75,100
1719464154439,556.75,100
1719464154439,556.75,100
1719464154439,556.75,100
1719464154439,556.75,100
1719464154439,556.75,100
1719464154439,556.75,100
1719464154439,556.75,100
1719464154439,556.75,100
1719464154439,556.75,100
1719464154439,556.75,100
1719464154439,556.75,100
1719464154439,556.75,100
1719464154439,556.75,100
1719464154439,556.75,100
1719464154439,556.75,100
1719464154439,556.75,100
1719464154439,556.75,100
1719464154439,556.75,100
1719464154439,556.75,100
1719464154439,556.75,100
1719464154439,556.75,100
1719464154439,556.75,100
1719464154439,556.75,100
1719464154439,556.75,100
1719464154439,556.75,100
1719464154439,556.75,100
1719464154439,556.75,100
1719464154439,556.75,100
1719464154439,556.75,100
1719464154439,556.75,100
1719464154439,556.75,100
1719464154439,556.75,100
1719464154439,556.75,100
1719464154439,556.75,100
1719464154439,556.75,100
1719464154439,556.75,100
1719464154439,556.75,100
1719464154439,556.75,100
1719464154439,556.75,100
1719464154439,556.75,100
1719464154439,556.75,100
1719464154439,556.75,100
1719464154439,556.75,100
1719464154439,556.75,100
1719464154439,556.75,100
1719464154439,556.75,100
1719464154439,556.75,100
1719464154439,556.75,100
1719464337536,578.4,25
1719464337536,578.4,25
1719464337536,578.4,25
1719464337536,578.4,25
1719464340764,577.35,25
1719464340764,577.35,25
1719464340764,577.35,25
1719464340764,577.35,25
1719464340764,577.35,25
1719464340764,577.35,25
1719464340764,577.35,25
1719464340764,577.35,25
1719464340764,577.35,25
1719464340764,577.35,25
1719464340764,577.35,25
1719464340764,577.35,25
1719464340764,577.35,25
1719464340764,577.35,25
1719464340764,577.35,25
1719464340764,577.35,25
1719464340764,577.35,25
1719464340764,577.35,25
1719464367117,578.25,50
1719464367117,578.25,50
1719464367117,578.25,50
1719464367117,578.25,50
1719464367117,578.25,50
1719464367117,578.25,50
1719464367117,578.25,50
1719464367117,578.25,50
1719464367117,578.25,50
1719464367117,578.25,50
1719464367117,578.25,50
1719464367117,578.25,50
1719464367117,578.25,50
1719464367117,578.25,50
1719464367117,578.25,50
1719464367117,578.25,50
1719464367117,578.25,50
1719464367117,578.25,50
1719464367117,578.25,50
1719464367117,578.25,50
1719464367117,578.25,50
1719464367117,578.25,50
1719464367117,578.25,50
1719464367117,578.25,50
1719464367117,578.25,50
1719464367117,578.25,50
1719464367117,578.25,50
1719464367117,578.25,50
1719464367117,578.25,50
1719464367117,578.25,50
1719464367117,578.25,50
1719464367117,578.25,50
1719464367117,578.25,50
1719464367117,578.25,50
1719464367117,578.25,50
1719464367117,578.25,50
1719464367117,578.25,50
1719464367117,578.25,50
1719464367117,578.25,50
1719464367117,578.25,50
1719464367117,578.25,50
1719464367117,578.25,50
1719464367117,578.25,50
1719464367117,578.25,50
1719464367117,578.25,50
1719464367117,578.25,50
1719464367117,578.25,50
1719464367117,578.25,50
1719464367117,578.25,50
1719464367117,578.25,50
1719464367117,578.25,50
1719464367117,578.25,50
1719464367117,578.25,50
1719464367117,578.25,50
1719464367117,578.25,50
1719464367117,578.25,50
1719464367117,578.25,50
1719464367117,578.25,50
1719464367117,578.25,50
1719464367117,578.25,50
1719464367117,578.25,50
1719464367117,578.25,50
1719464367117,578.25,50
1719464367117,578.25,50
1719464367117,578.25,50
1719464367117,578.25,50
1719464367117,578.25,50
1719464367117,578.25,50
1719464367117,578.25,50
1719464367117,578.25,50
1719464367117,578.25,50
1719464367117,578.25,50
1719464367117,578.25,50
1719464367117,578.25,50
1719464367117,578.25,50
1719464367117,578.25,50
1719464367117,578.25,50
1719464367117,578.25,50
1719464367117,578.25,50
1719464367117,578.25,50
1719464367117,578.25,50
1719464367117,578.25,50
1719464866219,536.55,25
1719464866219,536.55,25
1719464866219,536.55,25
1719464866219,536.55,25
1719464866219,536.55,25
1719464866219,536.55,25
1719464866219,536.55,25
1719464866219,536.55,25
1719464866219,536.55,25
1719464866219,536.55,25
1719464866219,536.55,25
1719464866219,536.55,25
1719464866219,536.55,25
1719464866219,536.55,25
1719464866219,536.55,25
1719464866219,536.55,25
1719464866219,536.55,25
1719464866219,536.55,25
1719464866219,536.55,25
1719464866219,536.55,25
1719464866219,536.55,25
1719464866219,536.55,25
1719464866219,536.55,25
1719464866219,536.55,25
1719464866219,536.55,25
1719464866219,536.55,25
1719464866219,536.55,25
1719464866219,536.55,25
1719464866219,536.55,25
1719464866219,536.55,25
1719464866219,536.55,25
1719465072591,528.4,75
1719465072591,528.4,75
1719465072591,528.4,75
1719465072591,528.4,75
1719465072591,528.4,75
1719465072591,528.4,75
1719465072591,528.4,75
1719465072591,528.4,75
1719465072591,528.4,75
1719465072591,528.4,75
1719465072591,528.4,75
1719465072591,528.4,75
1719465072591,528.4,75
1719465072591,528.4,75
1719465072591,528.4,75
1719465072591,528.4,75
1719465072591,528.4,75
1719465072591,528.4,75
1719465072591,528.4,75
1719465072591,528.4,75
1719465072591,528.4,75
1719465072591,528.4,75
1719465072591,528.4,75
1719465072591,528.4,75
1719465072591,528.4,75
1719465072591,528.4,75
1719465072591,528.4,75
1719465072591,528.4,75
1719465072591,528.4,75
1719465072591,528.4,75
1719465072591,528.4,75
1719465072591,528.4,75
1719465072591,528.4,75
1719465072591,528.4,75
1719465072591,528.4,75
1719465072591,528.4,75
1719465072591,528.4,75
1719465072591,528.4,75
1719465072591,528.4,75
1719465072591,528.4,75
1719465072591,528.4,75
1719465072591,528.4,75
1719465072591,528.4,75
1719465072591,528.4,75
1719465072591,528.4,75
1719465072591,528.4,75
1719465072591,528.4,75
1719465072591,528.4,75
1719465072591,528.4,75
1719465072591,528.4,75
1719465072591,528.4,75
1719465072591,528.4,75
1719465072591,528.4,75
1719465072591,528.4,75
1719465072591,528.4,75
1719465072591,528.4,75
1719465072591,528.4,75
1719465072591,528.4,75
1719465072591,528.4,75
1719465072591,528.4,75
1719465072591,528.4,75
1719465072591,528.4,75
1719465072591,528.4,75
1719465072591,528.4,75
1719465072591,528.4,75
1719465072591,528.4,75
1719465072591,528.4,75
1719465072591,528.4,75
1719465072591,528.4,75
1719465072591,528.4,75
1719465072591,528.4,75
1719465072591,528.4,75
1719465072591,528.4,75
1719465072591,528.4,75
1719465072591,528.4,75
1719465072591,528.4,75
1719465072591,528.4,75
1719465072591,528.4,75
1719465072591,528.4,75
1719465072591,528.4,75
1719465072591,528.4,75
1719465072591,528.4,75
1719465072591,528.4,75
1719465072591,528.4,75
1719465072591,528.4,75
1719465072591,528.4,75
1719465072591,528.4,75
1719465072591,528.4,75
1719465210212,514.0,25
1719465210212,514.0,25
1719465210212,514.0,25
1719465210212,514.0,25
1719465213209,508.8,150
1719465214326,509.45,50
1719465214326,509.45,50
1719465215827,507.1,50
1719465216117,503.3,25
1719465216117,503.3,25
1719465216117,503.3,25
1719465216400,499.7,50
1719465220734,496.1,50
1719465220734,496.1,50
1719465220734,496.1,50
1719465220734,496.1,50
1719465225298,496.05,25
1719465226234,497.25,25
1719465226234,497.25,25
1719465227337,492.25,50
1719465227337,492.25,50
1719465228244,489.7,50
1719465228244,489.7,50
1719465228244,489.7,50
1719465232451,492.25,50
1719465232451,492.25,50
1719465232451,492.25,50
1719465232451,492.25,50
1719465236544,485.25,50
1719465236544,485.25,50
1719465237809,481.4,50
1719465237809,481.4,50
1719465237809,481.4,50
1719465237809,481.4,50
1719465241504,478.2,50
1719465241504,478.2,50
1719465243976,479.9,50
1719465243976,479.9,50
1719465243976,479.9,50
1719465243976,479.9,50
1719465243976,479.9,50
1719465243976,479.9,50
1719465243976,479.9,50
1719465252672,479.2,50
1719465253989,478.7,50
1719465253989,478.7,50
1719465253989,478.7,50
1719465253989,478.7,50
1719465253989,478.7,50
1719465253989,478.7,50
1719465262640,480.7,50
1719465262640,480.7,50
1719465262640,480.7,50
1719465262640,480.7,50
1719465262640,480.7,50
1719465262640,480.7,50
1719465262640,480.7,50
1719465273081,474.9,50
1719465273081,474.9,50
1719465273081,474.9,50
1719465273081,474.9,50
1719465277457,475.55,50
1719465277457,475.55,50
1719465277457,475.55,50
1719465277457,475.55,50
1719465277457,475.55,50
1719465277457,475.55,50
1719465277457,475.55,50
1719465277457,475.55,50
1719465277457,475.55,50
1719465277457,475.55,50
1719465277457,475.55,50
1719465277457,475.55,50
1719465277457,475.55,50
1719465277457,475.55,50
1719465277457,475.55,50
1719465277457,475.55,50
1719465277457,475.55,50
1719465277457,475.55,50
1719465277457,475.55,50
1719465305577,468.3,50
1719465305577,468.3,50
1719465305577,468.3,50
1719465305577,468.3,50
1719465305577,468.3,50
1719465305577,468.3,50
1719465305577,468.3,50
1719465305577,468.3,50
1719465305577,468.3,50
1719465305577,468.3,50
1719465305577,468.3,50
1719465305577,468.3,50
1719465305577,468.3,50
1719465305577,468.3,50
1719465305577,468.3,50
1719465305577,468.3,50
1719465305577,468.3,50
1719465305577,468.3,50
1719465305577,468.3,50
1719465332192,472.4,100
1719465333114,474.1,100
1719465333114,474.1,100
1719465333114,474.1,100
1719465333114,474.1,100
1719465333114,474.1,100
1719465333114,474.1,100
1719465333114,474.1,100
1719465341754,469.55,25
1719465341754,469.55,25
1719465341754,469.55,25
1719465341754,469.55,25
1719465341754,469.55,25
1719465341754,469.55,25
1719465341754,469.55,25
1719465341754,469.55,25
1719465341754,469.55,25
1719465341754,469.55,25
1719465341754,469.55,25
1719465341754,469.55,25
1719465341754,469.55,25
1719465341754,469.55,25
1719465362033,469.55,25
1719465362033,469.55,25
1719465362033,469.55,25
1719465362033,469.55,25
1719465362033,469.55,25
1719465362033,469.55,25
1719465362033,469.55,25
1719465362033,469.55,25
1719465374297,475.45,50
1719465374297,475.45,50
1719465375133,475.35,50
1719465375133,475.35,50
1719465377845,474.8,50
1719465377845,474.8,50
1719465377845,474.8,50
1719465377845,474.8,50
1719465377845,474.8,50
1719465377845,474.8,50
1719465377845,474.8,50
1719465377845,474.8,50
1719465389037,477.35,50
1719465389037,477.35,50
1719465390354,475.1,25
1719465390354,475.1,25
1719465391214,472.75,25
1719465392450,471.8,50
1719465392450,471.8,50
1719465393850,470.05,50
1719465393850,470.05,50
1719465393850,470.05,50
1719465393850,470.05,50
1719465393850,470.05,50
1719465399720,476.3,75
1719465399720,476.3,75
1719465399720,476.3,75
1719465399720,476.3,75
1719465399720,476.3,75
1719465399720,476.3,75
1719465399720,476.3,75
1719465399720,476.3,75
1719465399720,476.3,75
1719465413797,476.8,50
1719465413797,476.8,50
1719465413797,476.8,50
1719465413797,476.8,50
1719465413797,476.8,50
1719465413797,476.8,50
1719465413797,476.8,50
1719465413797,476.8,50
1719465413797,476.8,50
1719465424700,474.7,50
1719465424700,474.7,50
1719465424700,474.7,50
1719465424700,474.7,50
1719465424700,474.7,50
1719465432391,476.8,25
1719465432391,476.8,25
1719465432391,476.8,25
1719465432391,476.8,25
1719465432391,476.8,25
1719465432391,476.8,25
1719465432391,476.8,25
1719465432391,476.8,25
1719465432391,476.8,25
1719465432391,476.8,25
1719465432391,476.8,25
1719465432391,476.8,25
1719465432391,476.8,25
1719465432391,476.8,25
1719465432391,476.8,25
1719465432391,476.8,25
1719465432391,476.8,25
1719465432391,476.8,25
1719465432391,476.8,25
1719465460196,470.0,25
1719465460433,470.0,50
1719465460433,470.0,50
1719465460433,470.0,50
1719465460433,470.0,50
1719465460433,470.0,50
1719465460433,470.0,50
1719465460433,470.0,50
1719465460433,470.0,50
1719465460433,470.0,50
1719465460433,470.0,50
1719465460433,470.0,50
1719465460433,470.0,50
1719465460433,470.0,50
1719465460433,470.0,50
1719465460433,470.0,50
1719465482727,473.15,25
1719465482727,473.15,25
1719465482727,473.15,25
1719465482727,473.15,25
1719465482727,473.15,25
1719465482727,473.15,25
1719465490087,469.95,25
1719465490087,469.95,25
1719465490087,469.95,25
1719465493291,472.6,25
1719465493291,472.6,25
1719465493291,472.6,25
1719465493291,472.6,25
1719465493291,472.6,25
1719465500117,472.3,50
1719465500117,472.3,50
1719465500117,472.3,50
1719465500117,472.3,50
1719465500117,472.3,50
1719465500117,472.3,50
1719465500117,472.3,50
1719465500117,472.3,50
1719465511291,473.45,25
1719465511291,473.45,25
1719465511291,473.45,25
1719465511291,473.45,25
1719465511291,473.45,25
1719465511291,473.45,25
1719465511291,473.45,25
1719465511291,473.45,25
1719465511291,473.45,25
1719465511291,473.45,25
1719465527544,475.95,50
1719465527544,475.95,50
1719465527544,475.95,50
1719465527544,475.95,50
1719465527544,475.95,50
1719465534517,472.0,50
1719465536345,471.25,50
1719465536345,471.25,50
1719465536345,471.25,50
1719465536345,471.25,50
1719465540461,469.95,75
1719465540461,469.95,75
1719465540461,469.95,75
1719465540461,469.95,75
1719465540461,469.95,75
1719465540461,469.95,75
1719465548763,471.5,50
1719465548763,471.5,50
1719465548763,471.5,50
1719465548763,471.5,50
1719465548763,471.5,50
1719465548763,471.5,50
1719465548763,471.5,50
1719465548763,471.5,50
1719465548763,471.5,50
1719465548763,471.5,50
1719465563114,474.1,75
1719465563114,474.1,75
1719465563114,474.1,75
1719465563114,474.1,75
1719465563114,474.1,75
1719465563114,474.1,75
1719465570715,473.0,25
1719465570715,473.0,25
1719465570715,473.0,25
1719465570715,473.0,25
1719465570715,473.0,25
1719465570715,473.0,25
1719465570715,473.0,25
1719465570715,473.0,25
1719465583013,475.0,50
1719465583013,475.0,50
1719465583013,475.0,50
1719465583013,475.0,50
1719465583013,475.0,50
1719465583013,475.0,50
1719465583013,475.0,50
1719465583013,475.0,50
1719465583013,475.0,50
1719465597945,482.8,25
1719465597945,482.8,25
1719465599325,489.9,50
1719465599325,489.9,50
1719465599325,489.9,50
1719465599325,489.9,50
1719465599325,489.9,50
1719465599325,489.9,50
1719465599325,489.9,50
1719465599325,489.9,50
1719465599325,489.9,50
1719465599325,489.9,50
1719465599325,489.9,50
1719465599325,489.9,50
1719465599325,489.9,50
1719465599325,489.9,50
1719465599325,489.9,50
1719465599325,489.9,50
1719465599325,489.9,50
1719465599325,489.9,50
1719465599325,489.9,50
1719465599325,489.9,50
1719465599325,489.9,50
1719465599325,489.9,50
1719465599325,489.9,50
1719465633375,496.05,25
1719465633375,496.05,25
1719465633375,496.05,25
1719465633375,496.05,25
1719465633375,496.05,25
1719465633375,496.05,25
1719465633375,496.05,25
1719465633375,496.05,25
1719465645690,497.6,25
1719465645690,497.6,25
1719465645690,497.6,25
1719465645690,497.6,25
1719465645690,497.6,25
1719465645690,497.6,25
1719465645690,497.6,25
1719465645690,497.6,25
1719465645690,497.6,25
1719465645690,497.6,25
1719465645690,497.6,25
1719465645690,497.6,25
1719465645690,497.6,25
1719465645690,497.6,25
1719465665808,498.55,25
1719465665808,498.55,25
1719465665808,498.55,25
1719465665808,498.55,25
1719465665808,498.55,25
1719465665808,498.55,25
1719465665808,498.55,25
1719465665808,498.55,25
1719465665808,498.55,25
1719465665808,498.55,25
1719465665808,498.55,25
1719465665808,498.55,25
1719465665808,498.55,25
1719465665808,498.55,25
1719465665808,498.55,25
1719465665808,498.55,25
1719465665808,498.55,25
1719465665808,498.55,25
1719465665808,498.55,25
1719465665808,498.55,25
1719465665808,498.55,25
1719465665808,498.55,25
1719465665808,498.55,25
1719465665808,498.55,25
1719465665808,498.55,25
1719465665808,498.55,25
1719465665808,498.55,25
1719465665808,498.55,25
1719465665808,498.55,25
1719465665808,498.55,25
1719465665808,498.55,25
1719465665808,498.55,25
1719465665808,498.55,25
1719465665808,498.55,25
1719465665808,498.55,25
1719465665808,498.55,25
1719465665808,498.55,25
1719465665808,498.55,25
1719465665808,498.55,25
1719465665808,498.55,25
1719465665808,498.55,25
1719465665808,498.55,25
1719465665808,498.55,25
1719465665808,498.55,25
1719465665808,498.55,25
1719465665808,498.55,25
1719465665808,498.55,25
1719465740900,498.55,50
1719465740900,498.55,50
1719465740900,498.55,50
1719465740900,498.55,50
1719465740900,498.55,50
1719465740900,498.55,50
1719465740900,498.55,50
1719465740900,498.55,50
1719465740900,498.55,50
1719465740900,498.55,50
1719465740900,498.55,50
1719465740900,498.55,50
1719465740900,498.55,50
1719465740900,498.55,50
1719465740900,498.55,50
1719465740900,498.55,50
1719465740900,498.55,50
1719465740900,498.55,50
1719465740900,498.55,50
1719465740900,498.55,50
1719465740900,498.55,50
1719465740900,498.55,50
1719465740900,498.55,50
1719465740900,498.55,50
1719465740900,498.55,50
1719465740900,498.55,50
1719465740900,498.55,50
1719465740900,498.55,50
1719465740900,498.55,50
1719465740900,498.55,50
1719465740900,498.55,50
1719465740900,498.55,50
1719465740900,498.55,50
1719465740900,498.55,50
1719465740900,498.55,50
1719465740900,498.55,50
1719465740900,498.55,50
1719465740900,498.55,50
1719465740900,498.55,50
1719465740900,498.55,50
1719465740900,498.55,50
1719465740900,498.55,50
1719465740900,498.55,50
1719465740900,498.55,50
1719465740900,498.55,50
1719465740900,498.55,50
1719465815302,490.9,25
1719465815302,490.9,25
1719465815302,490.9,25
1719465815302,490.9,25
1719465815302,490.9,25
1719465815302,490.9,25
1719465815302,490.9,25
1719465815302,490.9,25
1719465815302,490.9,25
1719465815302,490.9,25
1719465815302,490.9,25
1719465815302,490.9,25
1719465815302,490.9,25
1719465815302,490.9,25
1719465815302,490.9,25
1719465815302,490.9,25
1719465815302,490.9,25
1719465815302,490.9,25
1719465815302,490.9,25
1719465815302,490.9,25
1719465815302,490.9,25
1719465815302,490.9,25
1719465815302,490.9,25
1719465815302,490.9,25
1719465815302,490.9,25
1719465815302,490.9,25
1719465815302,490.9,25
1719465815302,490.9,25
1719465859951,482.05,50
1719465859951,482.05,50
1719465859951,482.05,50
1719465859951,482.05,50
1719465859951,482.05,50
1719465859951,482.05,50
1719465859951,482.05,50
1719465859951,482.05,50
1719465859951,482.05,50
1719465859951,482.05,50
1719465859951,482.05,50
1719465859951,482.05,50
1719465859951,482.05,50
1719465859951,482.05,50
1719465859951,482.05,50
1719465859951,482.05,50
1719465859951,482.05,50
1719465885070,476.35,50
1719465885070,476.35,50
1719465885070,476.35,50
1719465885070,476.35,50
1719465885070,476.35,50
1719465885070,476.35,50
1719465885070,476.35,50
1719465885070,476.35,50
1719465885070,476.35,50
1719465885070,476.35,50
1719465885070,476.35,50
1719465885070,476.35,50
1719465885070,476.35,50
1719465885070,476.35,50
1719465885070,476.35,50
1719465885070,476.35,50
1719465885070,476.35,50
1719465885070,476.35,50
1719465885070,476.35,50
1719465885070,476.35,50
1719465885070,476.35,50
1719465885070,476.35,50
1719465885070,476.35,50
1719465885070,476.35,50
1719465885070,476.35,50
1719465885070,476.35,50
1719465885070,476.35,50
1719465885070,476.35,50
1719465885070,476.35,50
1719465885070,476.35,50
1719465885070,476.35,50
1719465885070,476.35,50
1719465885070,476.35,50
1719465937104,486.55,50
1719465937104,486.55,50
1719465937104,486.55,50
1719465937104,486.55,50
1719465937104,486.55,50
1719465937104,486.55,50
1719465937104,486.55,50
1719465937104,486.55,50
1719465937104,486.55,50
1719465937104,486.55,50
1719465937104,486.55,50
1719465937104,486.55,50
1719465937104,486.55,50
1719465937104,486.55,50
1719465937104,486.55,50
1719465937104,486.55,50
1719465937104,486.55,50
1719465937104,486.55,50
1719465937104,486.55,50
1719465937104,486.55,50
1719465937104,486.55,50
1719465937104,486.55,50
1719465937104,486.55,50
1719465937104,486.55,50
1719465937104,486.55,50
1719465937104,486.55,50
1719465937104,486.55,50
1719465937104,486.55,50
1719465937104,486.55,50
1719465937104,486.55,50
1719465937104,486.55,50
1719465937104,486.55,50
1719465937104,486.55,50
1719465937104,486.55,50
1719465937104,486.55,50
1719465937104,486.55,50
1719465937104,486.55,50
1719465937104,486.55,50
1719465937104,486.55,50
1719465937104,486.55,50
1719465937104,486.55,50
1719465937104,486.55,50
1719465937104,486.55,50
1719465937104,486.55,50
1719465937104,486.55,50
1719465937104,486.55,50
1719465937104,486.55,50
1719465937104,486.55,50
1719465937104,486.55,50
1719465937104,486.55,50
1719465937104,486.55,50
1719465937104,486.55,50
1719465937104,486.55,50
1719465937104,486.55,50
1719465937104,486.55,50
1719465937104,486.55,50
1719465937104,486.55,50
1719465937104,486.55,50
1719465937104,486.55,50
1719465937104,486.55,50
1719465937104,486.55,50
1719465937104,486.55,50
1719465937104,486.55,50
1719465937104,486.55,50
1719465937104,486.55,50
1719465937104,486.55,50
1719465937104,486.55,50
1719465937104,486.55,50
1719465937104,486.55,50
1719465937104,486.55,50
1719465937104,486.55,50
1719465937104,486.55,50
1719465937104,486.55,50
1719465937104,486.55,50
1719465937104,486.55,50
1719465937104,486.55,50
1719465937104,486.55,50
1719466219562,513.5,25
1719466219562,513.5,25
1719466219562,513.5,25
1719466219562,513.5,25
1719466219562,513.5,25
1719466219562,513.5,25
1719466219562,513.5,25
1719466219562,513.5,25
1719466219562,513.5,25
1719466219562,513.5,25
1719466219562,513.5,25
1719466219562,513.5,25
1719466219562,513.5,25
1719466219562,513.5,25
1719466219562,513.5,25
1719466252994,509.6,25
1719466252994,509.6,25
1719466252994,509.6,25
1719466252994,509.6,25
1719466252994,509.6,25
1719466252994,509.6,25
1719466252994,509.6,25
1719466252994,509.6,25
1719466252994,509.6,25
1719466252994,509.6,25
1719466252994,509.6,25
1719466252994,509.6,25
1719466252994,509.6,25
1719466252994,509.6,25
1719466252994,509.6,25
1719466252994,509.6,25
1719466252994,509.6,25
1719466252994,509.6,25
1719466252994,509.6,25
1719466252994,509.6,25
1719466252994,509.6,25
1719466252994,509.6,25
1719466252994,509.6,25
1719466252994,509.6,25
1719466252994,509.6,25
1719466252994,509.6,25
1719466252994,509.6,25
1719466252994,509.6,25
1719466252994,509.6,25
1719466252994,509.6,25
1719466252994,509.6,25
1719466252994,509.6,25
1719466252994,509.6,25
1719466252994,509.6,25
1719466252994,509.6,25
1719466252994,509.6,25
1719466252994,509.6,25
1719466252994,509.6,25
1719466252994,509.6,25
1719466252994,509.6,25
1719466252994,509.6,25
1719466252994,509.6,25
1719466252994,509.6,25
1719466252994,509.6,25
1719466252994,509.6,25
1719466252994,509.6,25
1719466252994,509.6,25
1719466252994,509.6,25
1719466252994,509.6,25
1719466252994,509.6,25
1719466252994,509.6,25
1719466252994,509.6,25
1719466335860,510.75,25
1719466335860,510.75,25
1719466335860,510.75,25
1719466335860,510.75,25
1719466335860,510.75,25
1719466335860,510.75,25
1719466335860,510.75,25
1719466335860,510.75,25
1719466335860,510.75,25
1719466335860,510.75,25
1719466349984,514.9,50
1719466349984,514.9,50
1719466349984,514.9,50
1719466349984,514.9,50
1719466349984,514.9,50
1719466349984,514.9,50
1719466349984,514.9,50
1719466349984,514.9,50
1719466349984,514.9,50
1719466349984,514.9,50
1719466349984,514.9,50
1719466349984,514.9,50
1719466349984,514.9,50
1719466349984,514.9,50
1719466349984,514.9,50
1719466349984,514.9,50
1719466349984,514.9,50
1719466349984,514.9,50
1719466349984,514.9,50
1719466349984,514.9,50
1719466349984,514.9,50
1719466349984,514.9,50
1719466349984,514.9,50
1719466349984,514.9,50
1719466349984,514.9,50
1719466349984,514.9,50
1719466349984,514.9,50
1719466349984,514.9,50
1719466349984,514.9,50
1719466349984,514.9,50
1719466349984,514.9,50
1719466349984,514.9,50
1719466349984,514.9,50
1719466349984,514.9,50
1719466349984,514.9,50
1719466349984,514.9,50
1719466349984,514.9,50
1719466349984,514.9,50
1719466349984,514.9,50
1719466349984,514.9,50
1719466349984,514.9,50
1719466349984,514.9,50
1719466349984,514.9,50
1719466349984,514.9,50
1719466349984,514.9,50
1719466349984,514.9,50
1719466349984,514.9,50
1719466349984,514.9,50
1719466349984,514.9,50
1719466349984,514.9,50
1719466349984,514.9,50
1719466349984,514.9,50
1719466349984,514.9,50
1719466349984,514.9,50
1719466349984,514.9,50
1719466349984,514.9,50
1719466349984,514.9,50
1719466349984,514.9,50
1719466349984,514.9,50
1719466349984,514.9,50
1719466349984,514.9,50
1719466349984,514.9,50
1719466349984,514.9,50
1719466349984,514.9,50
1719466349984,514.9,50
1719466349984,514.9,50
1719466349984,514.9,50
1719466349984,514.9,50
1719466349984,514.9,50
1719466349984,514.9,50
1719466349984,514.9,50
1719466349984,514.9,50
1719466349984,514.9,50
1719466349984,514.9,50
1719466349984,514.9,50
1719466349984,514.9,50
1719466349984,514.9,50
1719466349984,514.9,50
1719466349984,514.9,50
1719466349984,514.9,50
1719466349984,514.9,50
1719466349984,514.9,50
1719466349984,514.9,50
1719466349984,514.9,50
1719466349984,514.9,50
1719466349984,514.9,50
1719466349984,514.9,50
1719466349984,514.9,50
1719466349984,514.9,50
1719466349984,514.9,50
1719466349984,514.9,50
1719466349984,514.9,50
1719466349984,514.9,50
1719466349984,514.9,50
1719466349984,514.9,50
1719466349984,514.9,50
1719466349984,514.9,50
1719466349984,514.9,50
1719466349984,514.9,50
1719466504364,502.65,25
1719466504364,502.65,25
1719466504364,502.65,25
1719466504364,502.65,25
1719466504364,502.65,25
1719466504364,502.65,25
1719466504364,502.65,25
1719466504364,502.65,25
1719466504364,502.65,25
1719466504364,502.65,25
1719466504364,502.65,25
1719466504364,502.65,25
1719466504364,502.65,25
1719466504364,502.65,25
1719466504364,502.65,25
1719466504364,502.65,25
1719466504364,502.65,25
1719466504364,502.65,25
1719466504364,502.65,25
1719466504364,502.65,25
1719466534034,510.0,75
1719466534034,510.0,75
1719466534034,510.0,75
1719466534034,510.0,75
1719466534034,510.0,75
1719466534034,510.0,75
1719466534034,510.0,75
1719466534034,510.0,75
1719466534034,510.0,75
1719466534034,510.0,75
1719466534034,510.0,75
1719466534034,510.0,75
1719466534034,510.0,75
1719466534034,510.0,75
1719466534034,510.0,75
1719466534034,510.0,75
1719466534034,510.0,75
1719466534034,510.0,75
1719466534034,510.0,75
1719466534034,510.0,75
1719466534034,510.0,75
1719466534034,510.0,75
1719466534034,510.0,75
1719466569535,506.6,25
1719466569535,506.6,25
1719466569535,506.6,25
1719466569535,506.6,25
1719466569535,506.6,25
1719466569535,506.6,25
1719466569535,506.6,25
1719466569535,506.6,25
1719466569535,506.6,25
1719466582554,509.8,25
1719466582554,509.8,25
1719466582554,509.8,25
1719466582554,509.8,25
1719466582554,509.8,25
1719466582554,509.8,25
1719466582554,509.8,25
1719466582554,509.8,25
1719466582554,509.8,25
1719466582554,509.8,25
1719466582554,509.8,25
1719466582554,509.8,25
1719466582554,509.8,25
1719466582554,509.8,25
1719466582554,509.8,25
1719466582554,509.8,25
1719466605743,511.25,25
1719466605743,511.25,25
1719466605743,511.25,25
1719466605743,511.25,25
1719466605743,511.25,25
1719466605743,511.25,25
1719466605743,511.25,25
1719466605743,511.25,25
1719466605743,511.25,25
1719466605743,511.25,25
1719466605743,511.25,25
1719466605743,511.25,25
1719466605743,511.25,25
1719466605743,511.25,25
1719466605743,511.25,25
1719466628437,508.05,25
1719466628437,508.05,25
1719466628437,508.05,25
1719466628437,508.05,25
1719466628437,508.05,25
1719466628437,508.05,25
1719466628437,508.05,25
1719466628437,508.05,25
1719466628437,508.05,25
1719466628437,508.05,25
1719466628437,508.05,25
1719466628437,508.05,25
1719466628437,508.05,25
1719466628437,508.05,25
1719466628437,508.05,25
1719466628437,508.05,25
1719466628437,508.05,25
1719466652407,511.65,25
1719466652407,511.65,25
1719466652407,511.65,25
1719466652407,511.65,25
1719466652407,511.65,25
1719466652407,511.65,25
1719466652407,511.65,25
1719466652407,511.65,25
1719466652407,511.65,25
1719466652407,511.65,25
1719466652407,511.65,25
1719466652407,511.65,25
1719466652407,511.65,25
1719466652407,511.65,25
1719466652407,511.65,25
1719466652407,511.65,25
1719466652407,511.65,25
1719466652407,511.65,25
1719466652407,511.65,25
1719466652407,511.65,25
1719466652407,511.65,25
1719466652407,511.65,25
1719466652407,511.65,25
1719466652407,511.65,25
1719466652407,511.65,25
1719466652407,511.65,25
1719466652407,511.65,25
1719466652407,511.65,25
1719466652407,511.65,25
1719466652407,511.65,25
1719466652407,511.65,25
1719466652407,511.65,25
1719466652407,511.65,25
1719466652407,511.65,25
1719466652407,511.65,25
1719466652407,511.65,25
1719466706968,509.3,25
1719466706968,509.3,25
1719466706968,509.3,25
1719466706968,509.3,25
1719466706968,509.3,25
1719466706968,509.3,25
1719466706968,509.3,25
1719466706968,509.3,25
1719466706968,509.3,25
1719466706968,509.3,25
1719466706968,509.3,25
1719466706968,509.3,25
1719466706968,509.3,25
1719466706968,509.3,25
1719466725224,509.25,25
1719466725224,509.25,25
1719466725224,509.25,25
1719466725224,509.25,25
1719466725224,509.25,25
1719466725224,509.25,25
1719466725224,509.25,25
1719466725224,509.25,25
1719466725224,509.25,25
1719466725224,509.25,25
1719466725224,509.25,25
1719466725224,509.25,25
1719466725224,509.25,25
1719466725224,509.25,25
1719466725224,509.25,25
1719466725224,509.25,25
1719466725224,509.25,25
1719466725224,509.25,25
1719466725224,509.25,25
1719466725224,509.25,25
1719466725224,509.25,25
1719466725224,509.25,25
1719466725224,509.25,25
1719466725224,509.25,25
1719466725224,509.25,25
1719466725224,509.25,25
1719466725224,509.25,25
1719466725224,509.25,25
1719466725224,509.25,25
1719466725224,509.25,25
1719466725224,509.25,25
1719466725224,509.25,25
1719466725224,509.25,25
1719466725224,509.25,25
1719466725224,509.25,25
1719466725224,509.25,25
1719466725224,509.25,25
1719466725224,509.25,25
1719466725224,509.25,25
1719466725224,509.25,25
1719466725224,509.25,25
1719466725224,509.25,25
1719466725224,509.25,25
1719466725224,509.25,25
1719466725224,509.25,25
1719466725224,509.25,25
1719466725224,509.25,25
1719466725224,509.25,25
1719466800922,510.25,50
1719466800922,510.25,50
1719466800922,510.25,50
1719466804626,511.0,25
1719466804626,511.0,25
1719466804626,511.0,25
1719466804626,511.0,25
1719466804626,511.0,25
1719466804626,511.0,25
1719466804626,511.0,25
1719466804626,511.0,25
1719466804626,511.0,25
1719466804626,511.0,25
1719466804626,511.0,25
1719466804626,511.0,25
1719466804626,511.0,25
1719466804626,511.0,25
1719466804626,511.0,25
1719466804626,511.0,25
1719466804626,511.0,25
1719466804626,511.0,25
1719466804626,511.0,25
1719466804626,511.0,25
1719466835968,511.0,150
1719466835968,511.0,150
1719466835968,511.0,150
1719466835968,511.0,150
1719466835968,511.0,150
1719466835968,511.0,150
1719466835968,511.0,150
1719466835968,511.0,150
1719466835968,511.0,150
1719466835968,511.0,150
1719466835968,511.0,150
1719466835968,511.0,150
1719466835968,511.0,150
1719466855637,516.0,100
1719466855637,516.0,100
1719466855637,516.0,100
1719466855637,516.0,100
1719466855637,516.0,100
1719466855637,516.0,100
1719466855637,516.0,100
1719466855637,516.0,100
1719466855637,516.0,100
1719466855637,516.0,100
1719466855637,516.0,100
1719466855637,516.0,100
1719466855637,516.0,100
1719466855637,516.0,100
1719466855637,516.0,100
1719466855637,516.0,100
1719466855637,516.0,100
1719466855637,516.0,100
1719466855637,516.0,100
1719466855637,516.0,100
1719466855637,516.0,100
1719466855637,516.0,100
1719466855637,516.0,100
1719466855637,516.0,100
1719466855637,516.0,100
1719466855637,516.0,100
1719466855637,516.0,100
1719466855637,516.0,100
1719466855637,516.0,100
1719466855637,516.0,100
1719466855637,516.0,100
1719466855637,516.0,100
1719466855637,516.0,100
1719466855637,516.0,100
1719466855637,516.0,100
1719466855637,516.0,100
1719466855637,516.0,100
1719466855637,516.0,100
1719466855637,516.0,100
1719466855637,516.0,100
1719466855637,516.0,100
1719466855637,516.0,100
1719466855637,516.0,100
1719466855637,516.0,100
1719466855637,516.0,100
1719466855637,516.0,100
1719466929457,523.55,25
1719466929457,523.55,25
1719466929457,523.55,25
1719466929457,523.55,25
1719466929457,523.55,25
1719466929457,523.55,25
1719466929457,523.55,25
1719466929457,523.55,25
1719466929457,523.55,25
1719466929457,523.55,25
1719466944568,522.0,25
1719466944568,522.0,25
1719466944568,522.0,25
1719466944568,522.0,25
1719466944568,522.0,25
1719466944568,522.0,25
1719466944568,522.0,25
1719466944568,522.0,25
1719466944568,522.0,25
1719466944568,522.0,25
1719466944568,522.0,25
1719466944568,522.0,25
1719466944568,522.0,25
1719466944568,522.0,25
1719466944568,522.0,25
1719466944568,522.0,25
1719466944568,522.0,25
1719466944568,522.0,25
1719466944568,522.0,25
1719466944568,522.0,25
1719466944568,522.0,25
1719466944568,522.0,25
1719466944568,522.0,25
1719466944568,522.0,25
1719466944568,522.0,25
1719466944568,522.0,25
1719466984684,534.8,25
1719466984684,534.8,25
1719466984684,534.8,25
1719466984684,534.8,25
1719466984684,534.8,25
1719466984684,534.8,25
1719466984684,534.8,25
1719466984684,534.8,25
1719466984684,534.8,25
1719466984684,534.8,25
1719466984684,534.8,25
1719466984684,534.8,25
1719466984684,534.8,25
1719466984684,534.8,25
1719466984684,534.8,25
1719466984684,534.8,25
1719466984684,534.8,25
1719466984684,534.8,25
1719466984684,534.8,25
1719466984684,534.8,25
1719466984684,534.8,25
1719466984684,534.8,25
1719466984684,534.8,25
1719466984684,534.8,25
1719466984684,534.8,25
1719466984684,534.8,25
1719466984684,534.8,25
1719466984684,534.8,25
1719466984684,534.8,25
1719466984684,534.8,25
1719466984684,534.8,25
1719466984684,534.8,25
1719466984684,534.8,25
1719466984684,534.8,25
1719466984684,534.8,25
1719466984684,534.8,25
1719467042137,536.0,50
1719467042137,536.0,50
1719467042137,536.0,50
1719467042137,536.0,50
1719467042137,536.0,50
1719467042137,536.0,50
1719467042137,536.0,50
1719467042137,536.0,50
1719467042137,536.0,50
1719467042137,536.0,50
1719467042137,536.0,50
1719467042137,536.0,50
1719467042137,536.0,50
1719467042137,536.0,50
1719467042137,536.0,50
1719467042137,536.0,50
1719467042137,536.0,50
1719467042137,536.0,50
1719467042137,536.0,50
1719467042137,536.0,50
1719467042137,536.0,50
1719467042137,536.0,50
1719467042137,536.0,50
1719467042137,536.0,50
1719467042137,536.0,50
1719467042137,536.0,50
1719467042137,536.0,50
1719467042137,536.0,50
1719467042137,536.0,50
1719467042137,536.0,50
1719467042137,536.0,50
1719467042137,536.0,50
1719467042137,536.0,50
1719467042137,536.0,50
1719467042137,536.0,50
1719467042137,536.0,50
1719467042137,536.0,50
1719467042137,536.0,50
1719467042137,536.0,50
1719467042137,536.0,50
1719467042137,536.0,50
1719467042137,536.0,50
1719467042137,536.0,50
1719467042137,536.0,50
1719467042137,536.0,50
1719467042137,536.0,50
1719467042137,536.0,50
1719467042137,536.0,50
1719467042137,536.0,50
1719467042137,536.0,50
1719467042137,536.0,50
1719467042137,536.0,50
1719467042137,536.0,50
1719467042137,536.0,50
1719467042137,536.0,50
1719467042137,536.0,50
1719467042137,536.0,50
1719467042137,536.0,50
1719467042137,536.0,50
1719467042137,536.0,50
1719467042137,536.0,50
1719467042137,536.0,50
1719467042137,536.0,50
1719467042137,536.0,50
1719467042137,536.0,50
1719467042137,536.0,50
1719467042137,536.0,50
1719467042137,536.0,50
1719467042137,536.0,50
1719467042137,536.0,50
1719467042137,536.0,50
1719467042137,536.0,50
1719467042137,536.0,50
1719467042137,536.0,50
1719467042137,536.0,50
1719467042137,536.0,50
1719467042137,536.0,50
1719467042137,536.0,50
1719467042137,536.0,50
1719467042137,536.0,50
1719467042137,536.0,50
1719467042137,536.0,50
1719467042137,536.0,50
1719467042137,536.0,50
1719467042137,536.0,50
1719467042137,536.0,50
1719467042137,536.0,50
1719467042137,536.0,50
1719467042137,536.0,50
1719467042137,536.0,50
1719467042137,536.0,50
1719467042137,536.0,50
1719467187682,529.85,25
1719467187682,529.85,25
1719467187682,529.85,25
1719467187682,529.85,25
1719467187682,529.85,25
1719467187682,529.85,25
1719467187682,529.85,25
1719467187682,529.85,25
1719467187682,529.85,25
1719467187682,529.85,25
1719467187682,529.85,25
1719467187682,529.85,25
1719467187682,529.85,25
1719467187682,529.85,25
1719467187682,529.85,25
1719467187682,529.85,25
1719467187682,529.85,25
1719467187682,529.85,25
1719467187682,529.85,25
1719467187682,529.85,25
1719467187682,529.85,25
1719467187682,529.85,25
1719467187682,529.85,25
1719467187682,529.85,25
1719467187682,529.85,25
1719467187682,529.85,25
1719467187682,529.85,25
1719467187682,529.85,25
1719467187682,529.85,25
1719467187682,529.85,25
1719467187682,529.85,25
1719467187682,529.85,25
1719467187682,529.85,25
1719467187682,529.85,25
1719467187682,529.85,25
1719467187682,529.85,25
1719467187682,529.85,25
1719467187682,529.85,25
1719467187682,529.85,25
1719467187682,529.85,25
1719467187682,529.85,25
1719467187682,529.85,25
1719467187682,529.85,25
1719467187682,529.85,25
1719467187682,529.85,25
1719467187682,529.85,25
1719467187682,529.85,25
1719467187682,529.85,25
1719467187682,529.85,25
1719467187682,529.85,25
1719467187682,529.85,25
1719467187682,529.85,25
1719467187682,529.85,25
1719467187682,529.85,25
1719467187682,529.85,25
1719467187682,529.85,25
1719467187682,529.85,25
1719467187682,529.85,25
1719467187682,529.85,25
1719467187682,529.85,25
1719467187682,529.85,25
1719467187682,529.85,25
1719467187682,529.85,25
1719467187682,529.85,25
1719467187682,529.85,25
1719467187682,529.85,25
1719467187682,529.85,25
1719467187682,529.85,25
1719467187682,529.85,25
1719467187682,529.85,25
1719467187682,529.85,25
1719467187682,529.85,25
1719467187682,529.85,25
1719467187682,529.85,25
1719467187682,529.85,25
1719467187682,529.85,25
1719467187682,529.85,25
1719467187682,529.85,25
1719467187682,529.85,25
1719467187682,529.85,25
1719467187682,529.85,25
1719467187682,529.85,25
1719467187682,529.85,25
1719467187682,529.85,25
1719467187682,529.85,25
1719467187682,529.85,25
1719467187682,529.85,25
1719467187682,529.85,25
1719467187682,529.85,25
1719467187682,529.85,25
1719467187682,529.85,25
1719467187682,529.85,25
1719467187682,529.85,25
1719467187682,529.85,25
1719467187682,529.85,25
1719467187682,529.85,25
1719467187682,529.85,25
1719467187682,529.85,25
1719467187682,529.85,25
1719467187682,529.85,25
1719467187682,529.85,25
1719467187682,529.85,25
1719467187682,529.85,25
1719467187682,529.85,25
1719467187682,529.85,25
1719467187682,529.85,25
1719467187682,529.85,25
1719467187682,529.85,25
1719467187682,529.85,25
1719467187682,529.85,25
1719467187682,529.85,25
1719467187682,529.85,25
1719467187682,529.85,25
1719467187682,529.85,25
1719467187682,529.85,25
1719467187682,529.85,25
1719467187682,529.85,25
1719467187682,529.85,25
1719467187682,529.85,25
1719467187682,529.85,25
1719467187682,529.85,25
1719467187682,529.85,25
1719467187682,529.85,25
1719467187682,529.85,25
1719467187682,529.85,25
1719467187682,529.85,25
1719467187682,529.85,25
1719467187682,529.85,25
1719467187682,529.85,25
1719467187682,529.85,25
1719467187682,529.85,25
1719467187682,529.85,25
1719467187682,529.85,25
1719467187682,529.85,25
1719467187682,529.85,25
1719467187682,529.85,25
1719467187682,529.85,25
1719467187682,529.85,25
1719467187682,529.85,25
1719467187682,529.85,25
1719467187682,529.85,25
1719467187682,529.85,25
1719467187682,529.85,25
1719467187682,529.85,25
1719467187682,529.85,25
1719467187682,529.85,25
1719467187682,529.85,25
1719467187682,529.85,25
1719467187682,529.85,25
1719467187682,529.85,25
1719467187682,529.85,25
1719467187682,529.85,25
1719467187682,529.85,25
1719467187682,529.85,25
1719467187682,529.85,25
1719467187682,529.85,25
1719467187682,529.85,25
1719467187682,529.85,25
1719467187682,529.85,25
1719467187682,529.85,25
1719467187682,529.85,25
1719467187682,529.85,25
1719467187682,529.85,25
1719467187682,529.85,25
1719467187682,529.85,25
1719467187682,529.85,25
1719467187682,529.85,25
1719467187682,529.85,25
1719467187682,529.85,25
1719467187682,529.85,25
1719467187682,529.85,25
1719467187682,529.85,25
1719467187682,529.85,25
1719467187682,529.85,25
1719467187682,529.85,25
1719467187682,529.85,25
1719467187682,529.85,25
1719467187682,529.85,25
1719467187682,529.85,25
1719467187682,529.85,25
1719467187682,529.85,25
1719467187682,529.85,25
1719467187682,529.85,25
1719467187682,529.85,25
1719467187682,529.85,25
1719467187682,529.85,25
1719467187682,529.85,25
1719467187682,529.85,25
1719467187682,529.85,25
1719467187682,529.85,25
1719467187682,529.85,25
1719467187682,529.85,25
1719467187682,529.85,25
1719467187682,529.85,25
1719467187682,529.85,25
1719467187682,529.85,25
1719467187682,529.85,25
1719467187682,529.85,25
1719467187682,529.85,25
1719467187682,529.85,25
1719467187682,529.85,25
1719467187682,529.85,25
1719467187682,529.85,25
1719467187682,529.85,25
1719467187682,529.85,25
1719467187682,529.85,25
1719467187682,529.85,25
1719467187682,529.85,25
1719467659079,534.25,25
1719467659079,534.25,25
1719467659079,534.25,25
1719467659079,534.25,25
1719467659079,534.25,25
1719467659079,534.25,25
1719467659079,534.25,25
1719467659079,534.25,25
1719467659079,534.25,25
1719467659079,534.25,25
1719467659079,534.25,25
1719467659079,534.25,25
1719467659079,534.25,25
1719467659079,534.25,25
1719467659079,534.25,25
1719467659079,534.25,25
1719467659079,534.25,25
1719467659079,534.25,25
1719467659079,534.25,25
1719467659079,534.25,25
1719467659079,534.25,25
1719467659079,534.25,25
1719467659079,534.25,25
1719467659079,534.25,25
1719467659079,534.25,25
1719467659079,534.25,25
1719467659079,534.25,25
1719467659079,534.25,25
1719467659079,534.25,25
1719467659079,534.25,25
1719467659079,534.25,25
1719467659079,534.25,25
1719467659079,534.25,25
1719467911807,532.65,50
1719467911807,532.65,50
1719467911807,532.65,50
1719467911807,532.65,50
1719467911807,532.65,50
1719467911807,532.65,50
1719467911807,532.65,50
1719467911807,532.65,50
1719467911807,532.65,50
1719467911807,532.65,50
1719467911807,532.65,50
1719467911807,532.65,50
1719467911807,532.65,50
1719467911807,532.65,50
1719467911807,532.65,50
1719467911807,532.65,50
1719467911807,532.65,50
1719467911807,532.65,50
1719467911807,532.65,50
1719467911807,532.65,50
1719467911807,532.65,50
1719468126792,543.45,25
1719468126792,543.45,25
1719468126792,543.45,25
1719468126792,543.45,25
1719468126792,543.45,25
1719468126792,543.45,25
1719468126792,543.45,25
1719468126792,543.45,25
1719468126792,543.45,25
1719468126792,543.45,25
1719468126792,543.45,25
1719468126792,543.45,25
1719468126792,543.45,25
1719468126792,543.45,25
1719468126792,543.45,25
1719468126792,543.45,25
1719468126792,543.45,25
1719468126792,543.45,25
1719468126792,543.45,25
1719468126792,543.45,25
1719468126792,543.45,25
1719468126792,543.45,25
1719468126792,543.45,25
1719468126792,543.45,25
1719468126792,543.45,25
1719468126792,543.45,25
1719468126792,543.45,25
1719468126792,543.45,25
1719468126792,543.45,25
1719468126792,543.45,25
1719468126792,543.45,25
1719468126792,543.45,25
1719468126792,543.45,25
1719468126792,543.45,25
1719468126792,543.45,25
1719468126792,543.45,25
1719468126792,543.45,25
1719468126792,543.45,25
1719468126792,543.45,25
1719468126792,543.45,25
1719468126792,543.45,25
1719468126792,543.45,25
1719468126792,543.45,25
1719468126792,543.45,25
1719468126792,543.45,25
1719468126792,543.45,25
1719468126792,543.45,25
1719468126792,543.45,25
1719468126792,543.45,25
1719468126792,543.45,25
1719468126792,543.45,25
1719468126792,543.45,25
1719468126792,543.45,25
1719468126792,543.45,25
1719468126792,543.45,25
1719468126792,543.45,25
1719468126792,543.45,25
1719468126792,543.45,25
1719468126792,543.45,25
1719468126792,543.45,25
1719468126792,543.45,25
1719468126792,543.45,25
1719468126792,543.45,25
1719468126792,543.45,25
1719468126792,543.45,25
1719468126792,543.45,25
1719468126792,543.45,25
1719468126792,543.45,25
1719468126792,543.45,25
1719468126792,543.45,25
1719468126792,543.45,25
1719468126792,543.45,25
1719468126792,543.45,25
1719468126792,543.45,25
1719468126792,543.45,25
1719468126792,543.45,25
1719468126792,543.45,25
1719468126792,543.45,25
1719468126792,543.45,25
1719468126792,543.45,25
1719468126792,543.45,25
1719468126792,543.45,25
1719468126792,543.45,25
1719468126792,543.45,25
1719468126792,543.45,25
1719468126792,543.45,25
1719468126792,543.45,25
1719468126792,543.45,25
1719468126792,543.45,25
1719468126792,543.45,25
1719468126792,543.45,25
1719468126792,543.45,25
1719468126792,543.45,25
1719468126792,543.45,25
1719468126792,543.45,25
1719468126792,543.45,25
1719468126792,543.45,25
1719468126792,543.45,25
1719468126792,543.45,25
1719468126792,543.45,25
1719468126792,543.45,25
1719468126792,543.45,25
1719468126792,543.45,25
1719468126792,543.45,25
1719468126792,543.45,25
1719468126792,543.45,25
1719468126792,543.45,25
1719468126792,543.45,25
1719468126792,543.45,25
1719468126792,543.45,25
1719468126792,543.45,25
1719468126792,543.45,25
1719468126792,543.45,25
1719468126792,543.45,25
1719468126792,543.45,25
1719468126792,543.45,25
1719468126792,543.45,25
1719468126792,543.45,25
1719468126792,543.45,25
1719468126792,543.45,25
1719468126792,543.45,25
1719468126792,543.45,25
1719468126792,543.45,25
1719468126792,543.45,25
1719468126792,543.45,25
1719468126792,543.45,25
1719468126792,543.45,25
1719468126792,543.45,25
1719468126792,543.45,25
1719468126792,543.45,25
1719468126792,543.45,25
1719468126792,543.45,25
1719468126792,543.45,25
1719468126792,543.45,25
1719468126792,543.45,25
1719468126792,543.45,25
1719468126792,543.45,25
1719468126792,543.45,25
1719468126792,543.45,25
1719468126792,543.45,25
1719468126792,543.45,25
1719468126792,543.45,25
1719468126792,543.45,25
1719468126792,543.45,25
1719468126792,543.45,25
1719468126792,543.45,25
1719468126792,543.45,25
1719468126792,543.45,25
1719468126792,543.45,25
1719468126792,543.45,25
1719468126792,543.45,25
1719468126792,543.45,25
1719468126792,543.45,25
1719468126792,543.45,25
1719468126792,543.45,25
1719468126792,543.45,25
1719468126792,543.45,25
1719468126792,543.45,25
1719468126792,543.45,25
1719468126792,543.45,25
1719468126792,543.45,25
1719468126792,543.45,25
1719468126792,543.45,25
1719468126792,543.45,25
1719468126792,543.45,25
1719468126792,543.45,25
1719468126792,543.45,25
1719468126792,543.45,25
1719468126792,543.45,25
1719468126792,543.45,25
1719468126792,543.45,25
1719468126792,543.45,25
1719468703607,542.45,25
1719468703607,542.45,25
1719468703607,542.45,25
1719468703607,542.45,25
1719468703607,542.45,25
1719468703607,542.45,25
1719468703607,542.45,25
1719468703607,542.45,25
1719468703607,542.45,25
1719468703607,542.45,25
1719468703607,542.45,25
1719468703607,542.45,25
1719468703607,542.45,25
1719468703607,542.45,25
1719468703607,542.45,25
1719468703607,542.45,25
1719468703607,542.45,25
1719468703607,542.45,25
1719468703607,542.45,25
1719468703607,542.45,25
1719468703607,542.45,25
1719468703607,542.45,25
1719468703607,542.45,25
1719468703607,542.45,25
1719468703607,542.45,25
1719468703607,542.45,25
1719468703607,542.45,25
1719468703607,542.45,25
1719468703607,542.45,25
1719468703607,542.45,25
1719469531336,546.9,75
1719469531336,546.9,75
1719469531336,546.9,75
1719469531336,546.9,75
1719469531336,546.9,75
1719469531336,546.9,75
1719469531336,546.9,75
1719469531336,546.9,75
1719469531336,546.9,75
1719469531336,546.9,75
1719469531336,546.9,75
1719469531336,546.9,75
1719469531336,546.9,75
1719469531336,546.9,75
1719469531336,546.9,75
1719469531336,546.9,75
1719469531336,546.9,75
1719469531336,546.9,75
1719469863423,570.8,75
1719469863423,570.8,75
1719469863423,570.8,75
1719469863423,570.8,75
1719469863423,570.8,75
1719469863423,570.8,75
1719469863423,570.8,75
1719469863423,570.8,75
1719469863423,570.8,75
1719469863423,570.8,75
1719469863423,570.8,75
1719469863423,570.8,75
1719469863423,570.8,75
1719469863423,570.8,75
1719469863423,570.8,75
1719469863423,570.8,75
1719469863423,570.8,75
1719469863423,570.8,75
1719469863423,570.8,75
1719469863423,570.8,75
1719469863423,570.8,75
1719469863423,570.8,75
1719469863423,570.8,75
1719469863423,570.8,75
1719469863423,570.8,75
1719469863423,570.8,75
1719469863423,570.8,75
1719469863423,570.8,75
1719469863423,570.8,75
1719469863423,570.8,75
1719469863423,570.8,75
1719469863423,570.8,75
1719469863423,570.8,75
1719469863423,570.8,75
1719469863423,570.8,75
1719469863423,570.8,75
1719469863423,570.8,75
1719469863423,570.8,75
1719469863423,570.8,75
1719469863423,570.8,75
1719469863423,570.8,75
1719469863423,570.8,75
1719469863423,570.8,75
1719469863423,570.8,75
1719470024031,570.0,25
1719470024031,570.0,25
1719470024031,570.0,25
1719470024031,570.0,25
1719470024031,570.0,25
1719470024031,570.0,25
1719470024031,570.0,25
1719470024031,570.0,25
1719470024031,570.0,25
1719470024031,570.0,25
1719470024031,570.0,25
1719470024031,570.0,25
1719470024031,570.0,25
1719470024031,570.0,25
1719470042681,567.6,50
1719470042681,567.6,50
1719470042681,567.6,50
1719470042681,567.6,50
1719470042681,567.6,50
1719470042681,567.6,50
1719470042681,567.6,50
1719470042681,567.6,50
1719470042681,567.6,50
1719470042681,567.6,50
1719470042681,567.6,50
1719470042681,567.6,50
1719470042681,567.6,50
1719470042681,567.6,50
1719470042681,567.6,50
1719470042681,567.6,50
1719470042681,567.6,50
1719470067994,563.85,50
1719470067994,563.85,50
1719470067994,563.85,50
1719470067994,563.85,50
1719470067994,563.85,50
1719470073937,568.95,25
1719470073937,568.95,25
1719470073937,568.95,25
1719470073937,568.95,25
1719470073937,568.95,25
1719470073937,568.95,25
1719470073937,568.95,25
1719470073937,568.95,25
1719470073937,568.95,25
1719470073937,568.95,25
1719470073937,568.95,25
1719470073937,568.95,25
1719470073937,568.95,25
1719470073937,568.95,25
1719470073937,568.95,25
1719470073937,568.95,25
1719470073937,568.95,25
1719470073937,568.95,25
1719470073937,568.95,25
1719470073937,568.95,25
1719470073937,568.95,25
1719470073937,568.95,25
1719470073937,568.95,25
1719470073937,568.95,25
1719470073937,568.95,25
1719470073937,568.95,25
1719470073937,568.95,25
1719470073937,568.95,25
1719470073937,568.95,25
1719470073937,568.95,25
1719470073937,568.95,25
1719470073937,568.95,25
1719470073937,568.95,25
1719470073937,568.95,25
1719470238942,562.85,50
1719470238942,562.85,50
1719470238942,562.85,50
1719470238942,562.85,50
1719470238942,562.85,50
1719470238942,562.85,50
1719470238942,562.85,50
1719470238942,562.85,50
1719470238942,562.85,50
1719470238942,562.85,50
1719470238942,562.85,50
1719470238942,562.85,50
1719470238942,562.85,50
1719470238942,562.85,50
1719470238942,562.85,50
1719470238942,562.85,50
1719470238942,562.85,50
1719470238942,562.85,50
1719470238942,562.85,50
1719470238942,562.85,50
1719470238942,562.85,50
1719470238942,562.85,50
1719470238942,562.85,50
1719470238942,562.85,50
1719470238942,562.85,50
1719470238942,562.85,50
1719470238942,562.85,50
1719470238942,562.85,50
1719470238942,562.85,50
1719470238942,562.85,50
1719470238942,562.85,50
1719470238942,562.85,50
1719470238942,562.85,50
1719470238942,562.85,50
1719470238942,562.85,50
1719470238942,562.85,50
1719470238942,562.85,50
1719470238942,562.85,50
1719470238942,562.85,50
1719470238942,562.85,50
1719470238942,562.85,50
1719470238942,562.85,50
1719470238942,562.85,50
1719470238942,562.85,50
1719470238942,562.85,50
1719470238942,562.85,50
1719470238942,562.85,50
1719470238942,562.85,50
1719470238942,562.85,50
1719470238942,562.85,50
1719470238942,562.85,50
1719470238942,562.85,50
1719470238942,562.85,50
1719470345487,559.85,50
1719470345487,559.85,50
1719470345487,559.85,50
1719470345487,559.85,50
1719470345487,559.85,50
1719470345487,559.85,50
1719470345487,559.85,50
1719470345487,559.85,50
1719470345487,559.85,50
1719470345487,559.85,50
1719470345487,559.85,50
1719470345487,559.85,50
1719470345487,559.85,50
1719470345487,559.85,50
1719470345487,559.85,50
1719470345487,559.85,50
1719470345487,559.85,50
1719470345487,559.85,50
1719470345487,559.85,50
1719470345487,559.85,50
1719470345487,559.85,50
1719470345487,559.85,50
1719470345487,559.85,50
1719470345487,559.85,50
1719470384652,555.75,50
1719470384908,556.0,50
1719470384908,556.0,50
1719470384908,556.0,50
1719470384908,556.0,50
1719470384908,556.0,50
1719470384908,556.0,50
1719470384908,556.0,50
1719470384908,556.0,50
1719470384908,556.0,50
1719470397393,558.15,25
1719470397393,558.15,25
1719470397393,558.15,25
1719470397393,558.15,25
1719470397393,558.15,25
1719470397393,558.15,25
1719470397393,558.15,25
1719470397393,558.15,25
1719470397393,558.15,25
1719470397393,558.15,25
1719470397393,558.15,25
1719470397393,558.15,25
1719470397393,558.15,25
1719470397393,558.15,25
1719470397393,558.15,25
1719470397393,558.15,25
1719470397393,558.15,25
1719470397393,558.15,25
1719470397393,558.15,25
1719470397393,558.15,25
1719470397393,558.15,25
1719470397393,558.15,25
1719470397393,558.15,25
1719470397393,558.15,25
1719470397393,558.15,25
1719470397393,558.15,25
1719470397393,558.15,25
1719470397393,558.15,25
1719470397393,558.15,25
1719470397393,558.15,25
1719470397393,558.15,25
1719470397393,558.15,25
1719470397393,558.15,25
1719470397393,558.15,25
1719470397393,558.15,25
1719470397393,558.15,25
1719470397393,558.15,25
1719470397393,558.15,25
1719470397393,558.15,25
1719470397393,558.15,25
1719470397393,558.15,25
1719470397393,558.15,25
1719470397393,558.15,25
1719470397393,558.15,25
1719470397393,558.15,25
1719470397393,558.15,25
1719470397393,558.15,25
1719470397393,558.15,25
1719470397393,558.15,25
1719470397393,558.15,25
1719470397393,558.15,25
1719470397393,558.15,25
1719470397393,558.15,25
1719470397393,558.15,25
1719470397393,558.15,25
1719470397393,558.15,25
1719470397393,558.15,25
1719470397393,558.15,25
1719470397393,558.15,25
1719470397393,558.15,25
1719470397393,558.15,25
1719470397393,558.15,25
1719470397393,558.15,25
1719470397393,558.15,25
1719470397393,558.15,25
1719470397393,558.15,25
1719470397393,558.15,25
1719470397393,558.15,25
1719470397393,558.15,25
1719470511368,567.5,50
1719470511368,567.5,50
1719470511368,567.5,50
1719470511368,567.5,50
1719470511368,567.5,50
1719470511368,567.5,50
1719470511368,567.5,50
1719470511368,567.5,50
1719470511368,567.5,50
1719470511368,567.5,50
1719470511368,567.5,50
1719470511368,567.5,50
1719470511368,567.5,50
1719470529770,575.8,50
1719470529770,575.8,50
1719470529770,575.8,50
1719470529770,575.8,50
1719470529770,575.8,50
1719470529770,575.8,50
1719470539870,575.1,25
1719470539870,575.1,25
1719470539870,575.1,25
1719470539870,575.1,25
1719470539870,575.1,25
1719470539870,575.1,25
1719470539870,575.1,25
1719470539870,575.1,25
1719470539870,575.1,25
1719470539870,575.1,25
1719470539870,575.1,25
1719470539870,575.1,25
1719470539870,575.1,25
1719470539870,575.1,25
1719470539870,575.1,25
1719470539870,575.1,25
1719470539870,575.1,25
1719470539870,575.1,25
1719470539870,575.1,25
1719470539870,575.1,25
1719470539870,575.1,25
1719470539870,575.1,25
1719470539870,575.1,25
1719470575392,588.0,50
1719470575392,588.0,50
1719470575392,588.0,50
1719470575392,588.0,50
1719470575392,588.0,50
1719470575392,588.0,50
1719470575392,588.0,50
1719470583990,587.75,50
1719470583990,587.75,50
1719470583990,587.75,50
1719470583990,587.75,50
1719470588142,591.15,50
1719470588142,591.15,50
1719470588142,591.15,50
1719470588142,591.15,50
1719470588142,591.15,50
1719470595348,588.05,50
1719470595348,588.05,50
1719470595348,588.05,50
1719470595348,588.05,50
1719470595348,588.05,50
1719470595348,588.05,50
1719470595348,588.05,50
1719470607170,596.3,100
1719470607170,596.3,100
1719470607170,596.3,100
1719470607170,596.3,100
1719470607170,596.3,100
1719470607170,596.3,100
1719470607170,596.3,100
1719470607170,596.3,100
1719470607170,596.3,100
1719470607170,596.3,100
1719470763088,597.45,50
1719470763088,597.45,50
1719470763088,597.45,50
1719470763088,597.45,50
1719470763088,597.45,50
1719470763088,597.45,50
1719470763088,597.45,50
1719470763088,597.45,50
1719470763088,597.45,50
1719470763088,597.45,50
1719470763088,597.45,50
1719470763088,597.45,50
1719470763088,597.45,50
1719470763088,597.45,50
1719470763088,597.45,50
1719470763088,597.45,50
1719470763088,597.45,50
1719470763088,597.45,50
1719470763088,597.45,50
1719470763088,597.45,50
1719470763088,597.45,50
1719470763088,597.45,50
1719470763088,597.45,50
1719470763088,597.45,50
1719470763088,597.45,50
1719470763088,597.45,50
1719470763088,597.45,50
1719470763088,597.45,50
1719470763088,597.45,50
1719470763088,597.45,50
1719470763088,597.45,50
1719470763088,597.45,50
1719470763088,597.45,50
1719470763088,597.45,50
1719470763088,597.45,50
1719470763088,597.45,50
1719470763088,597.45,50
1719470763088,597.45,50
1719470763088,597.45,50
1719470763088,597.45,50
1719470763088,597.45,50
1719470763088,597.45,50
1719470763088,597.45,50
1719470763088,597.45,50
1719470763088,597.45,50
1719470763088,597.45,50
1719470763088,597.45,50
1719470763088,597.45,50
1719470763088,597.45,50
1719470763088,597.45,50
1719470763088,597.45,50
1719470763088,597.45,50
1719470763088,597.45,50
1719470763088,597.45,50
1719470763088,597.45,50
1719470763088,597.45,50
1719470763088,597.45,50
1719470763088,597.45,50
1719470763088,597.45,50
1719470763088,597.45,50
1719470763088,597.45,50
1719470763088,597.45,50
1719470763088,597.45,50
1719470763088,597.45,50
1719470763088,597.45,50
1719470763088,597.45,50
1719470763088,597.45,50
1719470763088,597.45,50
1719470763088,597.45,50
1719470763088,597.45,50
1719470763088,597.45,50
1719470763088,597.45,50
1719470763088,597.45,50
1719470763088,597.45,50
1719470763088,597.45,50
1719470763088,597.45,50
1719470763088,597.45,50
1719470763088,597.45,50
1719470763088,597.45,50
1719470763088,597.45,50
1719470763088,597.45,50
1719470763088,597.45,50
1719470763088,597.45,50
1719470763088,597.45,50
1719470763088,597.45,50
1719470763088,597.45,50
1719470763088,597.45,50
1719470763088,597.45,50
1719470763088,597.45,50
1719470763088,597.45,50
1719470763088,597.45,50
1719470763088,597.45,50
1719470763088,597.45,50
1719470763088,597.45,50
1719470763088,597.45,50
1719470763088,597.45,50
1719470763088,597.45,50
1719470763088,597.45,50
1719470763088,597.45,50
1719470763088,597.45,50
1719470763088,597.45,50
1719470763088,597.45,50
1719470763088,597.45,50
1719470763088,597.45,50
1719470763088,597.45,50
1719470763088,597.45,50
1719470763088,597.45,50
1719470763088,597.45,50
1719470763088,597.45,50
1719470981864,589.7,25
1719470981864,589.7,25
1719470981864,589.7,25
1719470981864,589.7,25
1719470981864,589.7,25
1719470981864,589.7,25
1719470981864,589.7,25
1719470981864,589.7,25
1719470981864,589.7,25
1719470981864,589.7,25
1719470981864,589.7,25
1719470981864,589.7,25
1719470981864,589.7,25
1719470981864,589.7,25
1719470981864,589.7,25
1719471002348,598.5,50
1719471002348,598.5,50
1719471002348,598.5,50
1719471002348,598.5,50
1719471002348,598.5,50
1719471002348,598.5,50
1719471002348,598.5,50
1719471002348,598.5,50
1719471002348,598.5,50
1719471002348,598.5,50
1719471002348,598.5,50
1719471002348,598.5,50
1719471002348,598.5,50
1719471002348,598.5,50
1719471002348,598.5,50
1719471002348,598.5,50
1719471002348,598.5,50
1719471002348,598.5,50
1719471002348,598.5,50
1719471002348,598.5,50
1719471002348,598.5,50
1719471002348,598.5,50
1719471002348,598.5,50
1719471002348,598.5,50
1719471002348,598.5,50
1719471002348,598.5,50
1719471002348,598.5,50
1719471002348,598.5,50
1719471002348,598.5,50
1719471002348,598.5,50
1719471002348,598.5,50
1719471002348,598.5,50
1719471002348,598.5,50
1719471002348,598.5,50
1719471002348,598.5,50
1719471002348,598.5,50
1719471002348,598.5,50
1719471002348,598.5,50
1719471002348,598.5,50
1719471002348,598.5,50
1719471002348,598.5,50
1719471002348,598.5,50
1719471002348,598.5,50
1719471069130,593.55,50
1719471069130,593.55,50
1719471069130,593.55,50
1719471069130,593.55,50
1719471069130,593.55,50
1719471069130,593.55,50
1719471069130,593.55,50
1719471069130,593.55,50
1719471069130,593.55,50
1719471069130,593.55,50
1719471069130,593.55,50
1719471069130,593.55,50
1719471069130,593.55,50
1719471069130,593.55,50
1719471069130,593.55,50
1719471069130,593.55,50
1719471069130,593.55,50
1719471069130,593.55,50
1719471069130,593.55,50
1719471069130,593.55,50
1719471069130,593.55,50
1719471101660,588.75,75
1719471101660,588.75,75
1719471101660,588.75,75
1719471101660,588.75,75
1719471101660,588.75,75
1719471101660,588.75,75
1719471101660,588.75,75
1719471101660,588.75,75
1719471101660,588.75,75
1719471101660,588.75,75
1719471117018,591.0,50
1719471117018,591.0,50
1719471117018,591.0,50
1719471117018,591.0,50
1719471117018,591.0,50
1719471117018,591.0,50
1719471117018,591.0,50
1719471117018,591.0,50
1719471117018,591.0,50
1719471117018,591.0,50
1719471117018,591.0,50
1719471117018,591.0,50
1719471117018,591.0,50
1719471117018,591.0,50
1719471117018,591.0,50
1719471117018,591.0,50
1719471117018,591.0,50
1719471117018,591.0,50
1719471117018,591.0,50
1719471117018,591.0,50
1719471117018,591.0,50
1719471117018,591.0,50
1719471150044,587.3,50
1719471150249,586.8,50
1719471150249,586.8,50
1719471150249,586.8,50
1719471150249,586.8,50
1719471150249,586.8,50
1719471150249,586.8,50
1719471150249,586.8,50
1719471150249,586.8,50
1719471150249,586.8,50
1719471150249,586.8,50
1719471150249,586.8,50
1719471150249,586.8,50
1719471150249,586.8,50
1719471150249,586.8,50
1719471150249,586.8,50
1719471150249,586.8,50
1719471150249,586.8,50
1719471150249,586.8,50
1719471150249,586.8,50
1719471150249,586.8,50
1719471150249,586.8,50
1719471150249,586.8,50
1719471150249,586.8,50
1719471150249,586.8,50
1719471150249,586.8,50
1719471150249,586.8,50
1719471150249,586.8,50
1719471150249,586.8,50
1719471150249,586.8,50
1719471150249,586.8,50
1719471150249,586.8,50
1719471150249,586.8,50
1719471150249,586.8,50
1719471150249,586.8,50
1719471150249,586.8,50
1719471150249,586.8,50
1719471150249,586.8,50
1719471150249,586.8,50
1719471150249,586.8,50
1719471150249,586.8,50
1719471150249,586.8,50
1719471150249,586.8,50
1719471150249,586.8,50
1719471150249,586.8,50
1719471150249,586.8,50
1719471150249,586.8,50
1719471150249,586.8,50
1719471150249,586.8,50
1719471150249,586.8,50
1719471150249,586.8,50
1719471150249,586.8,50
1719471150249,586.8,50
1719471150249,586.8,50
1719471150249,586.8,50
1719471281573,598.05,50
1719471281573,598.05,50
1719471281573,598.05,50
1719471281573,598.05,50
1719471281573,598.05,50
1719471281573,598.05,50
1719471281573,598.05,50
1719471281573,598.05,50
1719471281573,598.05,50
1719471281573,598.05,50
1719471281573,598.05,50
1719471281573,598.05,50
1719471281573,598.05,50
1719471281573,598.05,50
1719471281573,598.05,50
1719471281573,598.05,50
1719471281573,598.05,50
1719471281573,598.05,50
1719471281573,598.05,50
1719471281573,598.05,50
1719471281573,598.05,50
1719471281573,598.05,50
1719471281573,598.05,50
1719471281573,598.05,50
1719471281573,598.05,50
1719471281573,598.05,50
1719471281573,598.05,50
1719471281573,598.05,50
1719471281573,598.05,50
1719471281573,598.05,50
1719471281573,598.05,50
1719471281573,598.05,50
1719471281573,598.05,50
1719471281573,598.05,50
1719471281573,598.05,50
1719471281573,598.05,50
1719471281573,598.05,50
1719471281573,598.05,50
1719471281573,598.05,50
1719471281573,598.05,50
1719471281573,598.05,50
1719471281573,598.05,50
1719471281573,598.05,50
1719471467187,585.3,50
1719471467999,583.65,25
1719471467999,583.65,25
1719471467999,583.65,25
1719471471954,581.25,50
1719471471954,581.25,50
1719471471954,581.25,50
1719471471954,581.25,50
1719471471954,581.25,50
1719471471954,581.25,50
1719471471954,581.25,50
1719471481056,582.3,50
1719471481056,582.3,50
1719471482920,579.95,50
1719471482920,579.95,50
1719471484113,579.85,50
1719471484113,579.85,50
1719471484113,579.85,50
1719471484113,579.85,50
1719471489626,583.55,50
1719471489626,583.55,50
1719471489626,583.55,50
1719471489626,583.55,50
1719471489626,583.55,50
1719471496542,585.35,50
1719471497833,582.35,50
1719471497833,582.35,50
1719471500493,576.2,50
1719471500493,576.2,50
1719471500493,576.2,50
1719471500493,576.2,50
1719471500493,576.2,50
1719471500493,576.2,50
1719471500493,576.2,50
1719471500493,576.2,50
1719471500493,576.2,50
1719471500493,576.2,50
1719471500493,576.2,50
1719471500493,576.2,50
1719471500493,576.2,50
1719471500493,576.2,50
1719471500493,576.2,50
1719471500493,576.2,50
1719471500493,576.2,50
1719471500493,576.2,50
1719471500493,576.2,50
1719471500493,576.2,50
1719471500493,576.2,50
1719471500493,576.2,50
1719471500493,576.2,50
1719471500493,576.2,50
1719471500493,576.2,50
1719471500493,576.2,50
1719471541290,584.1,50
1719471541290,584.1,50
1719471542982,583.7,50
1719471542982,583.7,50
1719471542982,583.7,50
1719471542982,583.7,50
1719471542982,583.7,50
1719471542982,583.7,50
1719471542982,583.7,50
1719471542982,583.7,50
1719471542982,583.7,50
1719471542982,583.7,50
1719471559042,583.75,50
1719471559042,583.75,50
1719471559042,583.75,50
1719471559042,583.75,50
1719471559042,583.75,50
1719471559042,583.75,50
1719471559042,583.75,50
1719471559042,583.75,50
1719471559042,583.75,50
1719471572343,584.2,50
1719471573060,581.85,50
1719471573060,581.85,50
1719471573060,581.85,50
1719471576782,584.7,50
1719471577032,583.6,50
1719471577032,583.6,50
1719471577032,583.6,50
1719471577032,583.6,50
1719471581084,582.45,75
1719471581084,582.45,75
1719471583400,584.4,50
1719471583400,584.4,50
1719471583400,584.4,50
1719471583400,584.4,50
1719471583400,584.4,50
1719471583400,584.4,50
1719471583400,584.4,50
1719471583400,584.4,50
1719471583400,584.4,50
1719471583400,584.4,50
1719471583400,584.4,50
1719471583400,584.4,50
1719471583400,584.4,50
1719471583400,584.4,50
1719471583400,584.4,50
1719471583400,584.4,50
1719471583400,584.4,50
1719471583400,584.4,50
1719471583400,584.4,50
1719471583400,584.4,50
1719471583400,584.4,50
1719471583400,584.4,50
1719471583400,584.4,50
1719471583400,584.4,50
1719471620685,584.65,50
1719471620685,584.65,50
1719471620685,584.65,50
1719471620685,584.65,50
1719471620685,584.65,50
1719471620685,584.65,50
1719471620685,584.65,50
1719471620685,584.65,50
1719471631087,583.1,50
1719471631087,583.1,50
1719471631087,583.1,50
1719471631087,583.1,50
1719471631087,583.1,50
1719471637959,582.95,50
1719471637959,582.95,50
1719471637959,582.95,50
1719471637959,582.95,50
1719471637959,582.95,50
1719471637959,582.95,50
1719471637959,582.95,50
1719471637959,582.95,50
1719471637959,582.95,50
1719471637959,582.95,50
1719471637959,582.95,50
1719471637959,582.95,50
1719471656645,585.35,50
1719471656645,585.35,50
1719471656645,585.35,50
1719471656645,585.35,50
1719471656645,585.35,50
1719471656645,585.35,50
1719471656645,585.35,50
1719471656645,585.35,50
1719471656645,585.35,50
1719471656645,585.35,50
1719471656645,585.35,50
1719471672043,587.4,50
1719471672043,587.4,50
1719471672043,587.4,50
1719471672043,587.4,50
1719471672043,587.4,50
1719471679638,588.1,200
1719471679638,588.1,200
1719471679638,588.1,200
1719471679638,588.1,200
1719471679638,588.1,200
1719471679638,588.1,200
1719471679638,588.1,200
1719471679638,588.1,200
1719471679638,588.1,200
1719471679638,588.1,200
1719471679638,588.1,200
