time,price,volume
1719461503699,43.5,75
1719461503971,43.6,25
1719461504705,43.4,250
1719461505168,43.05,25
1719461505378,43.15,25
1719461505698,43.05,200
1719461506374,43.45,25
1719461506698,43.55,50
1719461507767,43.05,125
1719461507863,43.05,200
1719461508700,42.85,25
1719461508971,43.05,50
1719461509706,42.7,25
1719461510176,42.9,25
1719461510707,43.4,100
1719461511179,43.0,25
1719461511385,42.9,25
1719461511910,42.25,250
1719461512384,42.5,200
1719461512729,43.15,25
1719461513584,42.75,25
1719461513701,42.9,175
1719461514583,42.25,25
1719461514714,42.55,50
1719461515998,41.5,175
1719461516713,40.8,200
1719461516997,41.2,375
1719461517692,41.75,25
1719461518186,42.35,250
1719461518902,43.1,150
1719461519214,42.95,75
1719461519701,42.85,25
1719461520079,42.65,225
1719461520200,42.5,25
1719461520692,42.8,25
1719461521184,42.45,200
1719461521900,42.9,25
1719461522189,43.0,25
1719461522373,43.05,75
1719461522680,43.25,25
1719461523401,42.7,25
1719461524392,43.8,25
1719461524910,43.3,50
1719461525406,43.25,50
1719461525702,43.25,75
1719461526597,43.85,50
1719461526705,43.95,50
1719461527809,45.25,100
1719461527889,45.05,125
1719461528695,44.95,175
1719461528817,44.8,25
1719461529711,44.6,25
1719461530001,44.2,125
1719461530722,44.65,75
1719461531209,44.65,25
1719461531397,44.75,25
1719461531712,44.75,175
1719461532608,44.5,300
1719461532870,43.95,75
1719461533585,44.45,100
1719461533775,44.2,25
1719461534608,44.4,25
1719461534706,44.35,125
1719461535413,44.45,25
1719461535716,44.45,25
1719461536708,44.65,50
1719461537619,44.6,50
1719461537708,44.65,50
1719461538626,44.25,50
1719461538699,44.25,75
1719461539714,44.65,25
1719461539827,44.8,75
1719461540718,45.2,225
1719461541024,45.3,25
1719461541624,45.65,150
1719461541735,45.45,25
1719461542701,45.35,25
1719461542830,45.35,200
1719461543918,45.7,25
1719461544709,45.65,50
1719461545020,45.6,25
1719461545733,46.25,25
1719461546014,46.7,100
1719461546722,46.2,25
1719461547222,46.0,200
1719461547720,45.65,25
1719461548222,45.7,25
1719461548918,45.05,25
1719461549437,45.25,25
1719461549730,45.7,25
1719461550091,45.4,75
1719461550408,45.5,25
1719461550725,45.25,25
1719461551433,45.75,25
1719461551727,45.65,75
1719461552631,45.75,150
1719461552920,45.85,100
1719461553833,45.75,200
1719461554717,45.45,25
1719461555717,45.5,50
1719461555842,45.25,25
1719461556738,45.4,25
1719461557024,45.5,25
1719461557737,45.35,200
1719461558045,45.0,25
1719461558713,44.9,25
1719461559052,45.05,125
1719461559712,45.05,25
1719461560051,45.35,125
1719461560715,45.2,25
1719461561259,45.15,25
1719461561722,45.25,50
1719461562456,45.8,25
1719461562705,45.55,100
1719461563459,46.45,25
1719461563926,46.25,150
1719461564597,46.75,75
1719461564729,46.7,200
1719461565652,46.75,25
1719461565721,46.75,200
1719461566729,46.45,50
1719461567721,46.35,25
1719461568726,46.5,375
1719461568855,46.4,50
1719461569734,46.65,25
1719461569877,46.35,75
1719461570727,46.4,25
1719461571060,46.2,50
1719461571897,45.5,150
1719461572461,45.3,25
1719461572730,45.6,25
1719461573472,45.9,25
1719461573730,45.9,25
1719461574723,46.0,775
1719461574866,45.95,50
1719461575719,46.0,125
1719461575869,45.9,100
1719461576732,45.25,25
1719461576858,45.2,25
1719461577734,45.3,50
1719461578267,45.15,100
1719461578735,45.0,50
1719461579269,45.0,25
1719461579461,45.0,25
1719461579732,45.1,25
1719461580078,44.8,75
1719461580653,44.95,100
1719461580725,44.85,50
1719461581744,45.0,25
1719461582660,44.9,75
1719461582926,44.6,25
1719461583727,44.7,100
1719461583876,44.3,550
1719461584736,44.9,150
1719461585082,44.95,25
1719461585727,45.5,100
1719461586082,45.5,25
1719461586739,46.0,25
1719461587278,45.9,50
1719461587487,45.8,25
1719461587737,45.75,25
1719461588497,46.2,25
1719461588730,46.25,25
1719461589729,46.05,75
1719461589891,46.3,150
1719461590749,46.75,100
1719461591085,47.0,75
1719461591728,46.8,125
1719461592084,47.0,25
1719461592741,46.75,50
1719461593083,47.05,50
1719461593745,46.7,150
1719461594287,46.35,50
1719461594505,46.05,50
1719461594957,45.8,50
1719461595744,45.75,25
1719461596751,45.45,25
1719461596861,45.45,25
1719461597508,45.55,75
1719461597721,45.55,25
1719461598731,45.6,50
1719461598897,45.5,25
1719461599751,45.5,25
1719461600073,45.55,50
1719461600757,45.25,25
1719461601083,45.4,25
1719461601750,45.0,175
1719461602281,45.65,125
1719461602747,45.55,50
1719461603245,45.7,25
1719461603466,45.9,200
1719461603727,46.0,50
1719461604456,46.05,25
1719461604742,46.05,175
1719461605739,45.15,25
1719461605911,45.4,25
1719461606502,45.15,50
1719461606739,45.5,25
1719461607513,46.15,25
1719461607746,46.45,25
1719461608754,46.5,25
1719461608870,46.3,25
1719461609770,46.05,25
1719461609905,45.95,225
1719461610070,45.95,75
1719461610513,46.35,25
1719461610728,46.35,25
1719461611733,45.8,25
1719461611957,45.65,25
1719461612741,45.9,175
1719461613731,46.0,125
1719461613913,45.85,50
1719461614757,46.0,25
1719461615120,46.25,25
1719461615743,46.45,25
1719461616125,46.1,25
1719461616757,45.9,75
1719461617129,46.15,50
1719461617645,46.15,75
1719461618323,46.5,25
1719461618533,46.5,225
1719461618761,46.4,25
1719461619538,45.6,25
1719461619752,45.7,75
1719461620731,45.4,50
1719461620731,45.4,50
1719461621698,45.05,25
1719461621920,44.85,125
1719461622762,45.3,25
1719461622933,45.2,75
1719461623728,44.85,50
1719461623877,44.7,100
1719461624757,44.0,25
1719461624924,43.65,25
1719461625765,43.25,25
1719461626126,43.7,75
1719461626754,43.75,50
1719461627128,43.8,50
1719461627944,43.15,50
1719461628136,43.15,25
1719461628760,42.95,25
1719461629340,43.15,25
1719461629540,43.3,25
1719461629765,43.25,125
1719461630761,42.95,125
1719461631768,43.55,150
1719461631929,44.0,25
1719461632767,43.5,25
1719461632946,43.3,75
1719461633782,43.55,125
1719461633942,43.7,125
1719461634751,43.6,50
1719461637762,43.7,25
1719461638148,43.7,600
1719461638750,43.9,50
1719461639354,44.15,125
1719461639754,43.9,25
1719461640095,43.7,25
1719461640562,43.9,25
1719461640732,44.0,100
1719461641570,44.05,25
1719461641763,44.1,50
1719461642556,44.15,25
1719461642772,44.05,100
1719461643764,44.05,25
1719461643989,44.1,125
1719461644749,44.1,50
1719461645773,44.6,50
1719461645966,44.5,125
1719461646776,44.3,50
1719461646954,43.95,625
1719461647783,44.25,25
1719461648168,44.5,25
1719461648758,44.0,75
1719461649170,43.95,50
1719461649748,44.2,25
1719461650377,44.45,25
1719461650737,44.3,25
1719461651370,44.15,50
1719461651566,44.0,75
1719461651783,44.1,25
1719461698806,44.1,25
1719461699064,44.5,75
1719461699804,44.1,125
1719461700064,43.7,25
1719461700245,43.5,400
1719461700823,43.05,25
1719461701452,42.9,50
1719461704816,42.7,50
1719461705858,43.4,50
1719461713002,43.5,25
1719461713265,43.55,75
1719461713687,44.2,75
1719461713826,44.15,125
1719461714686,44.05,50
1719461714809,44.15,250
1719461715821,44.1,100
1719461715887,44.05,50
1719461716836,44.25,25
1719461717071,43.9,100
1719461717827,43.8,150
1719461718239,43.75,50
1719461718802,43.5,75
1719461719252,43.55,25
1719461719807,42.65,275
1719461720302,42.65,25
1719461720805,42.45,50
1719461722887,42.6,50
1719461723886,42.65,250
1719461724817,42.35,25
1719461725078,42.2,100
1719461726012,42.05,25
1719461726285,42.0,100
1719461726830,42.05,25
1719461727308,42.45,25
1719461727692,42.25,50
1719461727797,42.2,25
1719461728879,42.2,25
1719461744018,40.15,25
1719461744126,40.1,25
1719461744838,40.15,50
1719461745331,39.9,500
1719461745837,40.15,50
1719461746515,40.25,75
1719461746804,40.1,25
1719461747327,39.5,25
1719461748027,39.7,25
1719461748525,39.5,50
1719461748839,39.7,25
1719461749520,39.35,125
1719461749844,39.7,50
1719461750535,39.4,100
1719461750941,39.1,100
1719461751836,38.7,25
1719461768353,38.7,200
1719461768846,38.3,25
1719461769355,38.3,25
1719461770052,38.45,50
1719461770561,38.2,100
1719461770843,38.1,25
1719461771767,38.45,450
1719461771842,38.45,25
1719461772774,38.55,25
1719461773054,38.6,25
1719461773838,38.75,25
1719461773940,38.85,100
1719461774853,38.75,25
1719461774976,38.75,125
1719461776151,38.75,25
1719461776853,38.9,25
1719461777154,38.75,25
1719461777853,38.85,25
1719461778367,38.85,25
1719461779055,38.7,25
1719461779369,38.7,125
1719461792870,37.4,25
1719461793380,37.35,25
1719461794045,37.0,375
1719461794588,37.3,25
1719461794871,37.15,25
1719461795877,37.3,25
1719461795994,37.3,400
1719461796846,37.4,50
1719461796992,37.5,175
1719461798035,36.9,25
1719461798863,36.7,75
1719461799210,36.85,25
1719461799860,37.05,100
1719461800192,37.25,100
1719461801057,37.25,25
1719461801205,37.1,600
1719461801857,36.9,50
1719461802381,37.2,25
1719461802876,37.0,125
1719461803390,37.2,175
1719461803820,36.6,100
1719461804408,37.15,100
1719461805069,37.05,50
1719461805398,37.15,25
1719461805868,36.85,25
1719461806565,37.0,25
1719461806871,36.9,75
1719461807869,36.9,50
1719461808850,37.15,25
1719461809006,37.25,25
1719461809866,37.15,25
1719461810017,37.35,50
1719461810862,36.85,25
1719461811218,37.0,25
1719461811866,37.0,25
1719461812213,37.3,25
1719461817896,37.55,25
1719461818039,37.7,25
1719461818866,37.8,75
1719461860666,39.25,200
1719461861696,38.75,200
1719461861878,38.55,25
1719461862104,38.65,125
1719461862885,38.9,125
1719461863906,38.95,75
1719461864086,38.95,500
1719461864898,38.75,25
1719461865092,38.8,25
1719461865892,38.5,50
1719461873084,39.1,200
1719461873297,39.1,25
1719461873904,39.2,25
1719461874520,39.3,100
1719461874917,39.55,25
1719461875661,39.55,525
1719461875913,39.5,25
1719461876908,39.7,25
1719461877100,39.6,100
1719461877883,39.4,100
1719461878079,39.5,25
1719461878913,39.6,75
1719461880128,39.25,25
1719461880930,39.1,25
1719461881323,39.25,150
1719461881912,39.75,25
1719461882506,39.85,50
1719461882893,39.5,25
1719461883724,39.65,75
1719461884119,39.2,25
1719461884736,39.1,175
1719461884925,39.25,25
1719461885711,39.25,175
1719461885935,39.05,100
1719461886904,39.05,350
1719461887913,39.35,25
1719461889103,39.0,25
1719461889927,39.3,50
1719461890331,39.35,25
1719461890909,39.6,25
1719461891323,39.5,125
1719461891896,39.45,25
1719461892519,39.85,25
1719461892902,39.9,25
1719461893504,39.65,50
1719461894115,39.75,25
1719461894540,39.45,25
1719461894901,39.65,25
1719461895735,39.6,25
1719461895936,39.6,25
1719461896117,39.6,25
1719461896914,39.5,50
1719461897338,39.55,1450
1719461898095,39.6,25
1719461898313,39.55,25
1719461898914,39.95,25
1719461899306,39.6,25
1719461899893,39.75,25
1719461900340,39.55,100
1719461900891,39.6,25
1719461901140,39.5,25
1719461901915,39.25,350
1719461902164,39.3,25
1719461902939,39.1,25
1719461903351,39.0,50
1719461903921,39.0,75
1719461904553,38.95,25
1719461905100,39.4,50
1719461905549,39.4,25
1719461905933,39.6,25
1719461906751,40.0,100
1719461906925,39.9,25
1719461906965,40.15,50
1719461907921,39.5,25
1719461908137,39.55,25
1719461908940,39.7,25
1719461909137,39.8,25
1719461909944,39.7,50
1719461910093,39.75,25
1719461910168,39.7,25
1719461910926,40.05,25
1719461911363,40.95,25
1719461912106,40.55,50
1719461912549,40.3,50
1719461912942,40.15,175
1719461913357,40.1,175
1719461913971,40.55,25
1719461914962,40.85,25
1719461915954,40.7,50
1719461917153,40.85,25
1719461917373,40.75,125
1719461917931,40.6,25
1719461918363,40.5,25
1719461918930,40.75,25
1719461919366,40.7,25
1719461919937,40.7,275
1719461920370,40.55,200
1719461920934,40.35,25
1719461921576,39.85,25
1719461921935,39.9,25
1719461922776,39.95,25
1719461922975,40.1,25
1719461923137,40.0,25
1719461923936,40.15,25
1719461924173,40.05,100
1719461924949,40.2,750
1719461925591,39.75,25
1719461925930,39.4,25
1719461926753,39.6,25
1719461926947,39.95,50
1719461927782,39.9,225
1719461927932,39.85,250
1719461928596,39.55,25
1719461928944,39.75,25
1719461929749,39.85,25
1719461929963,39.8,50
1719461930143,39.75,25
1719461930943,39.45,125
1719461931395,39.45,25
1719461931935,39.8,25
1719461932603,39.7,475
1719461932949,39.7,25
1719461933592,39.8,50
1719461933932,39.95,50
1719461934762,39.75,25
1719461934952,39.85,25
1719461935019,39.95,25
1719461936182,39.9,25
1719461936936,40.25,25
1719461937391,40.25,50
1719461937943,40.15,75
1719461938411,40.1,100
1719461938947,40.15,25
1719461939606,39.75,25
1719461940088,39.6,50
1719461940616,39.6,25
1719461941154,39.5,50
1719461941582,39.65,25
1719461941918,39.8,225
1719461942794,39.65,25
1719461943006,39.6,25
1719461943953,39.5,50
1719461944018,39.35,125
1719461944967,39.45,450
1719461945216,39.4,25
1719461946208,39.0,50
1719461946945,38.75,50
1719461947199,39.0,25
1719461947963,38.85,200
1719461948415,38.85,25
1719461948944,38.8,100
1719461949619,38.65,500
1719461949946,38.55,125
1719461950818,38.6,50
1719461951032,38.7,25
1719461951156,38.7,50
1719461952016,38.5,50
1719461952952,38.3,25
1719461953030,38.4,25
1719461954023,38.25,50
1719461954941,39.1,25
1719461955245,38.75,75
1719461955954,38.3,25
1719461956453,38.2,50
1719461956885,38.5,25
1719461957636,38.5,25
1719461957952,38.3,125
1719461958840,37.8,75
1719461959044,37.5,525
1719461959160,37.65,25
1719461960046,37.45,250
1719461960950,36.75,175
1719461961448,36.0,25
1719461961944,35.85,50
1719461962452,36.15,50
1719461962964,35.5,175
1719461963643,35.5,25
1719461964172,35.95,50
1719461964817,35.7,25
1719461964969,35.55,25
1719461965049,35.45,25
1719461966055,35.8,25
1719461966970,35.95,475
1719461967253,36.0,25
1719461968156,36.0,250
1719461968247,35.95,100
1719461968921,36.0,175
1719461969439,35.8,25
1719461970078,35.7,50
1719461970648,35.85,25
1719461970947,35.8,150
1719461971625,36.0,100
1719461971951,35.65,50
1719461972662,35.8,150
1719461972960,35.8,250
1719461973659,35.95,25
1719461973964,36.25,25
1719461974849,36.2,25
1719461974971,36.15,25
1719461975055,36.1,50
1719461975972,36.05,175
1719461976253,36.2,25
1719461976946,36.1,25
1719461977621,35.95,300
1719461977975,36.15,25
1719461978867,36.25,25
1719461979166,36.05,100
1719461979968,36.0,125
1719461980844,36.1,75
1719461980966,35.95,25
1719461981271,35.95,25
1719461981956,35.95,25
1719461982453,35.75,25
1719461982974,35.55,250
1719461983456,35.2,75
1719461983963,35.05,100
1719461984659,34.55,250
1719461984970,34.7,50
1719461985652,35.1,175
1719461985985,34.9,250
1719461986876,34.9,25
1719461987166,34.95,25
1719461987953,35.2,25
1719461988274,35.1,50
1719461988968,35.2,25
1719461989468,35.25,50
1719461989960,35.15,50
1719461990426,35.0,75
1719461990975,35.15,25
1719461991467,35.3,50
1719461991944,35.15,50
1719461992688,35.35,125
1719461992951,35.25,50
1719461993866,35.25,25
1719461993978,35.15,25
1719461994678,35.0,50
1719461994972,35.0,50
1719461995701,34.8,325
1719461996162,34.75,25
1719461996291,34.8,150
1719461996972,35.3,25
1719461997484,35.3,25
1719461997986,35.2,25
1719461998459,35.45,75
1719461998990,35.35,100
1719461999426,35.1,25
1719462000079,35.2,50
1719462000467,35.1,100
1719462000982,34.95,500
1719462001100,34.9,50
1719462002174,34.35,25
1719462002292,34.4,25
1719462002992,34.45,25
1719462003469,34.65,50
1719462003993,34.85,25
1719462004502,34.9,250
1719462005180,34.7,75
1719462005681,34.55,25
1719462005990,34.8,25
1719462006995,34.55,125
1719462007108,33.85,25
1719462008006,34.1,400
1719462008493,33.4,25
1719462009196,33.65,100
1719462009311,33.85,125
1719462010000,33.75,150
1719462010295,33.75,75
1719462011001,33.95,25
1719462011310,34.0,25
1719462011982,34.55,50
1719462012309,34.25,25
1719462013178,34.05,100
1719462013307,33.9,25
1719462013996,34.1,25
1719462014511,34.3,50
1719462014978,34.15,50
1719462015523,34.0,25
1719462015980,33.95,25
1719462016725,34.0,275
1719462017188,34.0,25
1719462017695,34.0,25
1719462017991,33.6,25
1719462018990,33.75,50
1719462019992,33.6,25
1719462020910,33.55,300
1719462021188,33.7,25
1719462021993,34.15,75
1719462022117,34.15,50
1719462022987,34.65,400
1719462023317,34.65,25
1719462023996,34.6,100
1719462024525,34.8,300
1719462025201,34.95,25
1719462025719,34.95,25
1719462025983,34.85,25
1719462026895,34.95,1175
1719462026977,35.05,25
1719462027998,35.05,25
1719462028123,35.05,25
1719462028993,34.75,25
1719462029128,34.55,25
1719462030082,34.8,150
1719462030310,34.7,25
1719462031184,34.55,25
1719462031727,34.55,25
1719462032006,34.6,350
1719462032529,34.55,25
1719462033014,34.8,25
1719462033718,34.6,150
1719462034010,34.65,50
1719462034733,34.85,25
1719462035200,35.2,25
1719462035739,35.0,125
1719462036000,34.95,25
1719462036993,34.7,125
1719462037126,34.7,50
1719462037978,35.1,50
1719462038341,35.25,50
1719462039011,35.05,50
1719462039323,34.9,25
1719462040013,34.85,50
1719462040332,34.8,625
1719462041008,34.7,25
1719462041521,35.0,100
1719462042207,35.35,25
1719462042719,35.05,50
1719462043017,35.05,150
1719462043755,35.2,25
1719462044015,35.3,25
1719462044736,35.15,50
1719462044991,35.0,75
1719462045945,35.15,75
1719462045993,35.2,25
1719462046133,35.25,25
1719462047020,35.0,50
1719462047338,35.0,100
1719462048192,34.9,25
1719462048357,34.65,50
1719462049002,34.75,25
1719462049345,34.85,25
1719462049928,34.7,200
1719462050553,34.2,50
1719462051002,34.2,200
1719462051760,34.3,25
1719462052004,34.25,150
1719462052760,34.2,75
1719462052996,33.8,50
1719462054025,33.7,200
1719462054971,34.1,50
1719462055013,34.15,25
1719462055160,34.2,25
1719462056363,34.7,125
1719462057008,34.45,25
1719462057346,34.55,25
1719462058017,34.7,25
1719462058363,34.75,175
1719462059017,35.1,25
1719462059574,35.2,25
1719462060091,34.95,25
1719462060761,34.7,25
1719462060991,34.7,25
1719462062025,34.35,50
1719462063011,34.45,75
1719462064223,34.85,475
1719462065025,35.35,25
1719462065179,35.25,75
1719462066016,35.3,25
1719462066398,35.3,200
1719462066963,35.3,175
1719462067573,35.3,25
1719462068015,35.35,25
1719462068782,35.2,25
1719462069017,35.0,25
1719462069769,35.2,25
1719462070029,35.05,25
1719462070791,35.2,50
1719462071229,35.1,100
1719462071791,35.35,25
1719462072017,35.25,25
1719462072593,35.2,75
1719462073038,35.4,25
1719462073199,35.35,25
1719462074011,35.3,50
1719462074595,34.95,50
1719462075006,35.05,125
1719462075791,35.05,25
1719462075998,35.05,25
1719462076802,34.9,50
1719462077023,34.95,25
1719462077775,34.95,50
1719462078016,34.85,25
1719462078798,34.95,300
1719462079006,34.7,75
1719462080044,34.8,25
1719462080210,34.85,25
1719462081005,34.75,25
1719462081199,34.9,25
1719462082027,35.15,25
1719462082209,35.25,50
1719462083214,36.15,200
1719462083417,35.9,25
1719462084026,35.4,50
1719462084599,35.8,150
1719462085008,35.9,50
1719462085603,35.7,25
1719462086017,35.75,50
1719462086626,35.6,50
1719462087037,35.6,175
1719462087815,35.6,25
1719462088221,35.55,50
1719462088408,35.55,25
1719462089035,35.55,25
1719462089807,35.75,50
1719462090072,35.7,25
1719462090814,35.65,125
1719462091044,35.7,25
1719462091826,35.85,25
1719462092019,35.9,25
1719462092816,35.65,100
1719462092983,35.9,125
1719462094028,36.2,350
1719462094175,36.4,75
1719462095006,36.35,75
1719462095217,36.6,75
1719462096040,35.85,175
1719462096389,35.95,50
1719462097036,36.0,25
1719462097427,35.85,25
1719462098044,36.15,25
1719462098635,36.1,50
1719462099223,36.0,25
1719462099834,35.7,25
1719462100007,35.75,25
1719462100795,36.0,25
1719462101025,36.0,25
1719462101850,36.1,25
1719462102042,35.95,250
1719462102845,36.05,25
1719462103014,36.05,175
1719462103852,35.85,25
1719462104050,36.0,25
1719462104430,36.0,25
1719462105035,35.95,25
1719462105639,36.0,25
1719462105985,36.3,25
1719462106641,36.15,25
1719462107032,36.3,50
1719462107257,36.25,25
1719462108039,36.2,25
1719462108457,35.95,50
1719462109043,35.65,25
1719462109648,35.55,25
1719462110055,35.3,25
1719462110846,35.05,25
1719462111048,35.3,50
1719462112045,35.65,25
1719462113049,34.95,125
1719462113251,34.75,350
1719462114042,35.3,675
1719462114465,35.3,100
1719462115049,35.25,50
1719462115623,35.45,25
1719462116052,35.5,25
1719462116673,35.4,25
1719462117002,35.5,150
1719462117857,35.6,25
1719462118056,35.55,50
1719462119060,36.15,50
1719462120076,35.85,375
1719462120094,35.9,25
1719462120884,35.8,25
1719462121030,35.85,200
1719462121883,36.55,25
1719462122070,36.65,25
1719462123072,36.45,25
1719462123229,36.55,25
1719462123474,36.55,175
1719462124060,36.55,25
1719462124465,36.7,25
1719462125046,36.45,125
1719462125642,36.65,50
1719462126045,36.5,50
1719462126610,36.55,100
1719462127029,36.6,50
1719462127678,36.55,100
1719462128065,36.7,25
1719462128882,36.65,25
1719462129072,36.6,25
1719462129842,36.4,25
1719462130067,36.45,25
1719462130879,36.9,25
1719462131021,36.95,50
1719462131282,36.8,25
1719462132049,36.55,25
1719462132670,36.7,225
1719462133058,36.95,25
1719462133452,37.15,100
1719462134060,36.45,50
1719462134663,36.25,75
1719462135052,36.2,300
1719462135893,36.45,50
1719462136036,36.3,25
1719462136671,36.2,625
1719462137055,36.5,25
1719462137664,36.4,25
1719462138062,36.7,25
1719462138892,36.95,25
1719462139046,37.05,25
1719462139487,37.05,250
1719462140057,37.2,25
1719462140696,37.05,25
1719462141253,37.05,250
1719462141677,36.95,75
1719462142060,36.9,50
1719462143105,37.1,25
1719462143310,37.15,25
1719462144043,37.0,475
1719462144503,36.95,75
1719462145066,37.3,75
1719462145468,37.15,25
1719462146066,36.85,225
1719462146718,36.85,100
1719462147075,36.7,25
1719462148081,36.8,125
1719462148303,36.65,25
1719462149071,36.6,50
1719462149316,36.7,100
1719462150064,36.6,25
1719462150321,36.4,125
1719462151039,36.85,25
1719462151301,36.9,175
1719462152070,37.2,25
1719462152307,37.05,25
1719462153044,37.15,25
1719462153509,37.2,25
1719462154076,37.0,25
1719462154697,36.85,25
1719462155056,36.95,25
1719462155730,36.75,25
1719462156068,37.0,125
1719462156935,37.0,75
1719462157059,37.0,50
1719462157913,37.05,775
1719462158055,37.15,200
1719462159075,37.1,25
1719462159126,37.3,25
1719462159327,37.1,25
1719462160086,37.4,100
1719462160334,37.4,25
1719462161051,37.4,25
1719462161737,37.4,75
1719462162078,37.55,250
1719462162935,37.55,200
1719462163027,37.65,25
1719462163925,37.7,100
1719462164089,37.5,25
1719462165045,37.7,50
1719462165117,37.85,225
1719462165318,37.7,550
1719462166083,37.5,25
1719462166329,37.35,50
1719462167078,37.5,25
1719462167732,37.8,25
1719462168078,37.6,100
1719462168537,37.7,25
1719462169086,37.95,50
1719462169732,38.7,25
1719462170095,38.25,25
1719462170927,37.85,25
1719462171087,37.75,25
1719462172101,37.75,25
1719462172113,37.85,75
1719462172333,37.65,25
1719462173091,37.5,25
1719462173566,37.2,25
1719462174095,36.85,50
1719462174751,37.0,50
1719462175274,36.8,25
1719462175745,36.8,75
1719462176094,37.05,25
1719462177097,37.6,900
1719462178093,38.1,600
1719462178149,38.1,150
1719462179155,38.4,25
1719462179365,38.2,100
1719462180091,38.25,25
1719462180091,38.25,25
1719462180548,38.0,50
1719462181091,38.2,25
1719462181761,38.3,25
1719462182089,38.3,25
1719462182769,37.85,150
1719462183089,38.2,75
1719462183993,38.3,25
1719462184094,38.3,125
1719462185162,38.4,500
1719462185380,38.15,25
1719462186090,38.1,50
1719462186583,38.15,25
1719462187096,38.1,50
1719462187972,38.2,75
1719462188096,38.25,25
1719462188982,38.25,25
1719462189293,38.1,25
1719462190099,38.15,25
1719462190184,38.25,25
1719462190393,38.35,50
1719462191101,38.25,225
1719462191392,38.15,25
1719462192074,37.65,25
1719462192600,37.55,25
1719462193109,38.0,50
1719462193578,37.9,25
1719462194085,38.15,125
1719462194596,38.1,25
1719462195106,38.3,25
1719462195591,38.3,100
1719462196102,37.85,75
1719462196388,37.9,75
1719462197085,38.1,75
1719462197382,38.1,50
1719462198079,37.9,50
1719462198795,38.05,25
1719462199111,37.85,50
1719462199771,37.7,200
1719462200097,37.75,25
1719462200780,37.6,75
1719462201089,37.6,175
1719462201967,37.5,25
1719462202079,37.35,50
1719462203172,37.05,25
1719462204115,37.0,25
1719462204396,36.9,250
1719462205106,36.85,25
1719462205408,36.8,25
1719462206113,36.65,25
1719462206403,36.65,25
1719462207096,36.8,25
1719462207606,36.55,25
1719462208108,36.95,50
1719462209037,37.3,25
1719462209110,37.4,25
1719462210104,37.6,100
1719462211021,37.7,25
1719462211097,37.8,725
1719462212097,37.85,250
1719462212187,37.85,75
1719462212408,37.95,25
1719462213092,37.4,625
1719462213423,37.35,25
1719462214101,37.5,50
1719462214819,37.85,25
1719462215122,37.7,25
1719462215794,37.85,50
1719462216083,38.0,50
1719462217120,37.75,25
1719462218021,37.8,200
1719462218104,37.75,25
1719462219023,37.85,75
1719462219095,37.75,25
1719462220107,37.65,75
1719462220227,37.75,50
1719462221307,37.75,25
1719462222239,37.9,50
1719462222438,37.95,50
1719462223078,37.95,25
1719462223823,37.65,25
1719462224099,37.8,50
1719462224795,37.85,25
1719462225088,37.95,25
1719462226120,37.65,75
1719462227139,37.75,25
1719462227229,37.8,75
1719462228221,37.95,25
1719462228439,37.7,25
1719462229094,37.7,125
1719462229610,37.95,100
1719462230128,38.25,75
1719462230624,38.25,50
1719462231067,38.25,25
1719462231629,38.1,550
1719462232113,38.0,25
1719462232611,38.25,25
1719462233078,38.3,100
1719462233649,38.2,50
1719462234135,37.9,50
1719462234627,37.8,25
1719462235102,38.05,25
1719462235629,38.05,50
1719462236083,38.0,75
1719462236607,38.05,50
1719462237097,38.15,150
1719462238058,38.5,250
1719462238129,38.5,600
1719462239123,38.2,50
1719462240244,37.75,25
1719462240331,37.8,25
1719462241110,37.55,25
1719462241247,37.4,25
1719462241447,37.4,25
1719462242128,37.4,75
1719462242840,37.5,75
1719462243131,37.25,25
1719462244048,37.45,25
1719462244299,37.15,25
1719462245114,36.9,125
1719462245252,36.95,75
1719462246144,36.85,125
1719462246257,36.95,75
1719462247137,36.65,25
1719462247439,36.7,50
1719462248049,36.6,25
1719462248660,36.2,50
1719462249083,36.5,50
1719462249636,36.7,25
1719462250143,36.6,100
1719462250670,36.8,75
1719462251082,36.8,25
1719462251644,36.8,25
1719462252139,37.05,25
1719462252662,36.9,250
1719462253146,37.2,1450
1719462253835,37.1,400
1719462254095,37.1,75
1719462254864,36.9,50
1719462255097,36.95,25
1719462256087,37.0,25
1719462257122,37.15,175
1719462258000,37.15,25
1719462258112,37.05,75
1719462259128,37.4,25
1719462260053,37.25,25
1719462261100,37.25,200
1719462261264,37.15,50
1719462261448,37.1,50
1719462262033,37.0,225
1719462262467,36.95,250
1719462263147,37.0,25
1719462263650,36.8,25
1719462264074,36.45,50
1719462264900,36.6,25
1719462265155,36.55,125
1719462265886,36.4,175
1719462266157,36.4,25
1719462266685,36.25,25
1719462267092,36.2,75
1719462267688,36.0,100
1719462268325,36.15,25
1719462268703,35.95,25
1719462269143,36.15,50
1719462269892,35.8,100
1719462270074,35.9,100
1719462270094,35.9,25
1719462271130,36.5,25
1719462272108,36.0,25
1719462272499,35.95,25
1719462273119,36.1,75
1719462273689,36.2,25
1719462274121,36.0,100
1719462274904,36.1,25
1719462275116,36.05,25
1719462276141,36.0,25
1719462277128,35.75,200
1719462277285,35.65,50
1719462277510,35.1,25
1719462278145,35.25,500
1719462278519,35.1,50
1719462279147,35.0,100
1719462279511,34.95,50
1719462280136,34.95,50
1719462280698,34.65,50
1719462281156,34.7,50
1719462281724,34.55,25
1719462282152,34.4,25
1719462282931,34.6,25
1719462283346,34.75,525
1719462283906,34.7,275
1719462284152,34.95,25
1719462285151,35.25,50
1719462286141,35.2,450
1719462286205,35.1,150
1719462287147,35.4,200
1719462287318,35.3,25
1719462288120,35.5,100
1719462288298,35.35,75
1719462288456,35.3,75
1719462289155,35.3,25
1719462289528,35.35,100
1719462290145,35.15,25
1719462290923,34.6,175
1719462291143,34.45,75
1719462291939,33.85,50
1719462292360,34.05,100
1719462293135,34.55,50
1719462293319,34.55,25
1719462294179,34.95,25
1719462294333,34.9,25
1719462295152,35.1,50
1719462295322,35.0,25
1719462295540,34.65,475
1719462296351,35.0,25
1719462296740,34.9,75
1719462297160,35.0,50
1719462297719,34.75,50
1719462298143,34.7,50
1719462299151,34.55,50
1719462300162,34.65,25
1719462300332,34.25,50
1719462301167,34.35,25
1719462301372,34.3,675
1719462302139,34.15,350
1719462302339,34.15,25
1719462302522,34.15,25
1719462303155,34.25,175
1719462303739,34.2,25
1719462304363,34.25,125
1719462305149,34.25,25
1719462306184,34.1,50
1719462306340,34.0,150
1719462307165,34.1,75
1719462307363,34.0,25
1719462308160,33.7,25
1719462308557,33.8,650
1719462309356,34.1,50
1719462309750,34.25,25
1719462310176,34.35,100
1719462310969,34.05,25
1719462311170,34.05,25
1719462311919,34.05,50
1719462312354,32.9,50
1719462312550,32.75,25
1719462313369,32.2,25
1719462313964,32.7,50
1719462314188,33.25,50
1719462328160,32.3,325
1719462328387,31.9,25
1719462329153,31.9,75
1719462329366,31.9,50
1719462330587,31.85,25
1719462331156,32.0,400
1719462331593,31.9,25
1719462332367,32.2,25
1719462332781,32.5,25
1719462333176,32.3,125
1719462333802,32.4,125
1719462334184,32.2,50
1719462334767,32.5,100
1719462335319,32.35,75
1719462335978,32.25,50
1719462336136,32.2,200
1719462336969,32.15,50
1719462337162,32.15,25
1719462338190,32.7,1800
1719462339168,32.35,50
1719462339379,32.3,50
1719462340175,32.3,25
1719462340408,32.25,100
1719462340569,32.2,25
1719462341167,32.25,100
1719462341805,32.55,50
1719462342184,32.5,25
1719462349004,32.6,25
1719462349141,32.65,25
1719462350011,32.25,250
1719462350131,32.45,25
1719462351002,32.4,25
1719462351140,32.5,50
1719462352196,32.6,25
1719462353194,32.65,75
1719462353414,32.55,75
1719462353621,32.5,500
1719462354366,32.8,25
1719462354815,32.9,25
1719462355194,32.5,50
1719462356013,32.7,125
1719462356194,32.75,50
1719462357011,32.75,225
1719462357201,32.75,25
1719462358197,32.85,25
1719462358422,32.9,25
1719462358581,32.9,250
1719462359197,32.85,25
1719462359588,32.85,25
1719462360077,32.95,50
1719462360196,32.85,25
1719462360644,33.0,25
1719462361387,32.7,75
1719462361802,32.6,100
1719462362210,32.65,25
1719462362839,32.8,25
1719462363196,32.85,50
1719462364205,33.05,25
1719462365204,33.3,125
1719462365635,33.2,75
1719462366165,33.15,250
1719462366635,33.3,25
1719462367350,33.5,50
1719462368023,33.4,275
1719462368202,33.25,75
1719462369140,33.35,25
1719462369379,33.15,325
1719462370144,33.05,50
1719462370454,32.75,100
1719462371201,32.9,25
1719462371465,32.75,25
1719462372201,32.5,75
1719462372423,32.5,25
1719462372640,32.35,700
1719462373187,32.6,25
1719462373842,32.4,25
1719462405497,29.95,75
1719462405707,29.95,200
1719462406182,29.9,25
1719462406703,29.9,150
1719462407228,29.65,25
1719462407712,29.3,75
1719462408236,28.9,100
1719462409111,28.45,25
1719462409427,28.45,25
1719462412736,28.7,25
1719462413243,28.7,50
1719462413911,28.55,100
1719462414220,28.5,50
1719462415125,27.7,25
1719462415439,27.7,75
1719462416122,27.55,25
1719462416241,27.6,25
1719462417236,27.75,25
1719462418410,27.35,150
1719462418518,27.35,100
1719462419243,27.15,50
1719462419522,26.85,400
1719462419751,27.05,25
1719462420238,26.65,75
1719462421131,26.3,150
1719462421240,26.25,100
1719462422442,26.0,25
1719462422533,25.5,250
1719462423232,25.4,25
1719462424134,25.55,25
1719462424438,25.35,50
1719462425138,26.0,25
1719462425242,25.75,50
1719462426238,25.5,150
1719462427223,25.45,75
1719462427342,25.25,75
1719462428435,25.8,25
1719462428540,25.75,475
1719462429236,25.65,25
1719462429542,25.5,25
1719462429749,25.55,150
1719462430236,25.75,25
1719462430959,25.85,25
1719462431231,25.65,25
1719462432155,25.65,25
1719462432448,25.75,25
1719462433245,26.0,150
1719462433350,25.95,25
1719462434249,25.85,175
1719462434351,25.8,150
1719462435434,25.55,25
1719462435561,25.5,25
1719462435763,25.35,25
1719462436232,25.4,25
1719462436767,25.35,25
1719462437236,25.4,25
1719462437956,25.3,525
1719462438227,25.15,25
1719462438963,25.2,50
1719462439446,25.05,25
1719462440175,25.4,50
1719462440254,25.3,150
1719462441232,25.55,25
1719462441355,25.25,300
1719462442441,25.35,25
1719462443242,25.2,25
1719462443568,25.25,925
1719462443971,25.15,75
1719462444237,25.0,50
1719462444975,24.85,50
1719462445242,24.5,25
1719462445976,24.6,25
1719462446451,24.45,25
1719462447225,24.9,25
1719462447377,24.8,200
1719462448254,24.95,250
1719462448561,24.85,25
1719462449240,24.95,25
1719462449584,24.95,50
1719462450085,24.9,25
1719462450244,24.95,25
1719462450569,24.8,25
1719462451453,24.9,25
1719462451579,24.95,25
1719462451774,24.9,25
1719462452250,24.9,25
1719462452978,25.25,50
1719462453240,25.0,200
1719462454257,24.8,25
1719462455458,24.6,25
1719462456569,24.75,25
1719462457249,24.75,25
1719462457392,24.55,25
1719462458267,24.75,50
1719462458583,24.8,50
1719462458814,24.8,150
1719462459256,24.75,25
1719462459754,24.75,50
1719462460472,24.5,25
1719462460780,24.5,50
1719462461241,24.5,75
1719462462000,24.4,75
1719462462266,24.0,275
1719462463269,23.95,50
1719462464247,23.65,175
1719462465208,23.8,25
1719462465473,23.65,25
1719462466256,23.1,50
1719462466402,23.05,100
1719462467260,23.05,75
1719462467397,22.95,25
1719462468464,23.25,25
1719462468621,23.2,100
1719462469265,23.2,25
1719462469619,23.15,100
1719462470269,22.9,25
1719462470621,22.75,50
1719462471273,22.85,25
1719462472014,23.25,150
1719462472467,22.75,25
1719462473255,22.45,50
1719462473618,22.7,25
1719462474259,22.8,25
1719462474817,22.55,25
1719462475466,22.55,50
1719462476013,22.45,125
1719462476251,22.2,25
1719462477473,22.05,50
1719462478279,22.45,25
1719462478630,22.55,25
1719462479262,22.65,125
1719462479647,22.45,375
1719462480102,22.5,25
1719462480454,22.35,25
1719462480835,22.05,25
1719462481254,21.9,450
1719462482009,21.75,100
1719462482482,21.45,25
1719462483036,21.4,25
1719462483274,21.4,50
1719462486258,21.5,25
1719462486442,21.65,25
1719462487421,21.8,75
1719462487473,21.75,50
1719462488250,21.9,25
1719462488656,21.85,25
1719462489492,21.8,25
1719462489838,21.8,25
1719462490275,21.7,25
1719462491050,21.6,25
1719462491273,21.5,25
1719462492236,21.4,25
1719462492475,21.5,150
1719462493262,21.55,450
1719462493458,21.6,125
1719462494275,21.4,75
1719462495277,21.45,25
1719462497468,21.45,250
1719462497649,21.45,25
1719462497847,21.4,25
1719462498282,21.3,25
1719462499051,21.35,25
1719462499287,21.45,75
1719462500064,21.6,250
1719462500261,21.45,25
1719462501267,21.5,200
1719462501275,21.45,100
1719462502473,21.4,25
1719462503274,21.5,175
1719462503479,21.45,350
1719462509470,20.7,25
1719462510094,20.7,500
1719462510274,20.7,25
1719462510470,20.6,25
1719462511288,20.55,300
1719462511474,20.5,25
1719462512274,20.45,25
1719462512470,20.45,25
1719462512860,20.55,25
1719462513274,20.2,50
1719462513879,20.2,25
1719462514287,20.05,100
1719462515079,20.2,50
1719462515469,20.1,25
1719462516294,20.2,75
1719462517275,20.05,50
1719462517466,20.0,150
1719462518691,20.1,100
1719462519489,20.15,50
1719462519895,19.8,300
1719462520294,19.85,50
1719462521093,20.0,50
1719462521290,20.0,375
1719462522290,20.35,25
1719462522496,20.15,25
1719462523266,19.95,25
1719462523498,20.2,25
1719462524287,19.95,25
1719462524704,20.0,25
1719462525283,20.0,25
1719462525696,20.15,25
1719462526086,20.05,25
1719462526288,20.0,250
1719462527302,19.9,125
1719462528504,20.25,25
1719462532110,20.0,25
1719462532489,20.1,450
1719462533295,19.85,25
1719462533507,19.9,250
1719462534299,19.95,50
1719462534509,19.85,125
1719462535497,20.0,100
1719462535698,20.1,25
1719462536313,20.0,25
1719462536722,20.05,125
1719462545306,19.85,50
1719462545729,19.9,25
1719462546301,20.1,25
1719462546531,20.15,150
1719462547493,20.0,25
1719462548309,20.15,25
1719462548726,20.0,50
1719462549318,19.9,100
1719462549932,20.0,825
1719462550516,19.9,25
1719462551108,19.9,25
1719462551316,19.8,25
1719462552130,19.85,25
1719462552319,19.7,25
1719462553341,19.8,25
1719462553498,19.8,25
1719462554318,19.65,25
1719462554539,19.65,25
1719462555322,19.5,100
1719462555530,19.45,75
1719462556518,19.2,175
1719462556738,19.45,25
1719462557312,19.3,25
1719462557735,19.3,25
1719462558308,19.1,25
1719462558745,19.1,25
1719462559500,19.1,25
1719462559735,19.15,25
1719462560324,19.2,25
1719462560753,19.25,500
1719462560950,19.2,600
1719462561315,19.05,25
1719462562340,19.0,125
1719462562494,18.85,25
1719462563308,19.15,125
1719462563355,19.2,25
1719462564339,18.9,25
1719462564525,19.05,100
1719462565319,19.05,25
1719462565755,19.0,150
1719462566511,19.1,25
1719462566749,19.05,100
1719462567288,19.0,25
1719462567953,18.75,200
1719462568312,18.7,75
1719462569328,18.6,1775
1719462575371,18.4,25
1719462575518,18.4,25
1719462576301,18.55,25
1719462576570,18.65,75
1719462577308,18.65,100
1719462603347,17.95,300
1719462603803,18.2,25
1719462604333,18.15,25
1719462604815,18.4,25
1719462605009,18.15,50
1719462605554,18.4,175
1719462606227,18.6,25
1719462606312,18.6,800
1719462607413,18.4,25
1719462608410,18.75,25
1719462608540,18.25,150
1719462609338,18.55,25
1719462609626,18.65,25
1719462610327,18.6,75
1719462610636,18.55,500
1719462611547,18.5,200
1719462611828,18.55,175
1719462612022,18.5,225
1719462612347,18.4,100
1719462613040,18.2,25
1719462613340,18.25,125
1719462614017,18.3,25
1719462614343,18.3,25
1719462615235,18.1,625
1719462615539,18.0,375
1719462616353,18.2,150
1719462616613,18.2,350
1719462617349,18.25,50
1719462617622,18.25,25
1719462618347,18.45,200
1719462618823,18.5,125
1719462619556,18.5,25
1719462619640,18.6,50
1719462620359,18.8,25
1719462620821,18.65,100
1719462621050,18.6,25
1719462621352,18.6,25
1719462622052,18.8,150
1719462622353,18.95,25
1719462623239,18.9,325
1719462623334,18.9,25
1719462624229,18.8,75
1719462624542,18.85,250
1719462625447,18.9,250
1719462626350,18.95,25
1719462626611,18.95,50
1719462627348,18.85,50
1719462627659,18.7,50
1719462628330,18.55,625
1719462628833,18.7,250
1719462629356,18.6,400
1719462630104,18.8,50
1719462630265,18.7,250
1719462630340,18.75,25
1719462631543,18.5,825
1719462631657,18.7,50
1719462632366,18.5,25
1719462632646,18.55,100
1719462633368,18.45,25
1719462633857,18.45,50
1719462634550,18.55,200
1719462634844,18.55,900
1719462635357,18.5,50
1719462635651,18.55,25
1719462636364,18.5,50
1719462636846,18.65,25
1719462637073,18.6,50
1719462637545,18.5,25
1719462638070,18.45,25
1719462638372,18.45,25
1719462639070,18.55,25
1719462639370,18.6,150
1719462640368,18.65,125
1719462640664,18.6,25
1719462641475,18.65,275
1719462641566,18.6,25
1719462642364,18.6,25
1719462642660,18.7,100
1719462643358,18.8,125
1719462643664,18.85,25
1719462644568,18.8,25
1719462644841,18.65,25
1719462645362,18.65,25
1719462645870,18.55,25
1719462646268,18.6,150
1719462646362,18.5,25
1719462647267,18.3,775
1719462647566,18.45,25
1719462648355,18.45,25
1719462648488,18.4,50
1719462649367,18.65,25
1719462649485,18.65,25
1719462650484,18.75,25
1719462651692,18.65,675
1719462652339,18.6,200
1719462652866,18.7,25
1719462653086,18.7,25
1719462653353,18.75,200
1719462654087,18.7,25
1719462657509,18.55,25
1719462657582,18.5,50
1719462658090,18.35,150
1719462658348,18.45,50
1719462659511,18.35,25
1719462660089,18.2,25
1719462660692,18.1,50
1719462661380,18.1,25
1719462661920,18.0,25
1719462662558,18.0,25
1719462662693,18.15,75
1719462663375,18.05,25
1719462663913,17.85,50
1719462664111,17.9,25
1719462664582,18.05,375
1719462665312,17.9,50
1719462665368,17.9,75
1719462666380,17.95,25
1719462666507,17.95,25
1719462667584,17.95,125
1719462667712,17.9,25
1719462668357,17.9,25
1719462668711,17.9,25
1719462669387,17.9,150
1719462669698,17.85,25
1719462670577,18.15,50
1719462670900,17.95,25
1719462671371,17.8,75
1719462671858,17.8,50
1719462672368,17.85,450
1719462672708,17.8,25
1719462673380,17.6,125
1719462673724,17.55,25
1719462674337,17.6,25
1719462674588,17.7,25
1719462675377,17.7,25
1719462675726,17.85,1000
1719462676389,17.8,50
1719462676887,17.65,25
1719462677091,17.65,75
1719462677596,17.75,25
1719462678125,17.7,50
1719462678391,17.7,25
1719462679387,17.65,25
1719462680393,17.25,350
1719462680529,17.2,25
1719462681578,16.7,875
1719462681743,16.55,25
1719462682607,16.65,25
1719462682931,16.55,25
1719462683379,16.5,50
1719462684143,17.45,50
1719462684586,17.35,75
1719462685141,17.4,25
1719462685384,17.15,25
1719462686394,17.3,25
1719462686532,17.35,25
1719462687536,17.8,25
1719462687593,17.8,50
1719462688375,17.65,25
1719462688752,17.75,25
1719462689368,17.95,250
1719462689954,17.65,25
1719462690387,17.6,250
1719462690949,17.65,950
1719462691149,17.65,75
1719462691589,17.35,25
1719462692348,17.8,25
1719462693401,17.85,50
1719462693531,17.8,25
1719462694380,17.8,575
1719462694744,17.75,50
1719462695566,17.85,350
1719462695753,17.8,100
1719462696384,17.9,25
1719462696719,17.9,75
1719462697385,17.65,100
1719462703177,17.5,25
1719462703401,17.45,25
1719462704182,17.55,50
1719462704387,17.5,25
1719462705174,17.3,75
1719462705406,17.3,50
1719462706358,17.5,50
1719462706590,17.4,50
1719462735629,16.2,100
1719462736218,16.15,25
1719462736431,16.1,25
1719462737430,16.15,25
1719462737620,16.15,75
1719462738632,16.15,250
1719462739417,16.2,250
1719462739812,16.3,25
1719462740405,16.3,75
1719462741031,16.4,50
1719462741235,16.35,75
1719462741609,16.3,25
1719462742418,16.35,25
1719462743425,16.3,50
1719462743610,16.25,300
1719462744617,16.3,575
1719462745429,16.3,525
1719462745818,16.35,50
1719462746409,16.4,25
1719462746841,16.45,50
1719462747433,16.45,25
1719462748026,16.5,25
1719462748626,16.5,525
1719462749024,16.5,25
1719462749435,16.5,75
1719462750098,16.65,25
1719462750210,16.7,100
1719462750427,16.75,75
1719462751639,16.7,75
1719462752427,16.8,25
1719462752819,16.6,75
1719462753422,16.55,25
1719462754034,16.5,25
1719462754625,16.7,25
1719462754816,16.8,25
1719462755426,16.8,25
1719462756240,16.85,25
1719462756436,16.9,50
1719462757634,16.65,25
1719462758421,16.85,25
1719462758648,16.85,25
1719462759410,16.8,25
1719462759858,16.75,75
1719462760632,16.85,25
1719462760853,16.9,50
1719462761434,16.85,25
1719462761862,16.65,25
1719462762421,16.8,200
1719462762851,16.75,25
1719462763628,16.8,50
1719462764066,16.9,25
1719462764256,16.85,25
1719462764437,16.9,25
1719462765455,16.6,25
1719462766433,16.65,25
1719462766659,16.7,25
1719462767631,16.7,50
1719462767667,16.7,25
1719462768432,16.75,275
1719462768855,16.55,75
1719462769444,16.55,50
1719462769863,16.6,25
1719462770410,16.5,25
1719462771059,16.55,25
1719462771269,16.5,25
1719462771642,16.35,400
1719462772430,15.75,25
1719462772869,15.8,200
1719462773478,15.6,450
1719462774076,15.65,25
1719462774606,15.55,25
1719462775075,15.45,100
1719462775432,15.4,900
1719462775894,15.4,50
1719462776435,15.35,25
1719462777075,15.7,25
1719462777258,15.7,75
1719462777635,15.7,25
1719462778284,15.7,50
1719462778440,15.7,50
1719462779452,15.8,250
1719462780094,15.75,25
1719462780671,15.7,100
1719462781676,15.25,25
1719462782636,15.5,25
1719462783091,15.4,25
1719462783452,15.35,25
1719462784094,15.45,25
1719462784431,15.35,25
1719462785474,15.4,25
1719462785639,15.5,50
1719462786450,15.4,75
1719462786873,15.3,25
1719462787442,15.3,25
1719462787900,15.2,25
1719462788634,15.35,25
1719462788908,15.3,100
1719462789454,15.35,25
1719462790086,15.35,50
1719462790463,15.15,25
1719462791282,15.1,150
1719462791464,15.2,25
1719462792439,15.05,25
1719462792691,15.15,25
1719462793697,15.3,25
1719462794437,15.3,25
1719462794898,15.3,75
1719462795436,15.25,25
1719462796103,15.2,875
1719462796654,15.2,800
1719462797285,15.3,50
1719462797462,15.4,50
1719462798297,15.45,25
1719462798458,15.4,50
1719462799512,15.35,75
1719462799654,15.3,25
1719462800447,15.2,25
1719462800709,15.15,25
1719462801441,15.2,75
1719462801908,15.2,200
1719462802652,15.25,25
1719462803108,15.15,25
1719462803458,15.2,25
1719462804109,15.1,25
1719462804458,15.1,25
1719462805333,15.2,50
1719462805644,15.2,50
1719462806456,15.3,25
1719462806712,15.25,100
1719462807672,15.25,75
1719462808116,15.25,25
1719462808467,15.3,75
1719462809104,15.3,100
1719462809461,15.4,25
1719462810087,15.45,50
1719462810325,15.4,125
1719462810641,15.45,75
1719462811467,15.4,25
1719462811532,15.35,25
1719462812462,15.45,25
1719462812713,15.6,25
1719462813654,15.35,25
1719462813724,15.3,25
1719462814456,15.45,25
1719462814924,15.45,125
1719462815662,15.55,50
1719462816126,15.45,25
1719462816464,15.5,50
1719462816923,15.55,50
1719462817462,15.45,100
1719462818143,15.65,50
1719462818519,15.6,125
1719462818649,15.6,75
1719462819479,15.65,25
1719462819743,15.8,50
1719462820454,15.85,25
1719462820928,15.9,25
1719462821471,15.95,125
1719462822125,15.9,50
1719462822462,15.8,100
1719462823344,15.85,25
1719462823664,15.9,50
1719462824475,15.9,150
1719462824540,15.9,150
1719462825676,15.8,200
1719462825791,15.85,25
1719462826481,16.0,75
1719462826957,16.1,175
1719462827448,15.9,150
1719462827951,15.9,400
1719462828460,16.05,100
1719462829143,16.1,50
1719462829372,16.05,75
1719462829673,16.1,25
1719462830472,15.85,100
1719462830553,15.9,25
1719462831446,16.0,75
1719462831757,16.0,50
1719462832466,15.9,25
1719462832973,15.9,25
1719462833668,16.0,250
1719462833953,16.0,50
1719462834481,16.05,25
1719462835155,16.15,25
1719462835668,16.0,50
1719462836151,16.1,100
1719462836458,16.1,25
1719462837154,16.1,150
1719462837488,16.15,25
1719462838185,16.0,25
1719462838563,16.05,100
1719462838669,16.1,350
1719462839461,16.05,50
1719462839964,15.9,150
1719462840112,15.8,75
1719462840454,15.85,25
1719462840766,15.9,25
1719462841370,15.9,75
1719462841642,15.95,25
1719462842482,15.85,75
1719462843466,15.9,300
1719462843576,15.85,25
1719462844377,15.85,350
1719462844673,15.85,500
1719462845478,15.9,25
1719462845575,15.9,450
1719462846488,16.15,50
1719462846780,16.1,1075
1719462847490,16.1,100
1719462847747,16.15,25
1719462848482,16.2,50
1719462848957,16.3,375
1719462849651,16.3,50
1719462849956,16.35,25
1719462850481,16.25,75
1719462851185,16.15,75
1719462851481,16.15,75
1719462852185,16.1,50
1719462852499,16.25,25
1719462852764,16.2,75
1719462853664,16.2,25
1719462853797,16.25,150
1719462854482,16.25,75
1719462854776,16.3,25
1719462855481,16.25,50
1719462855997,16.2,50
1719462856483,16.15,75
1719462856984,16.3,175
1719462857479,16.2,50
1719462857795,16.2,850
1719462858692,16.25,25
1719462858800,16.3,50
1719462859486,16.25,50
1719462860203,16.25,50
1719462860483,16.2,75
1719462860601,16.25,25
1719462861677,16.15,50
1719462861778,16.15,50
1719462862485,16.1,25
1719462863007,16.2,25
1719462863681,16.15,150
1719462863999,16.1,25
1719462864671,16.15,25
1719462865009,16.15,50
1719462865505,16.0,100
1719462866174,15.95,50
1719462866504,16.0,25
1719462867405,16.1,75
1719462867679,16.0,50
1719462868611,16.0,100
1719462869495,16.15,25
1719462870078,16.2,25
1719462870704,16.1,25
1719462871486,16.25,25
1719462872018,16.25,25
1719462872485,16.2,25
1719462873006,16.2,200
1719462873510,16.05,50
1719462874020,16.05,25
1719462874678,16.15,1000
1719462875224,16.0,25
1719462875491,16.05,25
1719462876474,16.05,50
1719462876814,16.05,25
1719462877707,16.05,25
1719462877820,16.0,25
1719462878501,16.1,50
1719462879014,16.0,25
1719462879493,16.1,25
1719462880000,16.0,25
1719462880508,15.95,25
1719462881037,15.95,75
1719462881515,15.85,25
1719462882222,15.95,75
1719462882695,15.95,50
1719462883430,15.85,50
1719462883513,15.9,25
1719462884626,16.0,50
1719462885481,16.0,75
1719462885995,16.15,25
1719462886680,16.05,50
1719462887037,15.9,25
1719462887527,15.95,175
1719462888223,16.1,75
1719462888474,16.05,25
1719462889459,16.15,100
1719462889635,16.1,25
1719462890726,16.05,1475
1719462890813,16.0,100
1719462891488,16.05,75
1719462891850,16.1,100
1719462892521,15.95,100
1719462892846,16.1,75
1719462893708,16.05,125
1719462893846,16.1,50
1719462894503,16.0,200
1719462894846,16.05,400
1719462895518,15.95,25
1719462896040,16.0,25
1719462896494,15.95,250
1719462897241,15.85,350
1719462897705,15.9,1475
1719462898444,15.7,75
1719462898522,15.7,50
1719462899521,15.55,25
1719462899644,15.5,300
1719462900105,15.5,100
1719462900502,15.45,25
1719462900660,15.45,25
1719462901725,15.6,125
1719462901838,15.6,375
1719462902655,15.75,175
1719462903509,16.05,250
1719462903842,16.1,25
1719462904720,16.5,50
1719462905250,16.4,25
1719462905518,16.5,50
1719462906453,16.45,275
1719462906731,16.3,25
1719462907518,16.2,550
1719462907669,16.25,100
1719462908713,16.1,25
1719462909074,16.2,75
1719462909500,16.25,25
1719462910258,16.3,75
1719462910512,16.3,675
1719462911075,16.5,50
1719462911727,16.5,25
1719462912266,16.45,225
1719462912527,16.4,25
1719462913521,16.45,25
1719462914480,16.45,150
1719462914689,16.45,225
1719462915523,16.3,400
1719462915666,16.3,25
1719462916529,16.2,25
1719462916847,16.3,25
1719462917504,16.4,75
1719462918088,16.45,250
1719462918732,16.45,25
1719462919252,16.25,125
1719462919518,16.35,100
1719462920533,16.5,25
1719462920878,16.45,125
1719462921724,16.0,625
1719462922097,16.0,350
1719462922533,15.95,1100
1719462923079,16.1,25
1719462923514,16.25,350
1719462924059,16.35,50
1719462924704,16.15,575
1719462925060,16.2,25
1719462925517,16.05,250
1719462926287,16.25,25
1719462926464,16.3,25
1719462926536,16.3,25
1719462927508,16.2,25
1719462927680,16.15,25
1719462928537,16.3,25
1719462929534,16.4,150
1719462929880,16.5,150
1719462930095,16.5,25
1719462930534,16.45,25
1719462930890,16.5,50
1719462931731,16.5,75
1719462932096,16.45,25
1719462932501,16.4,75
1719462933287,16.4,25
1719462933465,16.45,25
1719462934736,16.4,150
1719462935532,16.45,75
1719462935698,16.45,50
1719462936747,16.4,325
1719462936896,16.35,25
1719462937542,16.1,25
1719462938110,16.0,50
1719462938703,16.05,100
1719462939096,16.05,50
1719462939547,16.1,50
1719462940726,16.25,25
1719462941534,16.3,50
1719462941906,16.3,50
1719462942531,16.3,50
1719462942926,16.45,100
1719462943750,16.4,200
1719462944111,16.4,75
1719462944543,16.45,150
1719462945325,16.55,25
1719462945544,16.5,225
1719462945718,16.45,25
1719462946556,16.65,25
1719462946914,16.65,50
1719462947739,16.55,25
1719462948311,16.65,25
1719462948547,16.7,100
1719462949122,16.6,25
1719462949525,16.65,50
1719462950116,16.65,100
1719462950739,16.65,250
1719462951337,16.55,25
1719462951547,16.55,25
1719462952291,16.65,150
1719462952535,16.7,25
1719462953752,16.55,1225
1719462954549,16.6,25
1719462954711,16.6,25
1719462955538,16.55,25
1719462955926,16.55,25
1719462956542,16.65,25
1719462957123,16.55,900
1719462957548,16.55,25
1719462958308,16.6,25
1719462958543,16.6,25
1719462959325,16.5,50
1719462959749,16.55,25
1719462960095,16.45,75
1719462960348,16.35,25
1719462960539,16.3,175
1719462961560,16.15,25
1719462962547,15.95,25
1719462962747,16.05,150
1719462963540,16.2,25
1719462963917,16.35,50
1719462964545,16.3,50
1719462965143,16.45,25
1719462965762,16.5,25
1719462966309,16.3,75
1719462966508,16.4,25
1719462966550,16.3,25
1719462967546,16.45,25
1719462968552,16.5,25
1719462969535,16.25,25
1719462969727,16.2,25
1719462970751,16.2,350
1719462970751,16.2,350
1719462971553,16.25,75
1719462971948,16.35,25
1719462972552,16.2,50
1719462973140,16.35,150
1719462973755,16.3,25
1719462974149,16.25,75
1719462974561,16.25,50
1719462975338,16.2,25
1719462975551,16.2,25
1719462976502,16.25,25
1719462977536,16.2,25
1719462977954,16.3,300
1719462978767,16.35,375
1719462979156,16.45,50
1719462979547,16.4,275
1719462980157,16.4,50
1719462980568,16.4,50
1719462981366,16.35,800
1719462981501,16.3,125
1719462982351,16.3,50
1719462982766,16.25,25
1719462983365,16.3,75
1719462983564,16.35,100
1719462984344,16.3,125
1719462984571,16.3,25
1719462985560,16.3,375
1719462986572,16.45,25
1719462987505,16.3,100
1719462987773,16.3,25
1719462988571,16.45,25
1719462988750,16.5,500
1719462989549,16.35,75
1719462989738,16.4,200
1719462990055,16.35,75
1719462990502,16.3,25
1719462990976,16.4,800
1719462991576,16.35,200
1719462991776,16.4,50
1719462992578,16.4,1200
1719462993578,16.4,350
1719462993992,16.45,50
1719462994762,16.4,25
1719462994992,16.4,150
1719462995544,16.4,425
1719462995959,16.45,50
1719462996562,16.4,75
1719462997170,16.4,175
1719462997749,16.45,25
1719462998173,16.55,100
1719462998568,16.45,25
1719462999384,16.35,25
1719462999568,16.35,325
1719462999791,16.4,50
1719463000561,16.4,25
1719463000805,16.5,50
1719463001551,16.5,200
1719463001939,16.55,25
1719463002546,16.5,100
1719463003160,16.5,25
1719463003781,16.5,25
1719463004194,16.55,25
1719463004511,16.45,100
1719463005378,16.5,75
1719463005580,16.5,25
1719463006580,16.45,50
1719463007786,16.3,25
1719463007998,16.45,25
1719463008582,16.25,25
1719463008749,16.3,225
1719463009585,16.2,25
1719463009962,16.1,500
1719463010557,16.1,25
1719463011198,16.1,25
1719463011577,16.1,25
1719463012194,16.3,25
1719463012755,16.25,25
1719463013388,16.25,25
1719463013561,16.2,175
1719463014394,16.2,25
1719463014555,16.2,25
1719463015389,16.3,100
1719463015577,16.3,25
1719463015608,16.35,300
1719463016630,16.2,50
1719463017591,16.2,125
1719463017773,16.1,175
1719463018547,16.05,100
1719463018611,16.1,175
1719463019593,15.9,25
1719463019808,15.95,25
1719463020104,15.8,25
1719463020775,15.7,25
1719463021025,15.55,25
1719463021547,15.55,50
1719463022029,15.55,25
1719463022586,15.6,25
1719463023160,15.7,175
1719463023596,15.8,225
1719463024224,15.7,50
1719463024594,15.65,200
1719463025424,15.7,500
1719463025592,15.6,750
1719463026405,15.65,25
1719463026615,15.75,75
1719463026764,15.8,25
1719463027591,15.7,125
1719463027815,15.65,50
1719463028545,15.6,25
1719463028829,15.45,175
1719463029572,15.55,25
1719463030038,15.45,25
1719463030588,15.35,1450
1719463031212,15.1,25
1719463031793,15.15,75
1719463032219,15.35,25
1719463032595,15.35,25
1719463033036,15.35,25
1719463033596,15.6,50
1719463034227,15.7,50
1719463034595,15.8,25
1719463035241,15.95,400
1719463035787,16.15,50
1719463036546,16.25,50
1719463036843,16.25,25
1719463037568,16.15,25
1719463038034,16.2,100
1719463038783,16.2,25
1719463038845,16.2,75
1719463039593,16.15,50
1719463039856,16.2,100
1719463040588,16.15,50
1719463040850,16.15,25
1719463041596,16.2,25
1719463042055,16.3,50
1719463042589,16.2,25
1719463043243,16.15,150
1719463043599,16.1,500
1719463044253,16.15,275
1719463044545,16.0,300
1719463045244,16.1,25
1719463045596,16.0,125
1719463046246,16.0,250
1719463046555,16.05,50
1719463046659,16.05,100
1719463047663,16.0,25
1719463048798,16.1,400
1719463049036,16.0,450
1719463049560,16.15,25
1719463049858,16.15,25
1719463050092,16.05,25
1719463050666,16.15,25
1719463051586,16.15,175
1719463051661,16.1,150
1719463052617,16.4,25
1719463052862,16.3,25
1719463053812,16.3,25
1719463054017,16.35,25
1719463054606,16.3,25
1719463055081,16.3,50
1719463055595,16.4,25
1719463055667,16.4,125
1719463056582,16.35,100
1719463057657,16.35,750
1719463058540,16.45,25
1719463058673,16.4,75
1719463059664,16.4,75
1719463060615,16.4,125
1719463061064,16.45,75
1719463061775,16.4,50
1719463062272,16.4,75
1719463062665,16.35,250
1719463063796,16.4,25
1719463064074,16.45,25
1719463064577,16.5,200
1719463065259,16.45,25
1719463065605,16.5,25
1719463066460,16.5,50
1719463066688,16.6,50
1719463067632,16.45,225
1719463067683,16.45,25
1719463068607,16.35,325
1719463068864,16.4,25
1719463069621,16.45,25
1719463069876,16.4,75
1719463070571,16.3,25
1719463070876,16.35,25
1719463071816,16.45,25
1719463072297,16.35,25
1719463072596,16.4,50
1719463073240,16.55,25
1719463073619,16.55,25
1719463074477,16.6,25
1719463074655,16.6,25
1719463075608,16.5,25
1719463076075,16.6,25
1719463076601,16.45,75
1719463077099,16.45,100
1719463077617,16.5,300
1719463078290,16.5,500
1719463078622,16.55,50
1719463079292,16.55,50
1719463079814,16.65,225
1719463080112,16.7,50
1719463080463,16.6,50
1719463080620,16.65,150
1719463080914,16.65,925
1719463081629,16.55,25
1719463082311,16.65,25
1719463082615,16.65,225
1719463083100,16.6,25
1719463083599,16.6,100
1719463084089,16.5,300
1719463084816,16.5,25
1719463085111,16.3,25
1719463085610,16.25,25
1719463086268,16.45,25
1719463086607,16.45,75
1719463087496,16.35,175
1719463087715,16.4,150
1719463088614,16.45,50
1719463088910,16.5,25
1719463089838,16.45,75
1719463090121,16.5,50
1719463090601,16.5,25
1719463091307,16.5,875
1719463091629,16.4,50
1719463092525,16.45,150
1719463092629,16.4,25
1719463092735,16.5,25
1719463093609,16.5,25
1719463093932,16.4,25
1719463094615,16.4,400
1719463095121,16.35,25
1719463095831,16.25,25
1719463096335,16.2,25
1719463096606,16.05,200
1719463097299,16.25,25
1719463097617,16.3,25
1719463098298,16.3,25
1719463098621,16.35,25
1719463099324,16.5,25
1719463099627,16.4,25
1719463100533,16.35,25
1719463100590,16.4,25
1719463100824,16.35,50
1719463101607,16.35,25
1719463102074,16.3,25
1719463102638,16.3,25
1719463103119,16.35,75
1719463103625,16.35,50
1719463104101,16.35,25
1719463104628,16.35,25
1719463105301,16.3,25
1719463105631,16.3,25
1719463106608,16.3,75
1719463107354,16.25,750
1719463107635,16.3,75
1719463108353,16.35,50
1719463108631,16.3,425
1719463109314,16.4,25
1719463109636,16.4,50
1719463110062,16.4,475
1719463110559,16.35,100
1719463110850,16.4,225
1719463111634,16.45,275
1719463111949,16.5,650
1719463112648,16.4,50
1719463112942,16.45,75
1719463113643,16.35,50
1719463114116,16.5,25
1719463114613,16.55,25
1719463115170,16.5,125
1719463115647,16.45,50
1719463116112,16.4,125
1719463116637,16.45,25
1719463117354,16.5,25
1719463117647,16.45,25
1719463118640,16.35,50
1719463119605,16.45,50
1719463120534,16.25,125
1719463120628,16.2,250
1719463120710,16.2,25
1719463121836,15.7,50
1719463121984,15.9,275
1719463122648,15.75,25
1719463122961,15.7,50
1719463123657,15.9,25
1719463123960,15.6,25
1719463124661,15.75,25
1719463125157,15.8,25
1719463125834,15.9,25
1719463125974,15.75,50
1719463126620,15.7,75
1719463126782,15.6,50
1719463127624,15.5,25
1719463127950,15.6,350
1719463128656,16.0,25
1719463129174,16.1,150
1719463129657,16.4,25
1719463130374,16.25,50
1719463130654,16.4,50
1719463131379,16.55,50
1719463131653,16.5,25
1719463132584,16.45,400
1719463132864,16.45,375
1719463133576,16.4,100
1719463133659,16.4,50
1719463134656,16.35,50
1719463134754,16.35,50
1719463135634,16.45,150
1719463135984,16.35,50
1719463136654,16.2,25
1719463137371,16.25,200
1719463137644,16.35,25
1719463138317,16.25,75
1719463138639,16.2,25
1719463139585,16.05,100
1719463139672,15.95,25
1719463140083,16.0,175
1719463140648,16.15,1175
1719463141584,16.0,150
1719463141621,16.05,25
1719463141782,16.0,25
1719463142842,16.1,25
1719463143202,16.2,25
1719463143660,16.2,125
1719463144360,16.2,50
1719463144662,16.25,25
1719463145580,16.25,50
1719463145790,16.15,50
1719463146671,16.1,25
1719463146816,16.0,25
1719463147845,16.0,25
1719463147977,16.1,75
1719463148658,16.05,500
1719463149201,16.1,200
1719463149649,16.2,50
1719463149990,16.15,175
1719463150609,16.1,75
1719463150987,16.15,25
1719463151657,16.1,175
1719463152416,16.1,50
1719463152612,16.05,25
1719463153178,16.1,25
1719463153641,16.0,25
1719463154596,15.95,25
1719463154650,15.95,50
1719463155652,15.8,75
1719463156615,15.95,150
1719463157398,15.95,25
1719463157668,16.0,75
1719463158645,16.15,25
1719463158810,16.2,25
1719463159658,16.15,50
1719463159827,16.1,500
1719463160641,16.15,50
1719463161026,16.15,125
1719463161667,16.05,50
1719463162211,16.05,25
1719463162657,16.1,25
1719463163135,16.1,25
1719463163873,16.05,25
1719463164169,16.0,50
1719463164657,15.9,25
1719463165377,16.0,425
1719463165667,15.9,25
1719463166392,16.0,50
1719463166677,16.05,50
1719463167664,16.05,625
1719463167837,16.1,25
1719463168644,16.0,25
1719463169044,16.05,25
1719463169672,16.2,25
1719463170208,16.1,25
1719463170659,16.1,150
1719463171235,16.1,75
1719463171689,16.05,50
1719463172421,16.1,500
1719463172661,16.05,200
1719463173410,16.0,1250
1719463173647,16.05,75
1719463174398,16.1,100
1719463174661,16.0,50
1719463175421,16.1,25
1719463175599,16.15,75
1719463176644,16.0,150
1719463176826,16.0,25
1719463176871,16.0,125
1719463177670,16.05,325
1719463177838,16.05,825
1719463178636,16.1,725
1719463179018,15.95,25
1719463179662,16.05,25
1719463180570,16.05,25
1719463181878,15.7,50
1719463182668,15.65,50
1719463182869,15.6,50
1719463183667,15.65,75
1719463184047,15.65,975
1719463184683,15.6,25
1719463185050,15.7,150
1719463185657,15.8,50
1719463186462,15.9,25
1719463186684,16.0,325
1719463187444,15.95,25
1719463187628,15.85,25
1719463188460,15.9,200
1719463188659,15.9,50
1719463189663,15.85,175
1719463189850,15.95,25
1719463190644,16.1,100
1719463191049,16.05,100
1719463191709,16.0,25
1719463192244,15.9,25
1719463192703,15.85,25
1719463193432,15.95,25
1719463193675,15.85,25
1719463194271,15.9,50
1719463194639,15.95,25
1719463195476,15.9,25
1719463195887,15.95,150
1719463196670,15.9,25
1719463197693,15.95,25
1719463197883,15.95,25
1719463198685,15.9,25
1719463199070,15.85,25
1719463199687,15.8,25
1719463200044,15.9,25
1719463200274,15.85,50
1719463200910,15.85,75
1719463201470,15.65,100
1719463201691,15.6,25
1719463202647,15.65,25
1719463203702,15.95,25
1719463203864,15.9,25
1719463204671,15.65,25
1719463205652,15.8,25
1719463205853,15.85,575
1719463206696,15.75,50
1719463207068,15.7,175
1719463207665,15.55,275
1719463207823,15.65,575
1719463208695,15.8,25
1719463209055,15.75,625
1719463209656,15.75,75
1719463210095,15.8,75
1719463210710,15.6,75
1719463211090,15.55,25
1719463211674,15.55,50
1719463212301,15.4,50
1719463212705,15.35,75
1719463213510,15.5,25
1719463213677,15.5,50
1719463214696,15.4,50
1719463214887,15.45,25
1719463215866,15.65,25
1719463216107,15.6,50
1719463216671,15.55,75
1719463217092,15.6,25
1719463217695,15.6,75
1719463218306,15.8,25
1719463218677,15.75,25
1719463219315,15.75,25
1719463219704,15.8,25
1719463220502,15.8,125
1719463220890,15.75,25
1719463221489,15.75,175
1719463221690,15.8,25
1719463222708,15.65,75
1719463222892,15.75,25
1719463223674,15.6,500
1719463224114,15.5,100
1719463224686,15.55,25
1719463225301,15.55,50
1719463225660,15.5,25
1719463226118,15.45,25
1719463226909,15.6,425
1719463227329,15.45,25
1719463227704,15.3,25
1719463228520,15.05,25
1719463228682,15.2,50
1719463229722,15.6,1375
1719463229914,15.55,75
1719463230070,15.5,50
1719463230712,15.4,50
1719463231136,15.5,25
1719463231698,15.4,25
1719463232529,14.85,25
1719463232701,14.95,50
1719463233521,15.1,25
1719463233907,15.3,250
1719463234535,15.25,75
1719463234707,15.2,75
1719463235690,15.4,25
1719463236137,15.45,400
1719463236708,15.35,50
1719463237326,15.35,75
1719463237677,15.25,425
1719463238336,15.35,50
1719463238681,15.4,25
1719463239530,15.45,25
1719463239698,15.5,75
1719463240548,15.4,500
1719463240714,15.4,25
1719463241705,15.6,25
1719463241912,15.5,25
1719463242922,15.45,75
1719463243145,15.45,75
1719463243712,15.45,25
1719463244350,15.55,125
1719463244724,15.4,25
1719463245550,15.45,25
1719463245702,15.45,100
1719463246557,15.35,75
1719463246700,15.35,25
1719463247540,15.35,25
1719463247716,15.35,25
1719463248762,15.35,25
1719463249742,15.5,25
1719463250716,15.4,25
1719463251157,15.5,125
1719463251706,15.5,25
1719463252314,15.5,125
1719463252718,15.4,25
1719463253556,15.3,25
1719463253707,15.4,25
1719463254373,15.5,50
1719463254720,15.4,500
1719463255537,15.3,25
1719463255666,15.35,25
1719463256758,15.5,125
1719463256915,15.5,25
1719463257710,15.5,25
1719463257975,15.5,25
1719463258730,15.55,25
1719463258975,15.5,50
1719463259724,15.55,25
1719463260183,15.6,25
1719463260738,15.55,25
1719463261170,15.6,125
1719463261698,15.4,25
1719463262382,15.0,25
1719463262728,15.2,325
1719463263758,15.35,125
1719463264578,15.35,25
1719463264727,15.4,200
1719463265767,15.35,25
1719463266190,15.25,75
1719463266730,15.15,50
1719463267137,15.25,25
1719463267728,15.25,25
1719463267984,15.25,425
1719463268742,15.15,75
1719463269584,15.2,50
1719463269720,15.25,25
1719463270563,15.2,225
1719463270732,15.3,25
1719463271593,15.15,50
1719463271719,15.15,25
1719463272193,15.2,100
1719463272743,15.3,25
1719463273363,15.2,25
1719463273733,15.3,50
1719463274356,15.15,25
1719463274726,15.15,50
1719463275383,15.0,25
1719463275728,15.05,50
1719463276598,14.1,25
1719463276932,14.0,25
1719463277793,14.0,50
1719463278612,14.0,50
1719463278731,13.95,150
1719463279805,13.9,75
1719463279905,14.0,100
1719463280202,14.1,225
1719463280736,14.1,500
1719463281411,14.25,200
1719463281700,14.35,50
1719463282411,14.3,50
1719463282740,14.35,25
1719463283419,14.4,100
1719463283740,14.5,25
1719463284407,14.6,250
1719463284678,14.7,300
1719463285365,14.6,25
1719463285716,14.55,25
1719463286614,14.5,575
1719463286711,14.5,25
1719463287807,14.75,1100
1719463288007,14.75,25
1719463288747,14.75,25
1719463289034,14.8,25
1719463289754,14.65,50
1719463290069,14.75,575
1719463290173,14.75,25
1719463290755,14.7,500
1719463291434,14.6,25
1719463291765,14.65,400
1719463292428,14.65,450
1719463292732,14.6,25
1719463293399,14.7,25
1719463293747,14.65,25
1719463294625,14.65,150
1719463294761,14.65,50
1719463295039,14.55,25
1719463296024,14.55,75
1719463296753,14.5,25
1719463297211,14.6,25
1719463297763,14.5,25
1719463298609,14.45,25
1719463298752,14.35,25
1719463299629,14.5,25
1719463299748,14.5,25
1719463300425,14.35,300
1719463300752,14.45,500
1719463301425,14.45,25
1719463301741,14.35,25
1719463302626,14.45,25
1719463302751,14.4,25
1719463303761,14.45,25
1719463304051,14.5,25
1719463305052,14.5,25
1719463305705,14.65,25
1719463306046,14.55,50
1719463306738,14.55,700
1719463307236,14.6,25
1719463307734,14.65,500
1719463308415,14.6,150
1719463308750,14.55,25
1719463309430,14.7,25
1719463309762,14.7,25
1719463310456,14.7,25
1719463310740,14.65,500
1719463311640,14.65,75
1719463311755,14.65,25
1719463312848,14.5,25
1719463313751,14.5,25
1719463314213,14.6,375
1719463314758,14.5,250
1719463315240,14.55,75
1719463315737,14.55,75
1719463316459,14.55,25
1719463316747,14.5,800
1719463317658,14.6,100
1719463317762,14.6,150
1719463318666,14.65,25
1719463318775,14.65,25
1719463319756,14.55,100
1719463320106,14.6,25
1719463320673,14.6,50
1719463320983,14.45,75
1719463321850,14.5,25
1719463322071,14.35,125
1719463322763,14.2,1575
1719463323276,14.3,25
1719463323748,14.35,25
1719463324482,14.45,25
1719463324762,14.35,50
1719463325789,14.35,25
1719463326652,14.35,125
1719463326789,14.35,25
1719463327639,14.5,25
1719463327763,14.5,25
1719463328689,14.5,25
1719463328977,14.55,25
1719463329770,14.4,25
1719463329869,14.4,300
1719463330862,14.6,250
1719463331254,14.65,25
1719463331747,14.55,25
1719463332493,14.45,300
1719463332735,14.45,250
1719463333665,14.6,200
1719463333777,14.65,75
1719463334681,14.45,250
1719463334983,14.45,350
1719463335752,14.6,200
1719463335878,14.6,150
1719463336058,14.5,25
1719463336740,14.6,175
1719463337274,14.55,25
1719463337775,14.35,25
1719463338055,14.4,100
1719463338781,14.45,50
1719463339204,14.45,25
1719463339776,14.45,25
1719463340192,14.4,375
1719463340784,14.45,150
1719463341500,14.4,50
1719463341762,14.4,25
1719463342674,14.5,200
1719463342785,14.4,50
1719463343749,14.45,100
1719463344772,14.5,50
1719463358759,13.9,475
1719463358910,13.9,25
1719463359785,13.9,25
1719463359903,13.85,25
1719463360691,13.8,700
1719463360789,13.8,25
1719463361790,13.65,50
1719463361914,13.7,25
1719463362125,13.8,150
1719463362797,13.9,50
1719463363119,13.9,25
1719463363778,14.05,25
1719463364538,13.85,50
1719463364775,13.9,100
1719463365733,13.85,225
1719463366743,14.0,350
1719463366790,14.0,950
1719463367334,14.0,125
1719463367964,13.95,25
1719463368516,14.0,100
1719463368789,13.9,25
1719463369736,13.9,75
1719463369789,13.9,50
1719463370542,13.95,25
1719463370752,13.9,50
1719463371540,13.75,50
1719463371747,13.8,75
1719463372542,13.8,200
1719463372788,13.65,75
1719463373543,13.8,25
1719463373791,13.65,500
1719463374556,13.75,125
1719463374789,13.65,25
1719463376794,13.75,250
1719463377792,13.8,50
1719463377956,13.85,75
1719463378122,13.8,25
1719463378820,13.85,200
1719463379350,13.85,75
1719463379803,14.15,50
1719463380115,14.1,25
1719463380344,14.05,50
1719463380741,14.0,400
1719463381529,14.3,50
1719463381989,14.15,25
1719463382756,14.3,25
1719463382814,14.3,250
1719463383791,14.25,150
1719463384790,14.1,25
1719463385737,14.15,25
1719463385801,14.2,25
1719463386815,14.15,175
1719463387797,14.05,50
1719463387977,14.15,100
1719463388359,14.15,125
1719463388778,14.15,450
1719463389561,14.15,50
1719463389789,14.15,50
1719463390569,14.2,25
1719463390787,14.25,100
1719463391803,14.3,75
1719463391967,14.35,475
1719463392802,14.45,125
1719463392967,14.45,150
1719463393170,14.35,25
1719463393864,14.4,300
1719463394172,14.45,125
1719463394799,14.5,25
1719463395566,14.45,1600
1719463395802,14.5,1375
1719463396586,14.45,50
1719463396712,14.55,25
1719463397760,14.5,25
1719463397804,14.55,200
1719463398815,14.55,50
1719463399812,14.45,25
1719463400201,14.5,25
1719463400809,14.4,100
1719463401160,14.5,200
1719463401816,14.6,25
1719463402360,14.6,75
1719463402802,14.65,25
1719463403602,14.6,475
1719463403813,14.65,300
1719463404764,14.7,25
1719463404973,14.55,100
1719463405801,14.65,50
1719463406808,14.95,75
1719463406998,14.85,100
1719463407817,15.0,25
1719463408401,15.0,500
1719463408812,15.15,25
1719463409613,15.15,25
1719463409822,15.35,50
1719463410109,15.35,25
1719463410569,15.35,50
1719463410799,15.4,325
1719463411822,15.2,125
1719463412825,15.15,300
1719463413024,15.2,50
1719463413217,15.2,125
1719463413813,15.1,75
1719463414597,15.2,25
1719463414982,15.3,25
1719463415414,15.35,200
1719463415755,15.3,25
1719463416405,15.3,250
1719463416823,15.55,100
1719463417609,15.6,25
1719463417816,15.65,25
1719463418816,15.4,25
1719463419834,15.45,100
1719463420019,15.45,175
1719463420814,15.5,50
1719463421831,15.3,25
1719463422032,15.25,50
1719463422230,15.35,25
1719463422797,15.4,100
1719463423441,15.5,50
1719463423814,15.55,50
1719463424600,15.35,325
1719463424802,15.35,25
1719463425825,15.55,25
1719463426820,15.4,50
1719463427829,15.6,25
1719463428047,15.6,25
1719463429039,16.4,325
1719463429201,16.4,25
1719463429835,16.3,25
1719463430672,15.95,50
1719463430832,15.95,200
1719463431854,15.95,50
1719463432039,16.1,50
1719463432839,16.9,75
1719463433042,16.95,50
1719463433840,16.35,25
1719463434038,16.35,150
1719463434830,16.55,50
1719463435269,16.4,50
1719463436012,16.3,25
1719463436658,16.3,25
1719463436821,16.3,150
1719463437651,16.4,25
1719463437802,16.4,75
1719463438799,16.3,175
1719463439049,16.4,25
1719463440056,16.5,300
1719463440125,16.45,25
1719463440843,16.3,50
1719463441210,16.55,25
1719463441815,16.45,150
1719463442464,16.15,175
1719463442828,16.2,475
1719463443642,16.05,25
1719463443823,15.9,25
1719463444664,16.05,25
1719463445042,16.0,50
1719463445864,16.05,25
1719463457683,15.9,50
1719463457827,15.85,75
1719463458683,15.85,125
1719463458824,15.85,25
1719463459641,16.05,300
1719463460894,16.2,150
1719463461848,16.25,200
1719463462082,16.15,175
1719463462288,16.05,250
1719463462822,16.15,25
1719463463460,16.05,25
1719463463862,16.05,25
1719463465882,16.15,125
1719463466057,16.2,25
1719463466878,16.1,175
1719463467838,15.95,50
1719463467890,15.95,25
1719463468868,15.9,25
1719463469089,15.9,25
1719463469286,15.85,25
1719463469839,15.85,175
1719463470496,15.3,75
1719463470860,15.25,25
1719463471704,15.2,75
1719463471850,15.15,25
1719463472702,15.05,25
1719463472847,15.0,325
1719463473675,15.2,25
1719463473849,15.25,25
1719463474840,15.15,50
1719463474914,15.1,25
1719463475909,15.05,25
1719463476838,14.95,75
1719463476905,14.85,500
1719463477829,15.05,50
1719463477901,15.1,25
1719463478493,15.2,25
1719463478847,15.35,50
1719463479693,15.4,700
1719463479818,15.5,600
1719463480704,15.7,100
1719463481059,15.7,25
1719463481853,15.8,25
1719463482927,15.8,125
1719463483853,15.75,100
1719463484315,15.75,75
1719463484806,15.8,525
1719463485320,15.8,850
1719463486024,15.7,25
1719463486727,15.65,50
1719463486816,15.65,150
1719463487700,15.7,275
1719463487830,15.7,50
1719463488894,15.7,200
1719463489861,15.7,50
1719463490816,15.75,25
1719463491121,15.9,25
1719463491269,15.8,25
1719463491863,15.85,125
1719463492492,15.9,25
1719463492841,15.85,25
1719463493945,15.8,25
1719463495879,15.85,250
1719463495945,15.85,175
1719463496931,15.95,200
1719463497944,15.75,25
1719463498858,15.9,50
1719463499133,15.85,25
1719463499345,15.8,125
1719463499858,15.85,50
1719463500083,15.75,50
1719463500340,15.7,25
1719463500878,15.5,50
1719463501734,15.45,25
1719463501839,15.4,50
1719463502732,15.4,25
1719463503046,15.45,25
1719463503757,15.5,50
1719463503867,15.45,25
1719463504880,15.3,25
1719463505877,15.6,1800
1719463505958,15.55,50
1719463506938,15.45,225
1719463507877,15.35,25
1719463508758,15.35,25
1719463508887,15.4,50
1719463509360,15.2,1050
1719463509877,15.15,50
1719463510365,15.4,75
1719463510882,15.5,25
1719463511712,15.75,25
1719463511880,15.8,25
1719463512749,15.55,350
1719463512749,15.55,350
1719463513883,15.7,700
1719463513949,15.65,25
1719463514877,15.7,225
1719463514902,15.7,25
1719463515856,15.7,250
1719463516339,15.7,400
1719463516856,15.9,100
1719463517370,15.85,525
1719463517857,15.8,50
1719463518579,15.85,25
1719463518871,15.8,325
1719463519573,15.65,25
1719463520046,15.7,25
1719463520753,15.65,400
1719463520870,15.7,25
1719463521782,15.55,1000
1719463521865,15.6,50
1719463522893,15.5,50
1719463522983,15.55,225
1719463523883,15.4,25
1719463524159,15.5,150
1719463524885,15.3,100
1719463525173,15.3,25
1719463525386,15.3,500
1719463525887,15.35,200
1719463526583,15.35,25
1719463526875,15.4,25
1719463527740,15.4,25
1719463527865,15.4,250
1719463528881,15.3,125
1719463529893,15.35,100
1719463529941,15.35,25
1719463530862,15.1,25
1719463531131,15.05,75
1719463531885,14.9,25
1719463532182,14.75,50
1719463532393,14.85,150
1719463532894,14.95,25
1719463533403,14.95,300
1719463533882,15.05,125
1719463534606,15.0,100
1719463535078,15.0,500
1719463535595,14.95,150
1719463535896,15.0,500
1719463536586,15.0,25
1719463536879,14.95,75
1719463537774,14.75,25
1719463537898,14.8,25
1719463538780,14.85,900
1719463538904,14.9,25
1719463539804,14.85,25
1719463539867,14.9,100
1719463540899,14.75,100
1719463541012,14.75,75
1719463541876,14.95,25
1719463542005,14.95,75
1719463542835,14.8,250
1719463543209,14.85,725
1719463543401,14.85,25
1719463543882,14.95,100
1719463544589,14.95,1000
1719463544875,15.0,50
1719463545414,15.0,50
1719463545852,14.9,50
1719463546798,14.85,1450
1719463547081,14.9,25
1719463547918,14.8,25
1719463548883,14.5,250
1719463549020,14.55,25
1719463549897,14.35,100
1719463550227,14.4,200
1719463550408,14.4,225
1719463550899,14.25,75
1719463551638,14.45,50
1719463551899,14.5,25
1719463552626,14.55,25
1719463552901,14.6,25
1719463553638,14.65,25
1719463553878,14.75,100
1719463554821,15.05,200
1719463555099,15.1,325
1719463555884,15.05,50
1719463556857,15.1,100
1719463557035,15.15,975
1719463557894,15.15,100
1719463557975,15.2,25
1719463558832,15.15,775
1719463559040,15.2,100
1719463559920,15.1,50
1719463560005,15.0,25
1719463560097,15.1,150
1719463560817,15.15,75
1719463561031,15.1,250
1719463561647,15.15,25
1719463561835,15.25,25
1719463562650,15.0,25
1719463562903,15.05,50
1719463563902,15.2,25
1719463564874,15.3,25
1719463565033,15.35,25
1719463565902,15.15,25
1719463566252,15.25,75
1719463566914,15.35,25
1719463567217,15.45,100
1719463567449,15.35,50
1719463567859,15.35,50
1719463568450,15.3,25
1719463568877,15.3,200
1719463569640,15.4,25
1719463569905,15.4,125
1719463570854,15.6,50
1719463570904,15.6,100
1719463571904,15.45,50
1719463572852,15.6,150
1719463572888,15.6,25
1719463573632,15.8,100
1719463573901,15.75,25
1719463574645,15.65,25
1719463574899,15.75,25
1719463575612,15.65,25
1719463575848,15.65,175
1719463576834,15.75,100
1719463577933,15.75,50
1719463578635,15.8,50
1719463578907,15.85,75
1719463579849,15.85,125
1719463579891,15.85,50
1719463580456,15.9,25
1719463581093,15.85,50
1719463581638,15.9,25
1719463581897,15.9,375
1719463582920,16.0,150
1719463583912,16.15,25
1719463584053,16.2,1525
1719463584926,16.35,25
1719463585255,16.35,100
1719463585469,16.35,200
1719463585913,16.3,50
1719463586479,16.25,75
1719463586929,16.2,600
1719463587483,16.2,25
1719463588114,16.1,25
1719463588684,16.05,50
1719463588893,16.1,25
1719463589471,16.2,25
1719463589926,16.1,75
1719463590108,16.05,25
1719463590686,16.05,100
1719463590923,16.1,50
1719463591668,16.15,25
1719463591897,16.15,300
1719463592933,16.15,25
1719463593911,16.05,25
1719463594074,16.1,25
1719463594920,16.2,25
1719463595248,16.1,100
1719463595482,16.0,375
1719463595910,16.1,50
1719463596924,16.25,75
1719463597923,16.4,225
1719463598932,16.35,50
1719463599871,16.25,425
1719463600091,16.2,50
1719463600915,16.3,25
1719463601076,16.4,25
1719463601937,16.3,25
1719463609884,15.7,75
1719463610083,15.6,250
1719463611904,15.9,25
1719463612291,16.0,150
1719463612943,15.85,75
1719463613305,16.0,75
1719463613942,16.0,50
1719463614133,16.0,25
1719463614927,16.0,75
1719463615305,16.0,25
1719463615912,16.05,25
1719463616313,16.0,750
1719463616513,15.95,275
1719463616942,15.85,25
1719463617717,15.75,725
1719463618117,15.9,25
1719463618930,16.0,100
1719463619900,16.0,25
1719463620079,15.95,75
1719463620926,16.2,25
1719463621918,16.2,500
1719463622141,16.45,150
1719463622924,16.25,125
1719463623325,16.3,75
1719463623539,16.35,100
1719463623920,16.35,25
1719463624702,16.3,50
1719463624929,16.4,25
1719463625752,16.4,50
1719463625954,16.4,100
1719463626714,16.3,25
1719463626922,16.3,100
1719463627757,16.3,150
1719463627933,16.35,25
1719463628940,16.2,25
1719463629926,16.1,125
1719463630936,16.0,125
1719463631937,15.95,25
1719463632311,15.95,75
1719463632951,15.95,25
1719463633160,15.8,50
1719463633909,15.9,25
1719463634342,15.9,125
1719463634544,15.85,50
1719463634947,15.85,300
1719463635559,15.85,25
1719463636102,15.85,500
1719463636758,15.85,50
1719463636955,15.7,225
1719463637966,15.7,25
1719463638958,15.65,100
1719463640140,15.6,25
1719463641153,15.45,275
1719463641938,15.35,150
1719463642093,15.45,50
1719463642930,15.35,150
1719463643350,15.3,25
1719463643929,15.3,100
1719463644365,15.3,200
1719463644948,15.25,25
1719463645171,15.2,50
1719463645926,15.4,25
1719463646376,15.35,25
1719463646582,15.5,200
1719463646946,15.55,25
1719463647756,15.7,25
1719463647945,15.75,25
1719463648767,15.85,100
1719463648962,15.8,25
1719463649787,16.0,200
1719463649958,16.0,25
1719463650118,15.9,50
1719463650767,15.9,50
1719463650938,15.9,25
1719463651774,15.6,25
1719463651954,15.6,75
1719463652767,15.7,150
1719463652954,15.7,100
1719463653767,15.8,275
1719463653970,15.85,25
1719463654579,15.9,50
1719463654970,15.85,25
1719463655790,15.9,25
1719463655966,15.95,25
1719463656757,16.0,25
1719463657095,16.0,150
1719463657944,16.05,25
1719463658730,16.05,100
1719463658947,16.0,25
1719463660001,15.9,50
1719463660908,15.9,175
1719463661161,15.95,50
1719463661951,15.85,75
1719463662195,15.95,50
1719463662590,16.0,25
1719463662823,16.0,25
1719463663695,15.9,25
1719463663908,15.9,25
1719463664981,16.1,25
1719463665975,16.05,200
1719463666175,16.05,375
1719463666605,15.95,25
1719463666942,15.95,25
1719463667774,15.95,25
1719463667967,16.0,25
1719463668798,16.15,25
1719463668964,16.1,50
1719463669966,16.1,25
1719463670617,16.0,50
1719463670954,16.0,25
1719463671582,16.05,100
1719463672144,15.9,50
1719463673008,15.8,50
1719463674000,15.4,25
1719463674962,15.6,700
1719463675198,15.65,625
1719463675980,15.75,400
1719463676199,15.8,25
1719463676987,15.75,25
1719463688978,15.7,25
1719463689150,15.7,225
1719463690950,15.7,500
1719463691417,15.75,75
1719463691956,15.8,25
1719463692406,15.75,50
1719463692789,15.8,25
1719463692977,15.8,250
1719463693812,15.75,25
1719463693942,15.65,25
1719463694828,15.85,1300
1719463694948,15.8,825
1719463695985,15.95,25
1719463696228,16.05,200
1719463696826,16.0,25
1719463696984,16.0,25
1719463697835,15.6,25
1719463697930,15.6,925
1719463698974,15.45,1000
1719463699054,15.45,100
1719463700035,15.65,25
1719463700774,15.6,25
1719463701640,15.6,50
1719463701997,15.5,50
1719463702773,15.6,25
1719463702994,15.55,25
1719463703818,15.65,100
1719463704201,15.6,125
1719463704830,15.55,25
1719463704971,15.55,25
1719463705850,15.5,25
1719463705983,15.5,25
1719463706812,15.45,50
1719463706980,15.5,50
1719463708067,15.45,50
1719463708888,15.5,175
1719463709124,15.55,125
1719463709937,15.55,150
1719463710124,15.5,50
1719463710431,15.45,25
1719463710622,15.45,50
1719463710979,15.35,250
1719463711784,15.25,100
1719463711994,15.25,75
1719463712657,14.9,125
1719463713017,14.75,25
1719463713981,15.0,50
1719463714856,15.0,75
1719463715001,14.9,100
1719463715572,14.95,25
1719463715954,15.0,25
1719463716982,14.75,325
1719463717067,14.8,25
1719463717985,14.8,25
1719463718050,14.8,25
1719463718990,14.75,25
1719463719263,14.7,500
1719463720009,14.5,25
1719463720460,14.45,75
1719463720995,14.6,25
1719463721458,14.5,25
1719463721988,14.5,25
1719463722426,14.35,175
1719463722659,14.35,125
1719463722992,14.35,375
1719463723872,14.5,275
1719463723986,14.45,125
1719463725082,14.6,75
1719463726089,14.55,25
1719463727013,15.0,500
1719463727275,14.8,25
1719463728008,14.85,50
1719463728271,15.0,50
1719463729010,15.15,100
1719463729261,15.3,225
1719463729993,15.3,500
1719463730484,15.3,25
1719463730683,15.1,50
1719463731012,15.25,1050
1719463731645,15.2,25
1719463731990,15.25,25
1719463732895,15.3,400
1719463733003,15.3,25
1719463734075,15.25,25
1719463749022,14.75,25
1719463749060,14.75,25
1719463750007,14.9,75
1719463750298,14.8,25
1719463751020,14.8,25
1719463751520,14.6,225
1719463751690,14.6,350
1719463751978,14.55,50
1719463752905,14.5,25
1719463753004,14.65,25
1719463753704,14.6,25
1719463754026,14.6,25
1719463754675,14.6,25
1719463755013,14.7,400
1719463756020,14.65,100
1719463756117,14.65,50
1719463761000,13.9,50
1719463761713,14.0,175
1719463762010,13.85,150
1719463762735,13.85,1000
1719463763183,13.85,50
1719463765129,14.05,25
1719463766013,14.05,25
1719463766346,14.3,25
1719463767006,14.3,50
1719463767352,14.3,200
1719463767990,14.45,200
1719463768344,14.5,25
1719463768957,14.45,100
1719463769725,14.4,50
1719463769969,14.4,75
1719463770109,14.45,100
1719463770632,14.45,200
1719463771030,14.5,300
1719463771722,14.55,25
1719463772031,14.5,75
1719463772938,14.55,50
1719463773002,14.5,25
1719463773940,14.3,50
1719463773986,14.35,25
1719463775018,14.25,25
1719463775153,14.2,175
1719463777019,13.85,600
1719463777535,14.05,500
1719463777745,14.15,25
1719463777968,14.1,250
1719463778961,14.15,25
1719463779048,14.15,50
1719463779761,14.25,25
1719463780026,14.25,25
1719463781034,14.3,50
1719463781147,14.35,175
1719463782036,14.35,25
1719463782148,14.35,425
1719463782992,14.4,25
1719463783358,14.35,225
1719463784001,14.2,75
1719463784344,14.25,25
1719463785232,14.35,25
1719463785553,14.25,1025
1719463786033,14.25,50
1719463786562,14.35,25
1719463787030,14.25,25
1719463787743,14.3,50
1719463788006,14.35,25
1719463788939,14.2,25
1719463788991,14.25,25
1719463790032,14.3,225
1719463790192,14.2,25
1719463791020,14.15,100
1719463792022,14.05,50
1719463792170,14.05,25
1719463793025,14.1,225
1719463793280,14.15,1000
1719463794024,13.85,275
1719463794360,13.85,50
1719463795038,13.9,75
1719463795401,13.8,25
1719463796057,13.95,75
1719463796354,13.85,100
1719463797041,14.05,25
1719463797579,14.1,100
1719463797745,14.1,175
1719463798031,14.1,50
1719463798777,14.05,75
1719463799038,14.05,100
1719463800050,14.0,125
1719463800115,14.0,25
1719463801019,13.95,100
1719463801197,14.0,25
1719463802201,13.95,325
1719463802989,14.0,50
1719463803202,14.1,25
1719463804033,14.05,25
1719463804386,13.95,175
1719463805044,14.0,25
1719463805571,14.1,25
1719463806044,14.15,200
1719463806603,14.15,25
1719463806793,14.1,75
1719463807008,14.25,25
1719463807785,14.1,50
1719463808022,14.15,125
1719463809056,14.0,50
1719463810030,13.95,1100
1719463810199,14.05,25
1719463811265,13.9,75
1719463811393,13.95,25
1719463812051,13.85,925
1719463812351,13.95,675
1719463812985,13.8,75
1719463813408,13.4,25
1719463814037,13.25,150
1719463814600,13.35,50
1719463814797,13.4,25
1719463815019,13.35,125
1719463816049,13.4,1350
1719463816223,13.35,1750
1719463817044,13.45,200
1719463818055,13.65,100
1719463818190,13.6,100
1719463819059,13.9,250
1719463819422,13.75,50
1719463820010,13.7,25
1719463820228,13.8,750
1719463821061,13.75,25
1719463821371,13.75,50
1719463822037,13.75,25
1719463822417,13.7,700
1719463823040,13.65,50
1719463823331,13.65,300
1719463824049,13.6,25
1719463824381,13.6,25
1719463824817,13.6,25
1719463825056,13.65,50
1719463826056,13.65,125
1719463827065,13.85,175
1719463827989,13.9,25
1719463828242,13.9,300
1719463829080,14.0,200
1719463829241,14.05,425
1719463830116,14.35,75
1719463830257,14.5,25
1719463830426,14.4,175
1719463831056,14.3,25
1719463831548,14.0,50
1719463831833,13.95,950
1719463832031,14.05,25
1719463833054,14.0,300
1719463834063,14.15,175
1719463834857,14.05,25
1719463835061,14.1,75
1719463835826,14.15,575
1719463836035,14.15,225
1719463836817,14.15,25
1719463837061,14.1,50
1719463838077,14.4,50
1719463838845,14.15,25
1719463839045,14.15,500
1719463840020,14.3,25
1719463841045,14.3,125
1719463841045,14.3,125
1719463842063,14.35,25
1719463842155,14.4,1250
1719463843058,14.5,450
1719463843413,14.55,50
1719463844037,14.55,25
1719463844648,14.55,100
1719463845078,14.55,75
1719463845663,14.55,200
1719463846018,14.55,25
1719463846839,14.55,50
1719463847057,14.5,200
1719463847867,14.5,25
1719463848061,14.55,125
1719463848861,14.5,25
1719463849032,14.55,50
1719463849870,14.55,75
1719463850039,14.6,100
1719463851083,14.65,25
1719463852075,14.6,50
1719463852965,14.65,225
1719463853118,14.7,50
1719463854072,14.7,300
1719463854464,14.7,25
1719463855269,14.7,50
1719463855645,14.8,575
1719463855965,14.75,50
1719463856621,14.8,200
1719463857079,14.75,25
1719463857649,14.65,25
1719463858228,14.4,25
1719463858874,14.2,75
1719463859084,14.1,25
1719463860076,14.05,25
1719463860090,14.0,25
1719463860285,13.95,300
1719463861091,13.95,325
1719463861454,13.95,25
1719463862252,13.75,25
1719463863085,13.65,25
1719463863432,13.85,250
1719463864054,13.8,50
1719463864694,13.85,25
1719463865091,13.8,50
1719463865684,13.95,50
1719463865817,14.0,25
1719463866075,14.0,25
1719463867118,14.05,775
1719463868105,14.2,100
1719463869087,14.2,25
1719463869098,14.2,25
1719463870093,14.05,25
1719463870288,14.05,25
1719463871101,14.05,25
1719463871286,14.05,600
1719463872247,14.05,100
1719463872484,14.0,250
1719463873094,14.15,325
1719463873293,14.1,25
1719463874066,14.1,50
1719463874501,14.15,200
1719463874896,14.15,50
1719463875039,14.25,100
1719463875870,14.25,25
1719463876062,14.25,250
1719463877105,14.3,25
1719463878083,14.1,350
1719463878116,14.05,1250
1719463879126,14.0,25
1719463880054,13.95,50
1719463880488,14.0,25
1719463881069,13.9,25
1719463881697,13.9,25
1719463882095,13.85,175
1719463885880,13.65,25
1719463886079,13.55,25
1719463886983,13.6,150
1719463887123,13.65,25
1719463888140,13.55,50
1719463889140,13.65,900
1719463890119,13.55,400
1719463891109,13.65,75
1719463925154,13.85,50
1719463926192,13.9,25
1719463927116,13.9,25
1719463927378,13.9,250
1719463928060,13.95,25
1719463928279,13.95,75
1719463929115,13.95,150
1719463929603,14.0,575
1719463930097,13.95,150
1719463930766,13.85,50
1719463931119,13.9,25
1719463931119,13.9,25
1719463932146,13.95,25
1719463933129,13.9,50
1719463933382,13.75,50
1719463934104,13.7,100
1719463934302,13.7,25
1719463935112,13.45,25
1719463935786,13.15,25
1719463936322,13.25,350
1719463936803,13.4,225
1719463937186,13.55,25
1719463938091,13.85,25
1719463938409,13.8,50
1719463939136,13.8,200
1719463945104,13.9,75
1719463946119,13.7,75
1719463946203,13.75,150
1719463947137,13.85,450
1719463947373,13.85,50
1719463948086,13.9,100
1719463948413,13.95,25
1719463949070,13.9,25
1719463949562,13.9,50
1719463952773,14.0,100
1719463953218,13.9,100
1719463954114,13.95,50
1719463954184,13.95,125
1719463955021,14.05,25
1719463955640,14.05,125
1719463956152,14.1,525
1719463956424,14.15,150
1719463957132,14.2,25
1719463957631,14.05,50
1719463957992,14.05,50
1719463958137,14.05,150
1719463959029,14.2,1550
1719463959130,14.15,50
1719463960116,14.15,500
1719463961028,14.25,375
1719463961128,14.25,25
1719463961988,14.3,1050
1719463962109,14.25,50
1719463963127,14.25,175
1719463964125,14.25,25
1719463964246,14.25,25
1719463965120,14.2,925
1719463965649,14.2,25
1719463966131,14.2,575
1719463966629,14.2,200
1719463967138,14.0,175
1719463967868,14.0,25
1719463968146,13.95,25
1719463968623,14.1,525
1719463969110,14.1,100
1719463969789,14.25,25
1719463969999,14.15,650
1719463970095,14.15,50
1719463971054,14.25,100
1719463971138,14.3,50
1719463972102,14.25,25
1719463972641,14.2,200
1719463973123,14.2,25
1719463973243,14.25,375
1719463974128,14.15,75
1719463974265,14.15,200
1719463975125,14.1,50
1719463975448,14.1,75
1719463976144,14.15,25
1719463976590,14.15,25
1719463977319,14.1,25
1719463977857,14.1,75
1719463978139,14.15,100
1719463978815,14.05,50
1719463979137,14.0,225
1719463979879,14.0,375
1719463980136,13.85,175
1719463980603,13.9,125
1719463981139,13.85,50
1719463981189,13.9,25
1719463982072,13.95,150
1719463982219,13.95,525
1719463983138,13.85,25
1719463983406,13.95,475
1719463984343,14.05,300
1719463984663,14.1,25
1719463985134,14.1,25
1719463985630,14.0,300
1719463986161,14.1,25
1719463986811,14.15,100
1719463987147,14.15,100
1719463988111,14.25,25
1719463989144,14.2,75
1719463989288,14.2,25
1719463990141,14.15,25
1719463990277,14.2,300
1719463991118,14.1,100
1719463991295,14.1,25
1719463992105,14.1,25
1719463992296,14.1,25
1719463993086,14.15,50
1719463993449,14.15,25
1719463994150,14.3,25
1719463994478,14.35,25
1719463995153,14.25,25
1719463995691,14.25,100
1719463996160,14.15,575
1719463996614,14.15,250
1719463997120,14.35,200
1719463997883,14.25,100
1719463998106,14.2,75
1719463998164,14.15,575
1719463999129,14.35,100
1719464000153,14.45,25
1719464001114,14.45,25
1719464001311,14.5,25
1719464002318,14.45,25
1719464003118,14.25,225
1719464004159,14.35,50
1719464004514,14.45,25
1719464005116,14.5,300
1719464005351,14.5,50
1719464006133,14.6,25
1719464006686,14.45,100
1719464007149,14.45,175
1719464007910,14.45,25
1719464008081,14.5,125
1719464008125,14.45,50
1719464009150,14.55,75
1719464009322,14.55,325
1719464010104,14.55,550
1719464010162,14.55,25
1719464010273,14.6,125
1719464011130,14.5,25
1719464011164,14.55,25
1719464012129,14.7,25
1719464012129,14.7,25
1719464013148,14.6,75
1719464013180,14.65,25
1719464014134,14.7,75
1719464015734,14.6,75
1719464016171,14.65,75
1719464016936,14.7,125
1719464017120,14.7,25
1719464017923,14.5,100
1719464018151,14.55,25
1719464019188,14.55,75
1719464019540,14.5,500
1719464020176,14.5,25
1719464020746,14.5,50
1719464021166,14.4,50
1719464021875,14.2,75
1719464022168,14.2,25
1719464022818,14.15,25
1719464023160,14.25,100
1719464023920,14.25,25
1719464024171,14.35,425
1719464025146,14.45,25
1719464025318,14.4,150
1719464026183,14.45,575
1719464026269,14.5,75
1719464027147,14.55,175
1719464027324,14.55,25
1719464028159,14.55,200
1719464028290,14.55,150
1719464029055,14.55,100
1719464029325,14.5,50
1719464030169,14.55,100
1719464030349,14.5,125
1719464031169,14.55,25
1719464031604,14.55,25
1719464032060,14.5,25
1719464032936,14.6,75
1719464033172,14.65,25
1719464034147,14.6,25
1719464034360,14.65,325
1719464035149,14.6,25
1719464035537,14.6,100
1719464036182,14.7,225
1719464036540,14.7,25
1719464037162,14.75,50
1719464037353,14.75,50
1719464038140,14.7,25
1719464038543,14.7,75
1719464039175,14.85,525
1719464039556,14.8,25
1719464040184,14.9,25
1719464040538,14.85,25
1719464041147,14.85,125
1719464041550,14.8,75
1719464042176,14.8,125
1719464042773,14.8,100
1719464043171,14.8,125
1719464043914,14.8,50
1719464044183,14.85,25
1719464044954,14.95,150
1719464045163,15.0,150
1719464046184,14.9,200
1719464047189,15.1,325
1719464048180,14.95,100
1719464048369,14.95,50
1719464049204,15.0,50
1719464049364,14.95,175
1719464050302,15.1,75
1719464050766,15.1,75
1719464051185,15.1,100
1719464051590,15.1,100
1719464052181,15.1,50
1719464052570,15.1,50
1719464053175,15.05,50
1719464053529,15.15,25
1719464054186,14.9,50
1719464054783,14.9,25
1719464055189,15.05,75
1719464055977,14.85,25
1719464056206,14.85,75
1719464056976,14.7,50
1719464057202,14.5,25
1719464057982,14.7,100
1719464058205,14.75,50
1719464058956,14.85,200
1719464059175,14.85,175
1719464060185,14.9,25
1719464060355,14.95,50
1719464061192,15.0,25
1719464061360,15.05,25
1719464062200,15.1,25
1719464062391,15.1,75
1719464063161,15.2,75
1719464063380,15.1,25
1719464064182,15.25,25
1719464064400,15.3,50
1719464074587,15.45,25
1719464075196,15.35,500
1719464075605,15.35,25
1719464076205,15.4,25
1719464076608,15.35,25
1719464077215,15.3,125
1719464077799,15.3,25
1719464078183,15.3,50
1719464078809,15.25,25
1719464079199,15.3,25
1719464080029,15.35,25
1719464080227,15.45,475
1719464081010,15.15,25
1719464081215,15.15,25
1719464082001,15.3,25
1719464082207,15.35,25
1719464083158,15.25,25
1719464083401,15.3,25
1719464084210,15.4,25
1719464088843,15.55,500
1719464089219,15.5,25
1719464090039,15.55,50
1719464090213,15.55,725
1719464091211,15.55,125
1719464091600,15.5,25
1719464092212,15.4,75
1719464092639,15.2,25
1719464093206,15.0,275
1719464093812,15.0,1000
1719464094222,14.95,25
1719464095027,14.75,50
1719464095239,14.85,25
1719464096240,14.8,25
1719464097201,14.8,25
1719464097425,14.75,175
1719464098186,14.9,50
1719464098643,15.0,200
1719464099219,15.0,25
1719464099641,15.1,50
1719464100191,15.05,50
1719464100601,15.0,150
1719464101412,15.05,200
1719464102043,14.9,100
1719464102212,14.85,175
1719464102456,14.8,100
1719464103203,14.8,25
1719464120673,14.6,200
1719464121221,14.55,25
1719464121262,14.5,25
1719464122275,14.7,375
1719464123199,14.7,75
1719464123467,14.85,25
1719464124234,15.05,25
1719464124620,14.95,25
1719464125214,14.9,75
1719464125756,14.8,75
1719464126392,14.9,600
1719464126838,14.85,25
1719464127227,14.95,125
1719464128060,14.9,75
1719464128233,14.95,375
1719464128364,14.9,25
1719464129210,14.9,25
1719464129677,14.95,75
1719464130240,14.85,25
1719464130489,14.95,100
1719464131248,14.95,1000
1719464167710,15.1,25
1719464168243,15.05,75
1719464168925,14.95,25
1719464169145,14.95,125
1719464170129,14.85,50
1719464170255,14.85,125
1719464171139,14.9,200
1719464171273,14.85,100
1719464172210,14.85,50
1719464172420,14.95,50
1719464173242,14.8,50
1719464173737,14.9,50
1719464174263,14.9,25
1719464174954,14.9,25
1719464175265,14.85,75
1719464176068,15.0,25
1719464176258,15.0,150
1719464177335,14.9,25
1719464177464,14.9,150
1719464178224,14.95,100
1719464178463,14.95,25
1719464179195,15.05,25
1719464179457,14.95,275
1719464180208,14.95,25
1719464180734,14.85,325
1719464181336,14.75,1000
1719464182267,14.6,25
1719464182330,14.7,25
1719464183442,14.65,25
1719464183515,14.65,250
1719464202112,15.25,100
1719464202309,15.15,25
1719464203275,15.15,25
1719464203325,15.1,75
1719464204269,15.05,150
1719464204547,15.05,75
1719464205271,14.9,50
1719464205787,14.9,100
1719464206216,14.85,100
1719464206910,14.95,50
1719464207260,14.9,25
1719464207957,14.85,25
1719464208269,14.75,275
1719464208793,14.75,25
1719464209284,14.8,25
1719464209795,14.8,25
1719464210457,14.65,50
1719464211168,14.65,200
1719464211168,14.65,200
1719464212282,14.6,25
1719464212590,14.65,25
1719464213273,14.75,50
1719464213594,14.75,450
1719464214294,14.75,25
1719464214772,14.7,50
1719464215270,14.65,50
1719464215798,14.75,25
1719464216293,14.7,575
1719464216892,14.5,75
1719464217278,14.5,50
1719464217603,14.5,25
1719464218274,14.4,25
1719464218799,14.3,25
1719464219290,14.0,25
1719464219803,13.9,25
1719464220131,13.9,25
1719464220295,13.8,125
1719464221018,13.9,75
1719464221449,13.95,25
1719464222009,13.9,75
1719464222264,13.9,525
1719464222931,13.8,100
1719464223257,13.8,75
1719464223980,13.85,75
1719464224241,13.7,100
1719464225195,13.85,100
1719464225280,13.8,50
1719464225402,13.85,250
1719464226260,13.55,25
1719464226403,13.45,850
1719464227303,13.45,75
1719464228295,13.35,100
1719464228623,13.35,350
1719464229500,13.25,25
1719464230004,13.3,25
1719464230282,13.15,150
1719464231040,13.1,125
1719464231276,13.1,25
1719464233030,13.2,75
1719464233293,13.3,25
1719464234276,13.1,175
1719464234414,13.1,100
1719464235308,13.3,25
1719464235594,13.3,25
1719464236279,13.1,25
1719464236825,13.1,175
1719464237287,13.15,125
1719464237827,13.1,225
1719464238286,13.1,250
1719464238791,13.1,1000
1719464239293,13.15,125
1719464239826,13.15,25
1719464240255,13.1,200
1719464240827,13.15,400
1719464241313,13.2,250
1719464242248,13.2,75
1719464242389,13.15,150
1719464243247,13.15,25
1719464243423,13.1,1025
1719464244239,13.0,25
1719464244431,13.0,450
1719464245296,13.05,300
1719464245628,12.95,300
1719464246309,13.05,50
1719464247050,12.6,150
1719464247304,12.45,25
1719464248254,12.2,25
1719464248509,12.15,25
1719464249309,11.85,50
1719464249652,11.85,975
1719464250122,12.05,675
1719464250306,12.05,250
1719464251044,11.85,50
1719464251317,11.85,900
1719464252044,12.1,50
1719464252322,12.1,650
1719464253043,12.1,150
1719464253321,11.95,375
1719464254500,11.9,25
1719464255326,12.0,50
1719464255839,12.05,25
1719464256285,12.0,175
1719464257063,12.0,175
1719464257300,12.0,25
1719464258057,11.85,25
1719464258332,11.8,950
1719464260071,11.8,25
1719464260308,11.8,75
1719464261062,11.8,125
1719464261313,11.8,250
1719464262064,11.75,25
1719464262315,11.7,200
1719464263090,11.75,75
1719464263314,11.65,25
1719464264308,11.7,50
1719464264474,11.75,25
1719464265334,11.6,25
1719464265869,11.65,25
1719464266318,11.6,50
1719464266884,11.75,250
1719464267328,11.7,50
1719464268062,11.6,50
1719464268311,11.6,150
1719464269064,11.65,25
1719464269339,11.65,350
1719464270313,11.5,300
1719464271331,11.7,25
1719464272294,11.8,25
1719464272318,11.85,50
1719464272480,11.85,100
1719464273332,11.7,50
1719464273497,11.75,25
1719464274316,11.8,50
1719464274708,11.85,25
1719464275325,11.85,50
1719464275897,11.8,25
1719464291405,11.6,75
1719464291510,11.6,25
1719464292536,11.2,100
1719464292699,11.25,25
1719464293330,11.15,25
1719464293716,11.15,200
1719464294334,11.25,100
1719464294919,11.1,50
1719464295319,11.2,100
1719464295918,11.1,100
1719464296325,11.2,25
1719464297136,11.3,25
1719464297331,11.2,50
1719464298123,11.15,75
1719464298339,11.05,25
1719464299133,11.1,250
1719464299338,11.05,25
1719464300116,11.05,200
1719464300347,11.1,300
1719464301120,11.2,225
1719464301334,11.15,25
1719464301715,11.1,50
1719464302334,11.2,25
1719464302720,11.25,125
1719464303333,11.25,50
1719464303528,11.2,50
1719464304357,11.1,25
1719464304920,11.2,75
1719464305322,11.05,175
1719464306133,11.2,1675
1719464306305,11.25,75
1719464307140,11.15,100
1719464307538,11.05,25
1719464308311,11.0,25
1719464309347,11.05,25
1719464309543,10.95,225
1719464310101,10.9,125
1719464310336,10.65,25
1719464310732,10.7,25
1719464311336,10.7,50
1719464311931,10.8,200
1719464312359,10.75,75
1719464312759,10.7,25
1719464313345,10.95,100
1719464314146,10.75,75
1719464314354,10.65,25
1719464314944,10.6,300
1719464315356,10.7,175
1719464316127,10.65,125
1719464316533,10.75,100
1719464317118,10.6,50
1719464317347,10.5,25
1719464318315,10.6,25
1719464318523,10.7,50
1719464319333,10.7,50
1719464319566,10.6,25
1719464320337,10.55,50
1719464320746,10.65,125
1719464321360,10.5,25
1719464321941,10.55,225
1719464322363,10.45,125
1719464322937,10.5,150
1719464323354,10.45,50
1719464323765,10.4,400
1719464324340,10.5,25
1719464324713,10.5,25
1719464325360,10.5,50
1719464325771,10.65,100
1719464326355,10.55,25
1719464326770,10.55,75
1719464327364,10.75,75
1719464327764,10.75,50
1719464328356,10.8,225
1719464328769,10.85,50
1719464329358,10.95,25
1719464329956,11.15,50
1719464330310,11.05,100
1719464330769,10.85,25
1719464367372,11.1,75
1719464367424,11.15,200
1719464367598,11.1,75
1719464368369,11.1,25
1719464368555,11.15,25
1719464369379,11.2,125
1719464370023,11.15,75
1719464370097,11.15,50
1719464370340,11.25,50
1719464371028,11.05,50
1719464371339,11.05,75
1719464371986,11.1,25
1719464372371,11.1,25
1719464373214,11.15,25
1719464373371,11.05,25
1719464378368,11.15,25
1719464378567,11.2,450
1719464379368,11.2,50
1719464379647,11.2,50
1719464380574,11.2,225
1719464381036,11.2,150
1719464381382,11.15,25
1719464382030,11.2,25
1719464382386,11.2,25
1719464383043,11.15,200
1719464383374,11.2,100
1719464384197,11.3,25
1719464384324,11.15,50
1719464385240,11.2,25
1719464385387,11.2,50
1719464386424,11.2,25
1719464386832,11.25,50
1719464387296,11.25,500
1719464388034,11.3,250
1719464388367,11.2,100
1719464389231,11.2,25
1719464389349,11.2,50
1719464390248,11.25,25
1719464390342,11.2,200
1719464390630,11.2,75
1719464391354,11.1,50
1719464391834,11.1,25
1719464392383,11.1,400
1719464392811,11.2,25
1719464393350,11.15,250
1719464394231,10.9,25
1719464394393,11.0,100
1719464395251,11.1,400
1719464395393,11.15,25
1719464396255,11.05,50
1719464396367,11.05,100
1719464398393,10.9,25
1719464398863,10.95,25
1719464399398,11.0,150
1719464400056,10.85,150
1719464400132,10.9,25
1719464400397,10.85,25
1719464401279,11.0,25
1719464401405,11.0,75
1719464402472,11.1,25
1719464403471,11.1,150
1719464403665,11.0,25
1719464404412,11.0,100
1719464404878,10.95,100
1719464405392,10.95,100
1719464405845,10.9,75
1719464406392,10.85,100
1719464406888,10.9,150
1719464407375,10.85,125
1719464407870,10.9,75
1719464408409,10.85,75
1719464408872,10.9,25
1719464409606,10.8,75
1719464410276,10.9,150
1719464410395,10.85,25
1719464411480,10.95,25
1719464411662,10.95,175
1719464412401,11.05,75
1719464413076,11.1,400
1719464413395,11.1,25
1719464414250,11.15,100
1719464414419,11.15,50
1719464415403,11.05,200
1719464415445,11.05,25
1719464415667,11.1,25
