time,price,volume
1719461503363,195.0,475
1719461504623,194.95,25
1719461505200,195.4,25
1719461505200,195.4,25
1719461506537,194.45,125
1719461507082,194.3,50
1719461507325,194.5,50
1719461507997,195.8,25
1719461507997,195.8,25
1719461509411,195.1,25
1719461509635,194.7,50
1719461511259,194.35,50
1719461511882,195.8,50
1719461512206,194.9,25
1719461513562,194.9,25
1719461513562,194.9,25
1719461513863,195.2,50
1719461515334,195.15,100
1719461515334,195.15,100
1719461516570,196.75,50
1719461516791,196.6,150
1719461517316,194.9,25
1719461518715,194.05,125
1719461518806,194.25,25
1719461519581,194.7,50
1719461519762,194.35,25
1719461519762,194.35,25
1719461519762,194.35,25
1719461521264,195.1,25
1719461522008,194.0,525
1719461522179,194.2,25
1719461523735,192.75,575
1719461523735,192.75,575
1719461524878,192.6,150
1719461525597,192.8,50
1719461526568,191.9,25
1719461526755,191.4,25
1719461527830,190.05,100
1719461528607,190.5,75
1719461528607,190.5,75
1719461529365,191.2,25
1719461530503,191.35,25
1719461530503,191.35,25
1719461531596,191.0,25
1719461532075,190.55,50
1719461532362,191.4,25
1719461532858,191.4,25
1719461532858,191.4,25
1719461535906,190.75,125
1719461536743,190.95,25
1719461536976,191.05,50
1719461537720,191.0,25
1719461538533,191.5,25
1719461538675,191.05,25
1719461539365,190.85,25
1719461540597,190.5,50
1719461540917,190.65,25
1719461540917,190.65,25
1719461542539,190.0,25
1719461543588,189.1,75
1719461543588,189.1,75
1719461544459,188.6,25
1719461545397,188.15,25
1719461545621,188.3,25
1719461546382,187.7,50
1719461546787,187.9,25
1719461547355,188.75,75
1719461548217,188.7,25
1719461549111,189.6,50
1719461550346,189.85,25
1719461550346,189.85,25
1719461550346,189.85,25
1719461550920,189.9,75
1719461551908,189.6,25
1719461552629,189.35,25
1719461552629,189.35,25
1719461554414,189.8,25
1719461554790,189.9,50
1719461555486,189.9,25
1719461556389,189.9,25
1719461556934,189.55,25
1719461557214,189.6,50
1719461558586,190.05,100
1719461558586,190.05,100
1719461558841,190.75,25
1719461558841,190.75,25
1719461561635,189.95,25
1719461562106,189.4,25
1719461562106,189.4,25
1719461563439,188.8,100
1719461564462,188.6,25
1719461565367,188.0,100
1719461566243,188.75,25
1719461567111,188.3,25
1719461567573,188.65,50
1719461568437,188.15,25
1719461568437,188.15,25
1719461569293,188.75,25
1719461570243,188.55,125
1719461571850,189.8,275
1719461572096,190.0,75
1719461572307,190.0,25
1719461572307,190.0,25
1719461574157,189.45,25
1719461574634,189.7,75
1719461574957,189.35,25
1719461574957,189.35,25
1719461574957,189.35,25
1719461579864,190.7,25
1719461580250,191.2,450
1719461580250,191.2,450
1719461581579,190.8,25
1719461581579,190.8,25
1719461582414,190.65,50
1719461583041,190.9,25
1719461583041,190.9,25
1719461584630,190.9,50
1719461585529,190.65,75
1719461585785,190.3,25
1719461585932,189.8,25
1719461586675,189.15,75
1719461586675,189.15,75
1719461588446,189.5,225
1719461588446,189.5,225
1719461589559,189.3,50
1719461589559,189.3,50
1719461590678,189.3,150
1719461590678,189.3,150
1719461592681,188.8,25
1719461593819,188.95,75
1719461595132,189.45,25
1719461595132,189.45,25
1719461595828,190.0,25
1719461596462,190.95,25
1719461596462,190.95,25
1719461597979,191.0,50
1719461598225,191.0,150
1719461598772,190.6,25
1719461599166,191.2,25
1719461600319,190.9,200
1719461600319,190.9,200
1719461600319,190.9,200
1719461603750,190.0,25
1719461604655,189.85,25
1719461605463,190.5,75
1719461605463,190.5,75
1719461606055,191.35,25
1719461607023,190.65,25
1719461607023,190.65,25
1719461607702,190.0,50
1719461607702,190.0,50
1719461609235,189.95,50
1719461610481,189.85,25
1719461610481,189.85,25
1719461610481,189.85,25
1719461611550,190.95,25
1719461611550,190.95,25
1719461611550,190.95,25
1719461614574,190.25,25
1719461614574,190.25,25
1719461616321,190.05,25
1719461616600,190.4,25
1719461616918,189.85,25
1719461616918,189.85,25
1719461618189,189.3,25
1719461618189,189.3,25
1719461618189,189.3,25
1719461621350,191.0,25
1719461621642,191.35,25
1719461621642,191.35,25
1719461621642,191.35,25
1719461624501,192.5,50
1719461624596,192.6,25
1719461625149,193.0,100
1719461625849,192.95,50
1719461626516,192.35,25
1719461626892,192.9,100
1719461627604,193.2,25
1719461628079,193.7,25
1719461628792,193.75,25
1719461629590,193.35,25
1719461630352,193.0,25
1719461630352,193.0,25
1719461631196,193.35,25
1719461632129,192.35,25
1719461632712,193.2,125
1719461633746,193.4,25
1719461634387,193.65,25
1719461634952,193.25,25
1719461634952,193.25,25
1719461636627,193.35,25
1719461637280,193.15,25
1719461637680,193.15,125
1719461638656,193.0,25
1719461638656,193.0,25
1719461639573,192.65,25
1719461640463,192.95,25
1719461640463,192.95,25
1719461640463,192.95,25
1719461641423,193.0,25
1719461642021,192.4,200
1719461642604,192.8,25
1719461643693,192.9,25
1719461644588,192.95,25
1719461645474,192.8,25
1719461645683,192.65,25
1719461646599,192.8,25
1719461646920,193.0,50
1719461646920,193.0,50
1719461648287,192.55,25
1719461649227,192.75,75
1719461650324,192.4,25
1719461650324,192.4,25
1719461651118,192.65,125
1719461651836,192.8,100
1719461652664,193.25,100
1719461653580,193.9,25
1719461653833,193.35,25
1719461654849,193.4,250
1719461655516,193.7,25
1719461655516,193.7,25
1719461656604,193.9,25
1719461656604,193.9,25
1719461657606,194.15,25
1719461658677,192.5,225
1719461659630,193.2,75
1719461660250,192.9,25
1719461660250,192.9,25
1719461661456,192.15,25
1719461661861,192.0,100
1719461661861,192.0,100
1719461663605,190.45,25
1719461664307,190.75,25
1719461664307,190.75,25
1719461665372,191.0,25
1719461665372,191.0,25
1719461666873,191.45,675
1719461666873,191.45,675
1719461667719,192.05,25
1719461668442,193.15,100
1719461668442,193.15,100
1719461669695,193.0,1000
1719461670177,193.2,25
1719461670595,192.9,25
1719461670595,192.9,25
1719461671630,193.1,25
1719461672110,192.65,25
1719461672482,192.3,125
1719461673273,192.45,25
1719461674456,191.85,25
1719461675182,192.2,25
1719461675182,192.2,25
1719461676491,192.9,25
1719461676491,192.9,25
1719461677431,193.15,150
1719461678343,192.5,25
1719461679708,191.45,250
1719461680320,191.7,25
1719461680320,191.7,25
1719461681541,191.7,225
1719461681913,192.25,50
1719461681913,192.25,50
1719461683531,193.0,25
1719461683531,193.0,25
1719461685261,193.05,25
1719461685491,193.2,25
1719461685491,193.2,25
1719461686035,193.0,25
1719461686035,193.0,25
1719461687768,193.05,25
1719461688401,192.6,200
1719461689638,193.4,25
1719461690309,192.8,25
1719461690309,192.8,25
1719461691410,193.25,175
1719461692069,193.45,25
1719461692666,193.0,25
1719461693623,192.95,25
1719461694072,193.25,25
1719461695201,193.5,25
1719461696580,193.2,50
1719461696580,193.2,50
1719461698570,192.85,25
1719461698777,192.55,25
1719461699735,192.0,50
1719461700607,192.6,50
1719461700833,192.8,25
1719461700833,192.8,25
1719461701678,193.35,75
1719461701902,193.4,50
1719461702579,194.1,25
1719461703788,193.05,50
1719461704927,193.2,50
1719461705600,192.6,50
1719461705600,192.6,50
1719461706719,192.5,25
1719461707105,192.15,25
1719461707735,191.15,75
1719461708153,191.0,75
1719461708927,191.85,25
1719461709116,191.35,50
1719461710120,192.1,25
1719461711902,193.05,25
1719461711902,193.05,25
1719461712249,192.3,50
1719461713541,192.4,50
1719461714015,192.15,25
1719461714317,192.15,25
1719461715588,192.15,25
1719461715668,192.2,100
1719461716279,192.2,75
1719461716279,192.2,75
1719461717479,191.85,50
1719461718504,192.4,75
1719461718504,192.4,75
1719461719663,193.0,100
1719461720104,193.95,25
1719461720716,194.25,50
1719461722684,192.9,25
1719461723227,192.4,150
1719461723936,192.85,50
1719461748716,198.05,50
1719461748928,197.65,25
1719461749753,197.5,175
1719461750642,198.0,450
1719461750864,198.5,50
1719461751733,199.05,100
1719461751733,199.05,100
1719461752748,199.45,25
1719461753925,198.4,25
1719461754046,198.15,50
1719461754223,197.7,225
1719461755635,198.45,50
1719461755724,198.5,25
1719461756951,199.2,50
1719461757229,198.0,125
1719461757524,198.8,25
1719461758767,198.0,100
1719461759030,198.3,25
1719461759527,198.7,25
1719461760671,199.15,25
1719461760862,199.2,25
1719461760862,199.2,25
1719461761715,199.15,25
1719461762296,200.0,25
1719461762785,199.35,25
1719461763694,199.2,25
1719461764070,199.7,25
1719461764950,200.6,25
1719461765713,199.25,25
1719461766874,199.75,75
1719461767230,199.7,25
1719461767743,199.25,25
1719461768753,199.1,25
1719461769122,199.35,125
1719461769772,199.2,350
1719461770276,199.75,150
1719461770276,199.75,150
1719461771844,198.6,50
1719461772232,197.55,75
1719461772542,198.45,25
1719461773349,199.15,25
1719461773982,198.45,50
1719461774949,198.0,25
1719461775674,197.95,25
1719461775763,197.95,225
1719461776735,198.35,25
1719461777028,198.55,25
1719461777028,198.55,25
1719461778570,198.15,25
1719461778570,198.15,25
1719461779257,198.0,75
1719461780443,198.15,25
1719461781654,198.05,25
1719461782111,199.3,25
1719461782727,199.15,25
1719461783915,199.6,25
1719461783915,199.6,25
1719461784708,198.9,25
1719461785613,199.15,25
1719461785613,199.15,25
1719461786842,201.0,75
1719461786842,201.0,75
1719461787627,202.1,25
1719461788733,202.1,25
1719461789150,202.9,100
1719461789727,203.0,225
1719461790837,202.55,125
1719461791556,202.0,25
1719461792268,202.25,100
1719461792958,201.85,25
1719461793910,201.5,25
1719461793910,201.5,25
1719461794717,201.0,50
1719461795774,201.7,25
1719461796180,201.25,25
1719461797130,201.4,25
1719461797130,201.4,25
1719461798681,202.65,25
1719461798830,202.65,25
1719461799514,202.0,25
1719461800696,202.05,300
1719461801318,201.85,25
1719461802199,201.3,25
1719461802620,202.65,25
1719461803834,203.0,75
1719461804155,202.3,25
1719461804304,202.3,525
1719461805412,202.15,150
1719461806133,202.6,25
1719461807359,202.35,25
1719461807579,202.3,150
1719461808885,201.4,25
1719461809116,202.2,25
1719461809752,202.15,25
1719461810654,202.05,25
1719461810654,202.05,25
1719461811750,202.6,25
1719461812082,201.7,25
1719461812558,202.0,50
1719461813598,201.05,50
1719461813598,201.05,50
1719461814691,202.0,75
1719461815689,200.95,50
1719461816767,201.55,25
1719461817205,199.5,150
1719461817714,199.95,125
1719461818612,200.3,25
1719461818860,200.0,25
1719461819710,200.0,25
1719461820802,200.3,25
1719461820875,199.7,25
1719461821806,199.9,25
1719461821978,199.85,75
1719461822448,200.6,200
1719461823568,200.2,75
1719461823982,199.5,25
1719461824718,199.25,375
1719461825195,199.65,25
1719461826665,198.35,25
1719461827258,198.65,25
1719461827258,198.65,25
1719461828797,199.25,125
1719461828797,199.25,125
1719461829745,198.55,125
1719461830583,198.05,125
1719461830960,198.15,175
1719461831719,198.05,50
1719461832341,198.7,25
1719461832341,198.7,25
1719461834012,200.7,125
1719461834802,200.45,25
1719461835437,201.45,50
1719461835816,201.95,25
1719461836670,201.55,50
1719461836670,201.55,50
1719461837791,200.3,150
1719461838716,200.35,25
1719461838716,200.35,25
1719461839711,198.95,25
1719461840518,199.4,25
1719461840706,199.5,25
1719461841602,198.9,25
1719461841602,198.9,25
1719461842721,199.3,25
1719461843337,199.6,200
1719461843978,199.95,175
1719461844435,199.7,25
1719461845150,199.85,25
1719461845150,199.85,25
1719461846625,199.75,25
1719461847088,200.2,75
1719461847829,200.05,25
1719461848743,200.35,50
1719461848923,200.2,25
1719461849475,200.2,25
1719461850370,199.6,100
1719461850744,199.85,250
1719461850744,199.85,250
1719461850744,199.85,250
1719461852957,199.5,25
1719461853454,199.2,50
1719461853454,199.2,50
1719461854833,199.4,25
1719461855455,199.55,25
1719461855455,199.55,25
1719461856360,200.1,25
1719461857271,200.5,25
1719461857757,199.75,25
1719461858551,199.85,225
1719461858551,199.85,225
1719461859587,199.5,25
1719461860423,198.95,25
1719461860423,198.95,25
1719461861622,199.6,25
1719461862155,199.65,25
1719461862670,199.55,25
1719461863765,199.45,100
1719461863765,199.45,100
1719461864535,199.85,25
1719461864535,199.85,25
1719461866228,200.55,100
1719461866935,199.8,25
1719461866935,199.8,25
1719461868324,200.25,25
1719461868324,200.25,25
1719461869283,199.55,25
1719461869283,199.55,25
1719461871878,199.4,25
1719461871878,199.4,25
1719461873131,199.05,50
1719461873765,198.15,25
1719461873765,198.15,25
1719461874593,198.0,25
1719461875163,197.65,25
1719461875163,197.65,25
1719461876936,197.4,25
1719461877433,197.25,25
1719461877829,197.55,25
1719461878426,197.5,25
1719461878426,197.5,25
1719461879848,197.65,25
1719461880542,197.3,25
1719461880542,197.3,25
1719461881763,197.25,25
1719461881907,196.45,25
1719461882714,197.05,50
1719461883753,196.7,75
1719461884225,197.3,25
1719461885392,197.5,100
1719461885754,197.85,25
1719461886336,197.55,25
1719461886336,197.55,25
1719461887958,197.5,25
1719461888813,197.8,25
1719461888813,197.8,25
1719461890492,196.8,200
1719461892503,196.2,75
1719461892707,196.45,25
1719461893234,196.75,25
1719461894088,196.55,50
1719461894785,196.25,25
1719461895802,196.6,25
1719461896845,196.6,50
1719461897017,196.3,25
1719461897017,196.3,25
1719461898662,196.4,25
1719461898998,196.35,50
1719461898998,196.35,50
1719461900593,197.4,100
1719461900593,197.4,100
1719461902058,197.55,25
1719461902058,197.55,25
1719461903476,198.55,50
1719461904017,197.9,25
1719461904017,197.9,25
1719461904348,197.65,25
1719461905323,197.5,25
1719461905323,197.5,25
1719461906607,196.15,25
1719461906607,196.15,25
1719461908923,196.8,25
1719461909763,196.35,50
1719461910040,197.0,25
1719461911846,195.15,25
1719461912463,196.0,50
1719461912463,196.0,50
1719461913590,195.8,25
1719461914022,195.55,125
1719461914643,195.35,50
1719461915594,194.85,50
1719461915594,194.85,50
1719461916676,194.85,25
1719461917416,195.3,50
1719461917650,195.2,75
1719461918609,195.35,25
1719461918609,195.35,25
1719461919479,194.8,25
1719461919479,194.8,25
1719461921599,196.4,75
1719461921891,196.65,25
1719461922264,197.0,275
1719461922264,197.0,275
1719461923722,197.0,25
1719461924268,196.25,25
1719461924268,196.25,25
1719461925775,197.55,150
1719461926869,197.65,25
1719461926869,197.65,25
1719461926869,197.65,25
1719461926869,197.65,25
1719461930033,197.3,50
1719461930033,197.3,50
1719461931171,197.9,25
1719461931518,197.55,25
1719461932479,197.2,25
1719461932479,197.2,25
1719461933648,196.6,50
1719461933648,196.6,50
1719461934228,196.8,25
1719461935638,196.95,25
1719461937068,196.1,75
1719461937068,196.1,75
1719461937068,196.1,75
1719461938791,196.6,25
1719461938791,196.6,25
1719461939752,197.3,25
1719461940816,197.95,50
1719461940816,197.95,50
1719461942072,196.95,25
1719461942072,196.95,25
1719461942072,196.95,25
1719461944211,197.1,25
1719461945284,197.15,25
1719461945556,197.75,25
1719461945556,197.75,25
1719461946277,197.95,25
1719461947547,198.05,25
1719461947743,198.3,75
1719461948819,198.15,25
1719461949180,198.55,25
1719461949349,198.6,225
1719461950578,199.0,25
1719461951219,198.25,25
1719461952405,198.45,25
1719461952435,198.35,25
1719461953650,198.65,25
1719461953650,198.65,25
1719461954925,198.25,50
1719461955283,198.7,25
1719461955841,198.95,25
1719461957161,199.15,100
1719461957161,199.15,100
1719461958604,199.5,25
1719461958806,200.0,100
1719461958978,200.45,75
1719461959976,200.45,25
1719461960697,201.45,50
1719461960827,201.5,100
1719461961856,203.0,50
1719461962106,203.0,25
1719461962655,202.8,50
1719461963788,202.85,25
1719461963788,202.85,25
1719461964287,202.7,25
1719461965466,203.45,75
1719461965466,203.45,75
1719461966813,202.55,25
1719461967382,202.55,25
1719461967382,202.55,25
1719461968615,202.45,150
1719461968615,202.45,150
1719461969890,203.1,150
1719461970378,203.0,125
1719461970868,202.25,25
1719461971408,202.45,75
1719461972340,203.4,25
1719461972824,203.0,25
1719461973701,203.0,150
1719461973961,202.75,1200
1719461973961,202.75,1200
1719461975193,202.45,25
1719461976400,201.85,125
1719461977305,202.2,50
1719461977305,202.2,50
1719461978617,202.15,50
1719461978617,202.15,50
1719461979470,201.95,25
1719461980751,202.15,25
1719461981910,201.85,75
1719461982360,202.5,25
1719461982725,202.7,50
1719461983883,203.25,50
1719461983883,203.25,50
1719461984388,204.4,25
1719461984941,203.85,25
1719461985910,203.4,25
1719461986895,204.15,25
1719461987273,203.75,75
1719461987602,204.0,25
1719461988882,203.25,25
1719461988882,203.25,25
1719461989805,203.7,25
1719461990730,203.15,25
1719461991911,203.9,25
1719461992099,203.95,25
1719461992762,203.25,25
1719461993482,203.4,25
1719461994207,204.2,100
1719461994207,204.2,100
1719461994207,204.2,100
1719461996020,204.1,25
1719461996785,203.0,25
1719461996785,203.0,25
1719461997715,203.15,50
1719461998888,203.0,25
1719461999135,203.3,25
1719461999341,202.8,25
1719462000778,203.0,25
1719462000778,203.0,25
1719462001633,203.25,25
1719462002348,204.3,25
1719462002886,204.15,25
1719462003364,203.6,125
1719462003364,203.6,125
1719462004784,204.1,125
1719462005860,204.0,50
1719462005860,204.0,50
1719462006452,204.4,25
1719462007115,205.5,225
1719462007737,204.4,100
1719462008812,206.0,75
1719462009247,205.2,25
1719462009769,205.1,25
1719462010610,204.9,100
1719462011119,205.3,25
1719462011638,204.75,25
1719462012255,204.55,25
1719462012758,205.0,100
1719462014035,205.3,125
1719462014279,205.05,25
1719462014279,205.05,25
1719462015803,205.0,100
1719462016735,205.05,25
1719462016735,205.05,25
1719462017667,205.55,50
1719462018458,205.85,75
1719462019297,205.2,25
1719462019403,205.8,25
1719462020802,206.15,25
1719462021028,206.2,25
1719462022140,204.55,850
1719462022399,204.5,100
1719462022659,203.85,50
1719462023381,203.65,25
1719462024264,204.0,25
1719462024813,202.15,50
1719462025823,203.2,25
1719462026804,202.8,200
1719462027357,202.3,25
1719462027921,203.0,25
1719462028913,203.2,25
1719462029224,203.2,25
1719462029900,203.4,25
1719462030758,203.8,25
1719462030758,203.8,25
1719462031867,203.95,25
1719462032115,204.35,25
1719462032115,204.35,25
1719462033773,204.3,100
1719462033773,204.3,100
1719462034736,203.4,25
1719462035899,203.4,125
1719462036816,204.55,125
1719462037450,203.95,25
1719462037866,203.4,175
1719462038280,203.65,25
1719462039271,204.0,50
1719462039618,204.2,125
1719462040868,204.55,25
1719462041852,203.75,100
1719462042207,203.2,25
1719462042207,203.2,25
1719462043446,203.8,25
1719462044291,203.0,25
1719462044941,203.45,25
1719462045911,203.45,100
1719462046911,203.35,25
1719462047355,203.35,100
1719462047806,203.5,100
1719462048900,203.7,50
1719462048900,203.7,50
1719462049674,204.3,25
1719462049674,204.3,25
1719462051344,204.6,25
1719462052245,204.75,100
1719462052245,204.75,100
1719462052855,205.1,25
1719462054111,206.0,50
1719462054193,205.75,150
1719462054762,204.65,75
1719462055104,204.7,25
1719462056517,204.3,25
1719462057511,203.7,75
1719462058024,204.1,25
1719462058951,203.35,25
1719462059224,203.7,50
1719462059224,203.7,50
1719462060780,204.3,75
1719462060780,204.3,75
1719462061950,205.6,25
1719462062413,205.5,25
1719462062952,205.4,25
1719462063553,204.05,150
1719462064341,204.0,950
1719462064818,203.7,25
1719462065573,203.7,25
1719462065573,203.7,25
1719462066764,203.3,50
1719462066764,203.3,50
1719462068242,203.7,25
1719462068822,203.8,25
1719462069785,203.85,25
1719462070763,203.9,50
1719462071906,203.15,100
1719462072506,203.4,75
1719462072506,203.4,75
1719462073799,203.35,25
1719462074121,203.4,25
1719462074121,203.4,25
1719462075385,203.9,50
1719462076898,203.8,275
1719462076898,203.8,275
1719462077930,203.6,150
1719462078565,204.3,50
1719462079181,203.55,75
1719462079725,203.85,50
1719462080284,203.45,25
1719462080284,203.45,25
1719462081832,203.4,25
1719462082595,202.9,50
1719462082791,201.0,25
1719462083880,202.05,125
1719462083880,202.05,125
1719462085092,201.35,125
1719462085913,201.2,25
1719462086716,201.45,25
1719462087550,201.65,125
1719462087550,201.65,125
1719462088679,201.7,25
1719462089185,201.9,25
1719462089460,201.6,125
1719462090573,202.0,25
1719462090573,202.0,25
1719462090573,202.0,25
1719462091868,201.2,100
1719462092424,201.7,200
1719462092829,202.15,200
1719462093583,201.2,50
1719462093583,201.2,50
1719462094382,200.6,25
1719462095736,200.45,125
1719462095736,200.45,125
1719462096027,200.75,25
1719462097480,200.35,25
1719462097845,200.25,75
1719462098939,200.05,50
1719462099676,201.25,25
1719462101004,200.75,125
1719462101197,200.45,25
1719462102327,201.05,50
1719462102327,201.05,50
1719462103749,200.45,25
1719462103749,200.45,25
1719462104929,200.95,25
1719462105824,200.0,100
1719462105824,200.0,100
1719462106914,200.45,25
1719462107012,200.0,100
1719462107012,200.0,100
1719462108858,201.3,75
1719462109108,201.3,50
1719462109108,201.3,50
1719462110191,201.6,125
1719462111769,201.2,75
1719462112190,201.5,50
1719462113086,202.4,25
1719462114167,201.05,25
1719462114962,201.35,25
1719462115840,201.15,25
1719462116567,201.15,25
1719462117518,200.6,25
1719462117518,200.6,25
1719462119139,199.5,50
1719462119139,199.5,50
1719462119767,199.45,50
1719462120567,199.7,125
1719462120567,199.7,125
1719462120567,199.7,125
1719462122170,199.15,25
1719462122375,199.0,25
1719462122375,199.0,25
1719462123913,199.1,25
1719462123913,199.1,25
1719462125566,199.1,50
1719462125566,199.1,50
1719462126255,199.4,25
1719462126985,198.85,25
1719462126985,198.85,25
1719462126985,198.85,25
1719462128614,199.35,25
1719462128614,199.35,25
1719462129888,198.95,25
1719462129888,198.95,25
1719462131549,198.65,50
1719462131996,198.6,25
1719462131996,198.6,25
1719462133091,198.05,125
1719462133949,199.35,50
1719462133949,199.35,50
1719462133949,199.35,50
1719462136922,199.4,25
1719462137510,199.35,475
1719462137954,199.0,100
1719462139171,198.55,25
1719462139534,198.75,100
1719462140833,198.6,175
1719462141413,198.05,50
1719462142248,198.05,25
1719462142248,198.05,25
1719462142248,198.05,25
1719462144558,197.95,25
1719462145511,197.3,100
1719462145994,197.85,125
1719462146998,198.25,25
1719462147497,198.95,25
1719462147497,198.95,25
1719462148393,199.5,25
1719462148393,199.5,25
1719462149924,199.15,125
1719462150459,199.0,50
1719462150459,199.0,50
1719462151652,198.25,100
1719462151652,198.25,100
1719462152987,198.25,25
1719462153374,198.4,25
1719462153374,198.4,25
1719462155134,199.1,50
1719462155902,199.2,25
1719462156660,199.2,50
1719462156660,199.2,50
1719462159112,198.95,25
1719462159237,198.85,100
1719462159908,198.6,25
1719462160576,198.1,50
1719462160576,198.1,50
1719462161556,197.95,25
1719462162198,197.9,25
1719462162198,197.9,25
1719462163314,197.95,25
1719462164086,197.7,25
1719462164766,197.4,75
1719462165955,197.45,25
1719462165955,197.45,25
1719462168598,197.45,100
1719462168598,197.45,100
1719462169571,196.6,25
1719462169668,196.0,50
1719462170978,196.5,25
1719462170978,196.5,25
1719462172162,197.0,25
1719462172593,197.25,25
1719462172899,197.15,175
1719462173893,198.35,25
1719462174303,198.25,50
1719462174303,198.25,50
1719462174303,198.25,50
1719462176831,197.75,125
1719462177003,198.05,25
1719462177988,196.8,25
1719462178783,195.6,75
1719462179026,196.5,150
1719462179026,196.5,150
1719462180780,196.55,50
1719462180780,196.55,50
1719462181675,195.95,25
1719462182094,195.7,250
1719462182094,195.7,250
1719462183954,196.3,25
1719462183954,196.3,25
1719462184686,195.75,25
1719462185938,195.85,50
1719462185938,195.85,50
1719462186929,195.6,25
1719462187195,195.65,25
1719462187797,195.4,50
1719462188594,195.6,50
1719462189211,195.9,50
1719462189811,195.4,25
1719462190470,195.2,175
1719462190470,195.2,175
1719462191959,196.3,125
1719462192277,196.55,25
1719462192846,196.7,75
1719462193973,196.3,125
1719462194265,195.8,125
1719462194265,195.8,125
1719462195511,195.6,75
1719462197025,196.0,25
1719462197589,196.3,50
1719462197589,196.3,50
1719462198843,196.0,25
1719462199127,196.05,25
1719462199127,196.05,25
1719462200258,196.05,50
1719462201139,196.2,25
1719462201825,197.0,25
1719462201825,197.0,25
1719462203145,197.0,75
1719462203348,196.9,50
1719462204345,198.0,25
1719462204558,198.45,25
1719462205136,198.2,25
1719462205136,198.2,25
1719462206909,198.4,25
1719462207521,197.85,75
1719462207521,197.85,75
1719462208914,196.8,150
1719462208914,196.8,150
1719462209994,196.8,50
1719462209994,196.8,50
1719462211064,196.45,25
1719462212065,196.3,150
1719462212274,196.0,25
1719462212962,196.95,25
1719462213131,197.05,50
1719462214141,197.25,25
1719462214939,196.2,125
1719462215979,196.45,25
1719462216096,196.35,150
1719462216096,196.35,150
1719462217706,197.15,75
1719462217940,196.8,100
1719462218213,196.9,25
1719462219331,197.35,50
1719462219331,197.35,50
1719462220897,197.05,25
1719462221063,197.45,50
1719462221480,197.25,25
1719462222411,196.8,50
1719462222411,196.8,50
1719462223323,196.95,25
1719462224185,197.2,25
1719462224788,197.05,50
1719462225477,197.05,50
1719462225477,197.05,50
1719462226500,197.45,25
1719462227330,197.05,25
1719462227330,197.05,25
1719462228668,197.0,50
1719462229322,197.1,25
1719462229831,196.4,25
1719462231003,196.0,25
1719462231003,196.0,25
1719462231457,196.65,25
1719462231457,196.65,25
1719462231457,196.65,25
1719462234627,196.45,25
1719462234627,196.45,25
1719462236438,195.85,25
1719462236768,196.35,50
1719462237803,195.6,25
1719462237923,195.7,25
1719462238441,195.4,25
1719462238441,195.4,25
1719462239953,195.95,25
1719462239953,195.95,25
1719462239953,195.95,25
1719462241911,197.0,25
1719462241911,197.0,25
1719462241911,197.0,25
1719462245975,197.1,25
1719462245975,197.1,25
1719462247141,197.05,25
1719462247831,197.55,25
1719462247831,197.55,25
1719462248874,197.5,50
1719462248874,197.5,50
1719462250887,197.0,25
1719462251287,197.7,50
1719462251287,197.7,50
1719462253434,197.15,175
1719462254369,197.5,100
1719462255240,197.75,150
1719462255240,197.75,150
1719462255240,197.75,150
1719462257921,198.0,175
1719462258302,197.9,25
1719462259242,197.7,50
1719462259242,197.7,50
1719462260908,197.55,25
1719462261081,197.4,25
1719462261081,197.4,25
1719462261081,197.4,25
1719462263583,198.15,25
1719462264164,198.3,50
1719462264164,198.3,50
1719462265348,198.05,25
1719462265630,198.55,150
1719462265630,198.55,150
1719462266591,198.55,25
1719462267539,199.0,25
1719462268032,199.05,25
1719462268507,198.95,50
1719462269449,199.1,25
1719462269449,199.1,25
1719462270584,199.1,25
1719462270584,199.1,25
1719462270584,199.1,25
1719462271571,198.7,25
1719462271571,198.7,25
1719462273938,198.8,225
1719462274510,199.15,25
1719462274510,199.15,25
1719462275305,198.7,125
1719462276282,199.15,50
1719462276934,199.2,75
1719462277507,200.0,25
1719462278023,200.05,25
1719462278578,200.35,25
1719462279552,200.25,25
1719462279552,200.25,25
1719462279552,200.25,25
1719462281459,200.65,25
1719462281923,200.85,25
1719462282687,199.9,300
1719462282687,199.9,300
1719462283587,200.25,25
1719462283587,200.25,25
1719462284995,199.25,25
1719462285683,199.5,125
1719462285683,199.5,125
1719462287215,199.9,25
1719462287719,200.0,25
1719462287719,200.0,25
1719462288460,199.85,25
1719462289547,200.0,25
1719462289865,201.0,150
1719462291034,200.85,250
1719462292192,201.6,100
1719462292588,202.4,25
1719462293046,201.6,25
1719462293968,201.2,25
1719462294433,200.3,175
1719462294433,200.3,175
1719462295374,200.8,25
1719462296913,200.85,25
1719462297789,200.5,25
1719462297932,201.0,175
1719462298575,200.7,25
1719462299465,201.35,50
1719462299465,201.35,50
1719462300109,201.8,25
1719462300964,202.1,25
1719462300964,202.1,25
1719462301789,201.75,25
1719462302905,202.25,150
1719462302905,202.25,150
1719462304030,201.95,25
1719462304030,201.95,25
1719462304876,201.5,25
1719462305177,202.3,25
1719462306254,202.35,25
1719462306594,201.7,50
1719462307879,202.4,250
1719462308041,202.7,25
1719462309047,202.0,25
1719462309246,201.35,25
1719462310255,201.3,25
1719462310869,201.0,150
1719462312084,203.0,100
1719462312254,203.75,25
1719462312945,203.0,25
1719462314026,203.25,75
1719462314411,202.7,25
1719462314999,202.85,75
1719462314999,202.85,75
1719462316353,202.85,50
1719462317447,202.95,50
1719462317447,202.95,50
1719462318274,203.15,25
1719462318652,203.05,50
1719462319383,202.75,25
1719462319873,203.35,25
1719462320304,202.85,25
1719462320304,202.85,25
1719462321534,203.15,25
1719462322477,203.0,175
1719462322477,203.0,175
1719462323933,202.75,75
1719462324484,202.75,50
1719462324942,202.95,50
1719462324942,202.95,50
1719462326283,202.75,25
1719462326825,203.35,50
1719462327760,203.15,25
1719462327760,203.15,25
1719462328802,203.5,150
1719462328802,203.5,150
1719462329688,203.8,25
1719462329688,203.8,25
1719462331080,203.6,50
1719462331080,203.6,50
1719462331709,203.9,50
1719462332857,202.25,25
1719462332857,202.25,25
1719462334211,203.6,25
1719462334211,203.6,25
1719462335003,203.5,150
1719462335566,204.0,25
1719462335566,204.0,25
1719462337019,204.0,350
1719462338004,203.0,25
1719462338004,203.0,25
1719462339090,202.75,50
1719462339202,203.3,50
1719462339936,203.05,25
1719462340128,203.5,75
1719462341588,203.0,25
1719462342877,203.5,75
1719462342877,203.5,75
1719462343905,203.1,100
1719462344566,203.5,350
1719462344566,203.5,350
1719462345864,203.0,50
1719462345864,203.0,50
1719462346551,202.85,200
1719462347978,203.5,100
1719462347978,203.5,100
1719462349090,203.2,25
1719462349090,203.2,25
1719462349927,203.2,250
1719462351109,203.0,25
1719462351109,203.0,25
1719462352760,202.7,25
1719462352760,202.7,25
1719462354071,202.0,25
1719462354071,202.0,25
1719462354921,202.45,75
1719462356094,202.65,25
1719462356094,202.65,25
1719462357169,202.05,25
1719462357609,203.15,175
1719462357609,203.15,175
1719462358225,201.9,25
1719462359197,202.4,25
1719462359197,202.4,25
1719462360496,201.75,75
1719462360496,201.75,75
1719462360496,201.75,75
1719462361602,202.55,25
1719462362395,202.5,25
1719462362395,202.5,25
1719462363927,201.7,25
1719462364609,202.15,25
1719462364773,201.65,50
1719462366093,201.65,25
1719462367004,201.0,175
1719462367183,200.5,25
1719462367183,200.5,25
1719462369071,200.9,50
1719462369071,200.9,50
1719462369645,201.0,25
1719462370549,201.05,75
1719462371401,201.3,25
1719462371862,201.45,50
1719462373049,201.9,25
1719462373049,201.9,25
1719462374756,202.7,250
1719462375397,202.25,50
1719462375397,202.25,50
1719462375397,202.25,50
1719462379267,201.3,50
1719462379267,201.3,50
1719462380499,201.0,100
1719462380525,200.4,25
1719462380525,200.4,25
1719462382132,200.65,25
1719462382770,201.0,25
1719462384075,201.3,200
1719462384075,201.3,200
1719462384075,201.3,200
1719462384075,201.3,200
1719462389582,201.0,50
1719462389686,200.55,25
1719462390118,201.0,25
1719462390118,201.0,25
1719462390118,201.0,25
1719462391600,201.25,25
1719462391600,201.25,25
1719462393727,201.1,25
1719462394179,201.45,150
1719462394433,202.0,25
1719462394823,201.3,25
1719462395754,202.0,200
1719462395754,202.0,200
1719462397277,203.5,125
1719462398023,202.8,100
1719462399053,203.0,25
1719462399215,203.6,25
1719462400081,205.0,75
1719462400845,207.0,175
1719462401403,207.9,25
1719462402089,207.5,25
1719462403136,207.6,25
1719462403579,207.65,25
1719462404620,206.85,75
1719462405076,207.4,25
1719462405702,206.55,25
1719462406454,207.3,25
1719462407330,208.0,50
1719462408007,208.1,75
1719462408007,208.1,75
1719462409520,209.4,75
1719462409670,209.7,75
1719462410288,209.9,100
1719462411104,209.95,25
1719462411464,210.0,150
1719462412051,210.0,25
1719462412985,209.7,25
1719462413876,209.95,150
1719462414694,210.9,25
1719462415148,211.4,175
1719462416065,212.2,50
1719462416491,212.95,150
1719462417096,213.55,50
1719462417460,213.35,50
1719462418218,213.35,25
1719462419179,214.1,225
1719462419616,213.45,25
1719462420174,214.75,50
1719462420613,215.2,25
1719462421102,215.1,25
1719462421102,215.1,25
1719462422338,218.7,25
1719462422981,218.05,100
1719462423542,217.0,25
1719462424552,217.75,25
1719462424667,216.7,75
1719462425509,217.65,25
1719462426313,216.2,150
1719462426504,216.85,25
1719462427080,216.55,50
1719462428097,215.85,25
1719462428254,215.7,25
1719462429253,217.2,25
1719462429521,216.75,150
1719462430153,216.25,25
1719462431217,216.15,150
1719462431516,216.4,50
1719462432120,217.4,25
1719462433084,216.25,25
1719462433284,216.4,75
1719462433879,215.8,50
1719462434490,217.35,25
1719462435250,217.2,25
1719462435962,217.75,300
1719462435962,217.75,300
1719462436909,217.0,100
1719462438131,218.55,25
1719462438131,218.55,25
1719462439147,217.7,25
1719462439692,216.75,25
1719462440175,215.95,25
1719462441069,216.1,50
1719462441335,217.05,50
1719462441879,217.0,25
1719462442956,216.0,25
1719462444119,216.8,25
1719462444638,217.2,25
1719462444638,217.2,25
1719462446145,217.7,125
1719462446541,218.0,25
1719462446626,217.85,25
1719462447687,216.35,200
1719462447687,216.35,200
1719462448627,217.5,25
1719462449648,216.2,25
1719462450104,215.95,100
1719462450800,216.0,25
1719462450996,215.5,25
1719462451504,216.3,50
1719462452054,216.3,100
1719462453004,215.15,25
1719462453246,215.0,575
1719462454036,216.2,25
1719462454748,215.95,150
1719462454748,215.95,150
1719462456133,215.9,25
1719462456133,215.9,25
1719462456994,215.7,25
1719462457816,216.5,25
1719462458171,215.6,50
1719462458993,216.1,100
1719462459670,215.3,275
1719462459805,216.2,150
1719462461103,215.8,50
1719462461420,216.3,25
1719462462203,217.2,25
1719462463024,217.25,25
1719462463024,217.25,25
1719462464186,217.9,25
1719462464622,217.8,25
1719462465464,217.3,50
1719462465630,217.1,25
1719462466511,218.9,100
1719462467153,219.2,75
1719462468131,220.9,100
1719462468222,220.1,25
1719462469575,219.75,25
1719462469738,220.05,125
1719462470139,220.9,50
1719462471056,221.7,175
1719462471572,222.2,25
1719462472149,222.95,25
1719462473960,222.75,50
1719462474750,222.8,25
1719462475081,222.25,50
1719462476190,223.0,100
1719462476414,223.75,25
1719462477127,225.0,100
1719462478127,224.1,25
1719462478723,223.5,25
1719462479590,223.15,25
1719462480028,223.1,100
1719462480792,224.95,25
1719462481366,225.55,25
1719462481539,225.4,25
1719462482225,226.0,75
1719462483147,228.0,25
1719462484178,226.9,25
1719462484785,225.6,25
1719462485061,226.95,25
1719462485723,226.7,50
1719462486322,226.85,25
1719462486924,226.25,25
1719462488043,225.35,25
1719462488043,225.35,25
1719462489471,226.25,25
1719462489793,225.75,50
1719462490386,225.7,25
1719462491410,226.3,25
1719462492503,227.35,25
1719462493109,226.0,25
1719462494069,226.2,25
1719462494831,225.6,25
1719462494831,225.6,25
1719462496289,224.95,125
1719462496289,224.95,125
1719462496961,226.1,50
1719462498210,225.45,50
1719462499325,223.7,25
1719462499769,222.9,25
1719462500562,223.4,25
1719462500914,222.95,50
1719462501276,223.0,25
1719462502167,224.05,25
1719462503201,224.05,25
1719462503920,224.15,50
1719462504555,224.65,50
1719462505114,224.95,25
1719462506384,225.7,25
1719462507581,225.9,25
1719462508141,226.9,25
1719462509184,225.8,25
1719462509705,225.75,25
1719462509705,225.75,25
1719462510694,225.95,75
1719462510907,225.7,25
1719462511405,226.15,25
1719462512182,226.15,100
1719462513155,227.8,25
1719462513242,227.9,50
1719462513706,226.95,25
1719462514789,227.0,75
1719462514956,227.3,25
1719462516125,226.5,125
1719462516297,227.4,100
1719462517394,226.95,25
1719462517844,226.05,25
1719462519321,225.7,25
1719462519321,225.7,25
1719462520162,226.3,25
1719462521004,225.85,25
1719462521004,225.85,25
1719462522408,225.0,75
1719462523135,224.5,25
1719462524061,224.5,125
1719462524459,225.25,25
1719462524459,225.25,25
1719462525407,223.45,25
1719462526352,223.95,25
1719462527395,224.75,25
1719462527896,223.4,25
1719462527896,223.4,25
1719462529176,223.0,25
1719462529820,222.9,25
1719462530065,222.65,25
1719462531261,223.3,25
1719462532069,224.0,75
1719462533223,223.15,25
1719462533882,223.15,25
1719462534568,223.6,50
1719462535188,223.8,50
1719462536314,223.9,50
1719462536858,223.5,50
1719462537404,225.0,25
1719462539191,225.25,25
1719462539661,224.7,50
1719462540128,225.35,50
1719462540599,225.85,25
1719462541190,224.85,25
1719462541190,224.85,25
1719462542152,226.3,200
1719462542877,225.9,25
1719462542877,225.9,25
1719462544060,224.8,225
1719462544060,224.8,225
1719462545801,224.85,50
1719462545875,224.95,25
1719462546505,225.0,25
1719462546699,224.1,25
1719462548255,224.7,25
1719462548255,224.7,25
1719462549188,224.95,200
1719462549754,225.15,25
1719462550061,224.95,25
1719462551253,225.6,25
1719462551503,225.85,25
1719462551753,225.65,25
1719462552624,226.2,25
1719462552624,226.2,25
1719462554236,226.4,50
1719462554849,225.75,25
1719462555437,227.05,25
1719462556427,228.0,25
1719462556508,227.8,25
1719462557221,227.0,25
1719462558291,227.0,25
1719462558342,227.1,50
1719462559027,227.4,25
1719462559785,227.6,50
1719462560208,227.0,75
1719462561429,226.9,50
1719462562079,227.5,50
1719462563081,226.5,250
1719462563081,226.5,250
1719462563937,226.3,100
1719462564247,226.9,75
1719462564247,226.9,75
1719462564247,226.9,75
1719462567416,226.0,125
1719462567894,227.05,50
1719462568267,226.5,250
1719462569050,226.45,25
1719462569830,227.0,100
1719462570184,227.2,250
1719462570797,227.0,25
1719462571186,227.5,225
1719462571496,227.95,50
1719462572090,227.0,100
1719462572090,227.0,100
1719462573857,227.8,25
1719462574147,227.0,25
1719462574716,227.85,100
1719462575444,226.75,25
1719462576325,226.9,50
1719462577079,225.2,75
1719462577322,226.2,100
1719462579064,225.0,25
1719462579742,224.7,250
1719462579742,224.7,250
1719462581213,225.55,25
1719462581493,225.65,25
1719462582259,224.55,25
1719462582259,224.55,25
1719462584454,226.0,25
1719462584728,226.15,25
1719462585167,226.1,25
1719462585747,225.9,25
1719462585747,225.9,25
1719462587142,227.0,50
1719462588180,226.45,50
1719462588794,226.0,50
1719462589849,226.55,25
1719462590082,227.0,25
1719462590848,226.3,25
1719462590848,226.3,25
1719462592529,226.85,25
1719462593183,226.0,25
1719462593183,226.0,25
1719462594458,226.75,25
1719462594920,227.0,250
1719462595128,226.45,125
1719462595496,226.9,50
1719462596584,226.6,75
1719462597353,226.45,50
1719462597686,226.15,100
1719462598376,226.4,25
1719462599224,227.3,125
1719462599402,227.45,25
1719462600468,228.7,150
1719462600708,228.55,50
1719462601242,229.7,125
1719462601586,229.9,75
1719462602241,229.6,25
1719462603331,228.8,25
1719462604115,227.75,25
1719462604597,227.65,75
1719462605178,227.35,50
1719462606051,227.4,125
1719462606385,227.0,25
1719462606835,226.55,25
1719462607900,227.3,175
1719462607900,227.3,175
1719462609276,227.65,25
1719462609553,227.95,25
1719462610251,227.0,50
1719462611162,227.05,50
1719462611162,227.05,50
1719462612254,227.0,25
1719462613254,227.9,25
1719462613254,227.9,25
1719462614150,227.3,25
1719462614853,227.65,25
1719462615427,227.65,125
1719462615930,227.65,25
1719462616585,227.75,25
1719462616891,227.25,25
1719462618022,227.05,125
1719462618022,227.05,125
1719462619197,226.05,25
1719462619987,226.15,50
1719462620220,226.1,50
1719462621084,225.9,25
1719462621739,225.7,50
1719462621947,225.55,25
1719462623365,225.2,25
1719462624255,224.9,25
1719462625005,224.65,25
1719462625352,224.45,25
1719462626254,224.85,25
1719462626793,224.65,25
1719462627194,225.0,50
1719462628254,226.75,25
1719462628400,225.8,25
1719462628830,225.7,25
1719462630039,226.2,25
1719462630039,226.2,25
1719462630039,226.2,25
1719462631253,227.0,25
1719462631812,227.1,200
1719462632059,226.6,25
1719462633253,227.95,25
1719462633442,227.5,25
1719462633964,228.0,125
1719462635004,228.75,25
1719462635253,228.65,25
1719462636074,228.8,25
1719462636786,228.55,25
1719462637057,228.2,150
1719462638371,229.0,25
1719462639208,228.75,100
1719462640014,228.4,50
1719462640254,228.7,25
1719462641403,228.65,125
1719462641824,228.45,25
1719462642254,228.75,25
1719462643167,228.0,50
1719462643167,228.0,50
1719462644268,227.4,25
1719462644918,227.8,25
1719462645455,228.3,100
1719462646491,229.0,25
1719462646510,229.0,100
1719462647354,229.9,25
1719462648041,229.25,25
1719462649357,229.05,325
1719462650052,228.4,150
1719462650386,228.4,25
1719462651081,228.75,25
1719462651753,229.2,25
1719462652040,229.2,25
1719462652681,228.75,75
1719462653466,228.7,25
1719462654248,229.0,50
1719462654977,228.7,25
1719462654977,228.7,25
1719462656504,229.15,25
1719462656789,228.75,25
1719462657253,229.25,25
1719462658254,231.0,25
1719462658448,230.35,25
1719462659253,230.9,25
1719462660039,232.0,25
1719462660254,232.3,25
1719462660839,232.3,25
1719462661261,233.0,50
1719462661753,232.95,25
1719462662500,234.0,25
1719462663497,234.2,25
1719462704978,238.0,25
1719462706480,237.8,100
1719462706605,238.05,100
1719462707307,238.85,25
1719462708303,238.0,25
1719462708303,238.0,25
1719462709103,238.55,25
1719462710200,237.8,25
1719462710424,237.55,100
1719462710965,237.25,25
1719462711920,238.6,25
1719462712717,238.85,25
1719462713025,238.5,50
1719462713025,238.5,50
1719462714219,240.0,25
1719462715284,239.8,125
1719462716478,239.55,50
1719462716964,239.65,25
1719462716964,239.65,25
1719462718488,240.95,50
1719462719244,240.85,25
1719462720362,241.3,25
1719462720362,241.3,25
1719462720702,241.4,25
1719462721236,243.4,275
1719462721969,243.85,100
1719462722136,245.0,100
1719462723217,245.15,75
1719462723576,245.35,25
1719462724475,244.45,50
1719462724883,244.4,25
1719462724883,244.4,25
1719462726504,245.3,25
1719462726899,244.75,50
1719462727648,244.5,25
1719462728309,245.9,25
1719462728769,245.95,25
1719462729468,243.8,50
1719462730252,244.5,25
1719462730252,244.5,25
1719462731319,245.25,25
1719462731972,244.2,25
1719462732463,245.65,25
1719462733383,244.7,25
1719462733799,245.15,25
1719462734718,245.0,50
1719462735232,244.55,25
1719462735232,244.55,25
1719462736323,244.9,25
1719462736933,243.95,75
1719462737076,243.85,125
1719462737997,244.15,50
1719462738744,244.15,25
1719462739173,245.25,25
1719462740394,243.7,100
1719462740448,243.95,100
1719462741025,243.6,25
1719462741766,243.65,25
1719462742083,243.05,25
1719462743510,244.3,25
1719462743510,244.3,25
1719462743941,243.2,25
1719462745229,244.15,100
1719462745563,243.55,25
1719462746879,242.85,25
1719462747031,243.0,25
1719462748269,242.95,25
1719462748741,242.85,25
1719462749100,243.65,25
1719462750053,242.65,50
1719462750819,242.75,25
1719462751023,242.65,25
1719462751779,242.55,25
1719462752363,243.1,25
1719462752912,244.0,25
1719462753811,244.75,25
1719462754289,243.2,50
1719462755044,243.4,100
1719462755433,243.15,75
1719462756303,243.65,25
1719462756996,243.85,25
1719462757632,244.1,25
1719462758003,243.75,50
1719462758777,242.65,25
1719462759216,242.95,25
1719462759216,242.95,25
1719462760757,242.5,125
1719462761073,243.2,25
1719462761782,243.2,25
1719462761782,243.2,25
1719462763030,243.15,100
1719462763578,242.65,25
1719462764354,242.0,25
1719462765403,242.1,125
1719462765403,242.1,125
1719462766320,241.85,25
1719462767009,241.7,50
1719462767489,242.0,100
1719462768292,242.0,50
1719462768758,240.85,25
1719462769336,242.0,125
1719462770360,241.9,25
1719462771305,242.0,25
1719462771796,245.0,25
1719462772153,245.05,75
1719462773072,245.65,25
1719462773662,246.05,25
1719462773949,246.05,25
1719462773949,246.05,25
1719462775598,245.25,75
1719462776177,245.2,50
1719462776869,244.1,25
1719462777115,243.45,75
1719462778497,243.7,25
1719462778845,243.75,50
1719462779545,244.2,100
1719462779565,244.2,50
1719462780626,245.25,25
1719462780626,245.25,25
1719462781185,246.65,75
1719462782084,246.5,25
1719462782753,246.95,25
1719462783846,246.1,25
1719462784349,247.25,25
1719462785220,248.0,25
1719462786503,247.85,25
1719462787003,248.0,25
1719462787503,248.25,25
1719462788255,248.2,25
1719462788504,248.05,25
1719462789504,248.25,25
1719462790258,248.6,25
1719462790376,248.65,25
1719462791430,248.9,25
1719462791893,249.15,25
1719462792565,248.95,100
1719462793476,246.95,25
1719462793588,247.8,25
1719462794738,248.1,125
1719462794773,248.0,250
1719462796261,247.35,25
1719462796746,247.8,50
1719462797288,247.65,125
1719462797771,247.35,25
1719462798671,246.7,200
1719462798671,246.7,200
1719462800257,247.2,25
1719462800463,248.0,25
1719462801510,247.85,25
1719462801824,247.7,25
1719462802012,247.8,25
1719462803262,248.55,25
1719462803262,248.55,25
1719462804444,247.55,200
1719462805253,247.9,25
1719462805680,246.95,100
1719462806253,247.65,25
1719462806792,246.3,25
1719462806792,246.3,25
1719462808354,246.15,25
1719462808354,246.15,25
1719462809102,245.4,50
1719462810137,244.0,25
1719462810513,244.7,25
1719462810735,244.1,25
1719462811295,244.75,25
1719462811804,244.1,25
1719462812891,242.5,25
1719462813337,242.95,25
1719462813738,243.4,25
1719462814320,242.5,75
1719462815153,242.2,25
1719462815153,242.2,25
1719462816275,243.0,25
1719462816796,242.9,25
1719462816796,242.9,25
1719462818424,242.15,50
1719462819245,242.3,25
1719462820250,240.3,25
1719462821257,240.75,75
1719462821718,240.2,25
1719462822363,240.2,25
1719462823537,241.4,25
1719462823717,241.2,25
1719462824439,241.6,25
1719462824849,240.45,75
1719462824849,240.45,75
1719462826356,241.1,25
1719462826928,241.0,25
1719462827318,241.35,25
1719462827995,241.05,100
1719462827995,241.05,100
1719462829244,240.05,75
1719462829731,240.95,25
1719462829731,240.95,25
1719462831264,240.45,225
1719462831940,240.65,25
1719462832341,241.2,25
1719462833148,241.4,25
1719462833716,241.0,1200
1719462834208,241.0,250
1719462835189,241.2,100
1719462835189,241.2,100
1719462836070,240.95,25
1719462836860,240.95,25
1719462836860,240.95,25
1719462838332,242.35,75
1719462838601,241.6,25
1719462839092,241.75,25
1719462839685,243.0,25
1719462839685,243.0,25
1719462841342,243.05,25
1719462841647,243.55,25
1719462842531,243.4,25
1719462842688,243.5,25
1719462843689,243.25,25
1719462844305,244.0,25
1719462844485,244.0,150
1719462845595,244.8,75
1719462846356,244.0,500
1719462846754,243.6,25
1719462846754,243.6,25
1719462848255,242.55,25
1719462848754,242.95,25
1719462849219,243.1,25
1719462850023,242.6,175
1719462850478,242.1,125
1719462851333,243.1,25
1719462851721,244.2,25
1719462852221,244.4,50
1719462853590,244.4,100
1719462853590,244.4,100
1719462853936,244.0,700
1719462853936,244.0,700
1719462855557,243.7,50
1719462856152,243.9,25
1719462856645,243.3,25
1719462857466,242.8,25
1719462858000,243.45,25
1719462858634,242.55,50
1719462858634,242.55,50
1719462860082,243.0,25
1719462860930,243.0,100
1719462861780,244.0,350
1719462861780,244.0,350
1719462863229,244.15,25
1719462863229,244.15,25
1719462865519,245.0,25
1719462866229,244.65,25
1719462867103,243.7,25
1719462867103,243.7,25
1719462867935,244.7,25
1719462868617,245.0,50
1719462868617,245.0,50
1719462985947,246.0,75
1719462987210,246.65,75
1719462987595,246.75,25
1719462988541,245.65,50
1719462988812,244.95,25
1719463009146,245.5,50
1719463009387,245.9,50
1719463010587,245.55,25
1719463011559,246.2,25
1719463011559,246.2,25
1719463013338,245.55,25
1719463013637,245.55,75
1719463013637,245.55,75
1719463015741,245.4,100
1719463017373,246.0,25
1719463017373,246.0,25
1719463017373,246.0,25
1719463019409,246.95,25
1719463020681,247.85,50
1719463020681,247.85,50
1719463020681,247.85,50
1719463021684,248.55,25
1719463021918,249.0,25
1719463022612,249.25,25
1719463023090,248.55,25
1719463023976,248.65,125
1719463025492,249.05,25
1719463025492,249.05,25
1719463026254,249.75,25
1719463103903,246.9,250
1719463105358,247.2,25
1719463105596,247.65,25
1719463106539,247.5,25
1719463107438,247.2,125
1719463107941,247.0,200
1719463109138,246.4,25
1719463109138,246.4,25
1719463110556,247.1,75
1719463110556,247.1,75
1719463110880,247.0,75
1719463110880,247.0,75
1719463110880,247.0,75
1719463112552,246.5,250
1719463113029,246.55,75
1719463114276,246.5,25
1719463114276,246.5,25
1719463115367,246.1,75
1719463115367,246.1,75
1719463116430,246.65,75
1719463116430,246.65,75
1719463117938,246.85,50
1719463118410,247.55,25
1719463118709,246.4,25
1719463118709,246.4,25
1719463120910,247.5,25
1719463121646,249.1,25
1719463122163,249.2,25
1719463122163,249.2,25
1719463123028,249.3,25
1719463123028,249.3,25
1719463124408,250.65,50
1719463125067,249.05,25
1719463125067,249.05,25
1719463127136,251.55,25
1719463127409,251.4,25
1719463127409,251.4,25
1719463128130,249.95,25
1719463129008,249.7,275
1719463129476,248.05,25
1719463129476,248.05,25
1719463131518,246.75,25
1719463132305,247.45,25
1719463132305,247.45,25
1719463132305,247.45,25
1719463139045,248.85,50
1719463139045,248.85,50
1719463238294,249.2,50
1719463239415,249.05,25
1719463320511,252.5,50
1719463320511,252.5,50
1719463320511,252.5,50
1719463321688,252.85,25
1719463322368,253.45,50
1719463322368,253.45,50
1719463323650,253.8,75
1719463324254,253.95,25
1719463324503,254.2,25
1719463324503,254.2,25
1719463327005,254.05,100
1719463327570,254.1,25
1719463328504,253.8,25
1719463329398,253.85,650
1719463329398,253.85,650
1719463330101,254.1,50
1719463330101,254.1,50
1719463331588,252.7,25
1719463332689,253.7,25
1719463334336,254.3,25
1719463335078,253.8,125
1719463335078,253.8,125
1719463336455,252.7,25
1719463336864,253.6,125
1719463336864,253.6,125
1719463338623,253.75,25
1719463338623,253.75,25
1719463339868,253.15,25
1719463339868,253.15,25
1719463341536,253.8,25
1719463342459,253.5,25
1719463342789,253.35,25
1719463343510,252.9,25
1719463343510,252.9,25
1719463344559,253.35,25
1719463344559,253.35,25
1719463347409,253.0,125
1719463347591,253.4,25
1719463347591,253.4,25
1719463348853,252.0,50
1719463348925,252.7,50
1719463348925,252.7,50
1719463350625,254.25,50
1719463350625,254.25,50
1719463351021,254.2,25
1719463351814,253.55,75
1719463352610,253.5,25
1719463352755,253.85,50
1719463352755,253.85,50
1719463352755,253.85,50
1719463354808,254.15,50
1719463355855,254.25,50
1719463355855,254.25,50
1719463356572,255.25,50
1719463357182,256.0,100
1719463357182,256.0,100
1719463358248,256.0,75
1719463359549,256.05,100
1719463360740,256.2,150
1719463360740,256.2,150
1719463361397,256.95,25
1719463361397,256.95,25
1719463363126,255.65,25
1719463363286,255.9,25
1719463364863,256.1,25
1719463365660,255.9,50
1719463366128,256.6,50
1719463366128,256.6,50
1719463366128,256.6,50
1719463368256,256.2,25
1719463368980,257.3,25
1719463368980,257.3,25
1719463370094,256.95,25
1719463370503,256.25,25
1719463371072,256.5,100
1719463371598,256.95,50
1719463371598,256.95,50
1719463373773,257.55,50
1719463373773,257.55,50
1719463375017,257.5,125
1719463375766,257.9,75
1719463375766,257.9,75
1719463376441,257.2,150
1719463376441,257.2,150
1719463378150,256.85,75
1719463379466,256.2,200
1719463379777,255.1,25
1719463380855,256.05,25
1719463380855,256.05,25
1719463380855,256.05,25
1719463382324,254.55,200
1719463382324,254.55,200
1719463383663,253.85,25
1719463384372,253.0,175
1719463384808,253.1,25
1719463385797,252.9,50
1719463385797,252.9,50
1719463386992,254.15,50
1719463386992,254.15,50
1719463388255,254.25,25
1719463388754,254.2,25
1719463388984,253.75,25
1719463388984,253.75,25
1719463390970,254.0,25
1719463390970,254.0,25
1719463393626,253.45,50
1719463393626,253.45,50
1719463394959,253.4,250
1719463394959,253.4,250
1719463394959,253.4,250
1719463397918,252.95,50
1719463398824,252.45,50
1719463398824,252.45,50
1719463398824,252.45,50
1719463401216,253.2,200
1719463401765,253.1,50
1719463401765,253.1,50
1719463403129,252.5,25
1719463403411,253.2,25
1719463403411,253.2,25
1719463405194,252.6,50
1719463405722,252.9,50
1719463407044,251.0,50
1719463407158,250.0,50
1719463407158,250.0,50
1719463408646,249.05,75
1719463409227,249.6,75
1719463409227,249.6,75
1719463410450,248.0,75
1719463410859,247.35,25
1719463410859,247.35,25
1719463410859,247.35,25
1719463412773,248.5,25
1719463412773,248.5,25
1719463413164,248.05,25
1719463414256,249.5,25
1719463414650,248.85,25
1719463415936,248.4,50
1719463415936,248.4,50
1719463416635,248.6,25
1719463417351,248.85,50
1719463417351,248.85,50
1719463419356,247.6,25
1719463419509,248.0,25
1719463419830,248.25,25
1719463419830,248.25,25
1719463422215,247.5,25
1719463422215,247.5,25
1719463423405,246.8,25
1719463423936,247.0,25
1719463424238,246.85,50
1719463424921,246.85,50
1719463425694,247.2,100
1719463425973,246.15,75
1719463426731,246.1,50
1719463427709,246.0,75
1719463428648,240.35,25
1719463429154,241.45,25
1719463429154,241.45,25
1719463430684,241.3,25
1719463430898,242.05,50
1719463431900,241.65,125
1719463432742,238.9,25
1719463433126,239.4,75
1719463434091,240.2,25
1719463434218,241.65,50
1719463434775,239.75,125
1719463435833,239.4,25
1719463435833,239.4,25
1719463436781,239.9,50
1719463437424,240.85,25
1719463438627,240.45,100
1719463438627,240.45,100
1719463439556,240.2,25
1719463440740,241.85,125
1719463441004,241.6,25
1719463441004,241.6,25
1719463442658,242.1,50
1719463443063,242.8,25
1719463443854,243.1,25
1719463444811,242.55,50
1719463445228,243.2,25
1719463445228,243.2,25
1719463445228,243.2,25
1719463448557,244.1,25
1719463449427,243.2,25
1719463449462,242.35,25
1719463450670,242.3,50
1719463450670,242.3,50
1719463451342,242.85,25
1719463452032,242.4,25
1719463452898,243.55,25
1719463453315,244.05,25
1719463454053,243.0,50
1719463454053,243.0,50
1719463454053,243.0,50
1719463457311,244.3,25
1719463457311,244.3,25
1719463458346,244.2,25
1719463458674,244.2,25
1719463459414,242.85,25
1719463460862,242.45,100
1719463460862,242.45,100
1719463462426,242.3,25
1719463462426,242.3,25
1719463463072,242.95,50
1719463463750,243.45,50
1719463463750,243.45,50
1719463464702,242.8,25
1719463465693,242.7,25
1719463465693,242.7,25
1719463466485,243.4,25
1719463466485,243.4,25
1719463468294,243.75,25
1719463468434,243.8,25
1719463469469,244.1,50
1719463469469,244.1,50
1719463470640,246.05,50
1719463470640,246.05,50
1719463470886,245.6,400
1719463471678,245.45,200
1719463471678,245.45,200
1719463473003,246.55,50
1719463473588,246.3,25
1719463473588,246.3,25
1719463474721,247.1,25
1719463474721,247.1,25
1719463476564,246.05,25
1719463476564,246.05,25
1719463477970,245.95,100
1719463478755,245.15,25
1719463478755,245.15,25
1719463478755,245.15,25
1719463481531,243.6,25
1719463482055,243.75,25
1719463482055,243.75,25
1719463483296,242.45,25
1719463483484,242.65,150
1719463483484,242.65,150
1719463484958,243.1,50
1719463485576,242.45,25
1719463485908,243.55,25
1719463486605,243.75,25
1719463487125,243.0,125
1719463487125,243.0,125
1719463488830,243.0,50
1719463488830,243.0,50
1719463490455,242.65,25
1719463490643,243.35,50
1719463491158,242.8,75
1719463491158,242.8,75
1719463492667,242.0,25
1719463493191,242.55,50
1719463494158,242.2,25
1719463494158,242.2,25
1719463495942,242.3,25
1719463495984,242.25,100
1719463495984,242.25,100
1719463497317,242.1,50
1719463497804,242.6,150
1719463498321,242.8,25
1719463498321,242.8,25
1719463499696,241.85,25
1719463499696,241.85,25
1719463499696,241.85,25
1719463502399,242.6,50
1719463502800,243.15,25
1719463502800,243.15,25
1719463503672,242.6,25
1719463503672,242.6,25
1719463504918,242.8,25
1719463505690,242.0,100
1719463505690,242.0,100
1719463506669,240.25,25
1719463507909,241.85,175
1719463509515,242.6,25
1719463509515,242.6,25
1719463510241,242.35,25
1719463510241,242.35,25
1719463510241,242.35,25
1719463513538,240.85,25
1719463513943,241.05,25
1719463514376,241.45,25
1719463514376,241.45,25
1719463515579,241.25,25
1719463515579,241.25,25
1719463517193,241.05,50
1719463517853,240.3,75
1719463517853,240.3,75
1719463519358,241.45,225
1719463519358,241.45,225
1719463519571,241.45,125
1719463519571,241.45,125
1719463521368,242.05,25
1719463521461,241.65,250
1719463522681,242.8,25
1719463523942,243.2,50
1719463523942,243.2,50
1719463524665,244.0,25
1719463524665,244.0,25
1719463527030,244.1,25
1719463527030,244.1,25
1719463529464,245.0,50
1719463530786,246.0,25
1719463530843,245.8,25
1719463530843,245.8,25
1719463531627,246.3,25
1719463532258,246.75,25
1719463532258,246.75,25
1719463534986,245.8,50
1719463535763,247.0,100
1719463535763,247.0,100
1719463536567,247.45,100
1719463537632,248.35,25
1719463538698,248.25,25
1719463539453,247.25,25
1719463539806,247.8,25
1719463540611,248.0,75
1719463540611,248.0,75
1719463541745,247.25,50
1719463542427,247.05,100
1719463542427,247.05,100
1719463543807,248.4,100
1719463544127,248.4,50
1719463544127,248.4,50
1719463546201,249.0,25
1719463546230,248.45,25
1719463547085,248.15,25
1719463547085,248.15,25
1719463548594,249.0,125
1719463549360,249.9,25
1719463549360,249.9,25
1719463549732,250.0,250
1719463550816,250.9,100
1719463550816,250.9,100
1719463551471,250.25,50
1719463552576,249.8,25
1719463552576,249.8,25
1719463553677,249.6,25
1719463554613,248.0,25
1719463554613,248.0,25
1719463554969,248.0,25
1719463554969,248.0,25
1719463554969,248.0,25
1719463558970,248.0,25
1719463559529,248.3,125
1719463559529,248.3,125
1719463559529,248.3,125
1719463559529,248.3,125
1719463559529,248.3,125
1719463564189,247.05,50
1719463564518,245.95,50
1719463564518,245.95,50
1719463564518,245.95,50
1719463566747,246.4,25
1719463567785,246.7,25
1719463567850,246.85,25
1719463568254,246.6,25
1719463569512,246.35,50
1719463569512,246.35,50
1719463570504,246.45,25
1719463570504,246.45,25
1719463572821,246.35,25
1719463572821,246.35,25
1719463572821,246.35,25
1719463572821,246.35,25
1719463578349,246.0,25
1719463579412,245.05,25
1719463579412,245.05,25
1719463579412,245.05,25
1719463581753,244.3,50
1719463582105,244.45,300
1719463582105,244.45,300
1719463583740,243.4,25
1719463583740,243.4,25
1719463585257,242.9,25
1719463585757,242.95,25
1719463586152,243.35,25
1719463586152,243.35,25
1719463587741,243.8,25
1719463587741,243.8,25
1719463588611,243.9,25
1719463588611,243.9,25
1719463590183,244.0,50
1719463590183,244.0,50
1719463590183,244.0,50
1719463591746,243.75,25
1719463591746,243.75,25
1719463591746,243.75,25
1719463595590,243.75,25
1719463596042,243.8,50
1719463596042,243.8,50
1719463596042,243.8,50
1719463596042,243.8,50
1719463600248,243.3,50
1719463600248,243.3,50
1719463602916,245.0,50
1719463602916,245.0,50
1719463602916,245.0,50
1719463602916,245.0,50
1719463608257,246.85,25
1719463609239,246.35,25
1719463609356,245.85,25
1719463609356,245.85,25
1719463609356,245.85,25
1719463611956,245.95,75
1719463611956,245.95,75
1719463611956,245.95,75
1719463616345,245.7,100
1719463616345,245.7,100
1719463616835,246.0,250
1719463616835,246.0,250
1719463619164,245.15,25
1719463619164,245.15,25
1719463620043,245.0,25
1719463620043,245.0,25
1719463621069,244.0,175
1719463621364,243.95,25
1719463621364,243.95,25
1719463622245,243.75,100
1719463622245,243.75,100
1719463623541,244.0,50
1719463624452,244.0,25
1719463624452,244.0,25
1719463625798,243.75,75
1719463625798,243.75,75
1719463627121,244.25,25
1719463627599,244.05,25
1719463628065,244.15,25
1719463628065,244.15,25
1719463628065,244.15,25
1719463631473,245.15,25
1719463631473,245.15,25
1719463632416,244.4,25
1719463632416,244.4,25
1719463632416,244.4,25
1719463635063,245.15,25
1719463636039,245.25,25
1719463636039,245.25,25
1719463637357,246.0,250
1719463637357,246.0,250
1719463637357,246.0,250
1719463640338,246.25,25
1719463640770,246.5,25
1719463640770,246.5,25
1719463641574,246.7,50
1719463641874,246.6,50
1719463641874,246.6,50
1719463643561,247.2,75
1719463644382,247.8,50
1719463644382,247.8,50
1719463647117,246.3,25
1719463647666,246.0,25
1719463648132,246.0,100
1719463648778,245.85,25
1719463649448,244.75,25
1719463649448,244.75,25
1719463649448,244.75,25
1719463649448,244.75,25
1719463651802,246.0,75
1719463652308,245.95,50
1719463652308,245.95,50
1719463654391,244.05,25
1719463654391,244.05,25
1719463654872,244.1,25
1719463656057,243.6,25
1719463656057,243.6,25
1719463658140,243.55,25
1719463658140,243.55,25
1719463659095,243.75,125
1719463659095,243.75,125
1719463660641,243.6,50
1719463660641,243.6,50
1719463662162,243.65,25
1719463662162,243.65,25
1719463663586,243.5,25
1719463664442,243.25,25
1719463664442,243.25,25
1719463664881,243.4,25
1719463665904,242.7,50
1719463665904,242.7,50
1719463665904,242.7,50
1719463669466,242.45,100
1719463669466,242.45,100
1719463670047,243.0,25
1719463671106,243.0,200
1719463671516,243.0,1025
1719463671827,244.0,25
1719463672790,243.7,50
1719463672790,243.7,50
1719463673529,245.0,175
1719463674363,245.4,100
1719463674363,245.4,100
1719463675275,244.0,50
1719463675275,244.0,50
1719463676902,243.25,25
1719463678222,244.1,25
1719463678222,244.1,25
1719463678222,244.1,25
1719463678222,244.1,25
1719463678222,244.1,25
1719463684850,243.35,25
1719463684850,243.35,25
1719463686766,244.6,75
1719463687582,243.65,25
1719463688070,243.95,50
1719463688070,243.95,50
1719463689569,243.55,50
1719463689569,243.55,50
1719463690424,243.7,25
1719463690424,243.7,25
1719463691853,243.35,75
1719463692563,243.55,25
1719463693176,242.9,50
1719463693695,243.3,25
1719463694182,243.5,50
1719463694182,243.5,50
1719463695725,244.0,750
1719463696335,242.8,150
1719463696335,242.8,150
1719463697719,244.2,25
1719463698202,245.0,850
1719463698202,245.0,850
1719463698202,245.0,850
1719463701608,245.15,75
1719463701608,245.15,75
1719463701608,245.15,75
1719463701608,245.15,75
1719463706962,245.25,100
1719463707875,244.85,25
1719463707875,244.85,25
1719463709437,244.9,50
1719463709894,244.7,75
1719463710278,245.0,125
1719463710878,245.0,1450
1719463710878,245.0,1450
1719463711705,245.15,25
1719463713035,246.35,50
1719463713035,246.35,50
1719463714066,246.3,25
1719463714066,246.3,25
1719463715194,245.9,75
1719463715685,246.4,275
1719463716612,247.0,25
1719463716612,247.0,25
1719463716612,247.0,25
1719463718849,246.75,25
1719463719524,247.0,125
1719463719524,247.0,125
1719463719524,247.0,125
1719463721793,247.95,25
1719463722544,247.9,25
1719463722544,247.9,25
1719463723749,247.65,25
1719463724832,248.05,75
1719463725644,247.65,25
1719463725644,247.65,25
1719463725644,247.65,25
1719463729892,245.25,25
1719463729892,245.25,25
1719463729892,245.25,25
1719463729892,245.25,25
1719463735141,245.95,150
1719463736028,245.4,50
1719463736452,246.0,100
1719463736452,246.0,100
1719463736452,246.0,100
1719463738698,247.0,25
1719463738698,247.0,25
1719463738698,247.0,25
1719463741409,246.65,25
1719463741409,246.65,25
1719463742644,246.5,50
1719463742644,246.5,50
1719463743836,246.45,25
1719463744142,245.6,25
1719463744142,245.6,25
1719463746106,246.25,25
1719463746106,246.25,25
1719463746106,246.25,25
1719463748385,246.2,75
1719463748881,246.25,25
1719463749177,246.5,50
1719463749177,246.5,50
1719463749177,246.5,50
1719463749177,246.5,50
1719463755674,246.5,25
1719463756281,247.2,125
1719463756552,247.15,25
1719463756552,247.15,25
1719463756552,247.15,25
1719463758909,248.0,75
1719463759836,248.45,25
1719463759836,248.45,25
1719463761281,249.05,75
1719463761281,249.05,75
1719463762476,248.95,75
1719463762559,249.35,50
1719463762559,249.35,50
1719463764287,249.05,25
1719463764287,249.05,25
1719463766308,247.75,125
1719463766308,247.75,125
1719463768012,247.0,25
1719463768334,246.3,50
1719463768334,246.3,50
1719463768334,246.3,50
1719463768334,246.3,50
1719463768334,246.3,50
1719463772636,246.85,25
1719463772636,246.85,25
1719463772636,246.85,25
1719463772636,246.85,25
1719463777159,250.0,50
1719463777159,250.0,50
1719463778495,248.65,50
1719463779012,249.25,25
1719463779012,249.25,25
1719463780829,248.05,25
1719463780829,248.05,25
1719463782584,248.0,25
1719463782584,248.0,25
1719463782584,248.0,25
1719463786460,248.35,25
1719463786460,248.35,25
1719463788063,248.3,25
1719463788063,248.3,25
1719463788602,248.3,25
1719463788602,248.3,25
1719463788602,248.3,25
1719463788602,248.3,25
1719463793612,248.95,75
1719463793612,248.95,75
1719463793612,248.95,75
1719463793612,248.95,75
1719463799371,248.3,75
1719463799371,248.3,75
1719463799371,248.3,75
1719463799371,248.3,75
1719463802804,248.0,50
1719463802804,248.0,50
1719463804241,248.35,125
1719463804241,248.35,125
1719463805307,248.05,25
1719463805307,248.05,25
1719463808254,248.35,25
1719463808254,248.35,25
1719463810255,248.45,25
1719463810742,248.8,125
1719463810742,248.8,125
1719463813219,249.75,25
1719463813219,249.75,25
1719463813921,250.15,25
1719463814407,250.55,125
1719463814407,250.55,125
1719463816420,250.45,75
1719463816420,250.45,75
1719463817662,248.9,100
1719463817662,248.9,100
1719463818975,249.15,100
1719463819172,249.1,25
1719463821260,248.65,25
1719463821260,248.65,25
1719463821260,248.65,25
1719463824946,250.6,175
1719463825342,250.55,25
1719463826087,249.9,250
1719463826087,249.9,250
1719463826998,250.0,50
1719463826998,250.0,50
1719463828880,248.9,550
1719463829267,247.9,25
1719463830440,247.75,75
1719463830440,247.75,75
1719463832910,249.4,25
1719463832910,249.4,25
1719463832910,249.4,25
1719463832910,249.4,25
1719463837324,248.0,350
1719463837324,248.0,350
1719463839660,248.0,25
1719463839660,248.0,25
1719463839660,248.0,25
1719463842115,247.4,25
1719463843009,247.0,250
1719463843009,247.0,250
1719463843009,247.0,250
1719463846302,247.1,100
1719463846302,247.1,100
1719463846302,247.1,100
1719463846302,247.1,100
1719463851204,246.55,100
1719463851204,246.55,100
1719463852304,246.2,100
1719463852495,246.8,300
1719463852495,246.8,300
1719463854193,246.0,100
1719463854193,246.0,100
1719463855308,246.0,50
1719463856315,245.9,50
1719463856315,245.9,50
1719463857925,246.7,25
1719463857925,246.7,25
1719463858865,248.55,50
1719463859392,249.1,75
1719463859392,249.1,75
1719463860240,249.25,75
1719463861604,248.3,25
1719463861604,248.3,25
1719463862960,249.4,100
1719463862960,249.4,100
1719463864712,249.1,25
1719463864712,249.1,25
1719463865939,248.35,75
1719463866944,247.25,25
1719463866944,247.25,25
1719463866944,247.25,25
1719463870524,248.35,125
1719463870984,248.9,200
1719463871204,248.75,50
1719463871204,248.75,50
1719463872863,248.6,50
1719463873219,248.75,25
1719463873219,248.75,25
1719463873219,248.75,25
1719463875574,247.85,25
1719463875574,247.85,25
1719463875574,247.85,25
1719463875574,247.85,25
1719463880695,249.45,25
1719463881710,249.9,25
1719463881710,249.9,25
1719463882543,250.0,150
1719463883014,249.9,25
1719463883014,249.9,25
1719463883972,250.0,125
1719463884585,249.65,25
1719463884585,249.65,25
1719463884585,249.65,25
1719463884585,249.65,25
1719463889318,249.65,25
1719463889816,250.5,50
1719463889816,250.5,50
1719463889816,250.5,50
1719463889816,250.5,50
1719463892943,249.6,125
1719463892943,249.6,125
1719463892943,249.6,125
1719463896106,248.85,75
1719463896367,248.6,25
1719463896367,248.6,25
1719463896367,248.6,25
1719463896367,248.6,25
1719463902300,249.85,200
1719463902300,249.85,200
1719464034367,244.6,75
1719464038511,244.25,100
1719464038825,243.5,175
1719464038825,243.5,175
1719464040794,243.0,50
1719464040794,243.0,50
1719464041613,243.25,50
1719464041613,243.25,50
1719464042426,243.1,25
1719464042426,243.1,25
1719464044388,243.0,25
1719464044685,242.85,200
1719464044685,242.85,200
1719464045414,242.95,75
1719464046903,242.85,125
1719464046903,242.85,125
1719464046903,242.85,125
1719464049173,242.9,25
1719464049379,242.95,100
1719464049379,242.95,100
1719464053359,242.45,25
1719464054171,242.95,50
1719464054171,242.95,50
1719464055372,244.1,50
1719464055372,244.1,50
1719464057687,244.6,50
1719464057687,244.6,50
1719464058763,244.25,50
1719464058917,245.15,25
1719464059176,244.9,25
1719464059176,244.9,25
1719464059176,244.9,25
1719464059176,244.9,25
1719464063905,242.1,25
1719464063905,242.1,25
1719464063905,242.1,25
1719464067217,242.45,75
1719464067217,242.45,75
1719464069949,242.85,50
1719464069949,242.85,50
1719464071260,242.2,25
1719464071260,242.2,25
1719464071906,243.0,25
1719464071906,243.0,25
1719464074536,242.45,50
1719464074536,242.45,50
1719464076656,242.0,25
1719464076966,242.35,75
1719464077160,242.1,50
1719464077160,242.1,50
1719464079283,242.6,25
1719464080074,242.0,50
1719464080074,242.0,50
1719464081255,242.7,25
1719464081255,242.7,25
1719464081255,242.7,25
1719464084452,241.0,25
1719464084452,241.0,25
1719464086248,240.6,400
1719464086248,240.6,400
1719464087033,240.75,225
1719464088144,240.95,25
1719464088536,240.4,25
1719464088918,240.5,75
1719464089441,240.8,25
1719464089441,240.8,25
1719464089441,240.8,25
1719464089441,240.8,25
1719464094278,244.65,50
1719464094278,244.65,50
1719464094278,244.65,50
1719464098207,244.45,50
1719464098207,244.45,50
1719464099048,243.4,25
1719464099048,243.4,25
1719464099048,243.4,25
1719464099048,243.4,25
1719464102879,243.9,25
1719464103042,244.05,25
1719464103042,244.05,25
1719464104677,244.05,25
1719464104759,244.1,300
1719464104759,244.1,300
1719464105597,244.1,200
1719464106660,244.0,25
1719464106660,244.0,25
1719464106660,244.0,25
1719464108797,243.9,75
1719464108797,243.9,75
1719464111174,242.85,25
1719464111174,242.85,25
1719464113017,242.8,25
1719464113017,242.8,25
1719464113017,242.8,25
1719464115443,243.4,125
1719464116334,243.25,25
1719464117125,242.95,25
1719464118228,243.5,25
1719464118524,243.75,25
1719464118937,244.0,100
1719464118937,244.0,100
1719464120896,244.9,25
1719464120896,244.9,25
1719464123408,243.8,25
1719464123408,243.8,25
1719464123988,243.05,25
1719464124422,243.55,125
1719464124422,243.55,125
1719464126690,244.1,25
1719464126690,244.1,25
1719464127715,244.15,25
1719464127715,244.15,25
1719464129154,243.6,50
1719464130217,244.05,50
1719464130217,244.05,50
1719464130217,244.05,50
1719464133058,243.5,25
1719464133173,242.6,100
1719464133738,243.35,250
1719464133738,243.35,250
1719464135588,243.05,50
1719464135588,243.05,50
1719464135588,243.05,50
1719464139534,242.0,25
1719464139534,242.0,25
1719464141120,242.35,175
1719464141120,242.35,175
1719464142416,242.25,50
1719464143157,242.85,25
1719464143157,242.85,25
1719464144214,244.15,50
1719464145166,245.0,100
1719464145166,245.0,100
1719464145742,244.3,75
1719464146851,244.0,25
1719464146851,244.0,25
1719464146851,244.0,25
1719464146851,244.0,25
1719464153037,244.0,25
1719464153037,244.0,25
1719464153998,244.35,100
1719464153998,244.35,100
1719464155849,242.65,25
1719464155849,242.65,25
1719464157399,242.55,25
1719464158128,242.85,150
1719464158128,242.85,150
1719464158975,243.0,1800
1719464160168,242.95,25
1719464160168,242.95,25
1719464161990,242.8,25
1719464161990,242.8,25
1719464163926,244.1,50
1719464163926,244.1,50
1719464163926,244.1,50
1719464163926,244.1,50
1719464163926,244.1,50
1719464163926,244.1,50
1719464163926,244.1,50
1719464173891,244.95,350
1719464173891,244.95,350
1719464176710,243.4,25
1719464176710,243.4,25
1719464178047,243.1,25
1719464178047,243.1,25
1719464178047,243.1,25
1719464180924,245.0,25
1719464181151,244.55,50
1719464181151,244.55,50
1719464182924,245.4,25
1719464183610,245.7,50
1719464183944,245.25,50
1719464183944,245.25,50
1719464183944,245.25,50
1719464188360,244.0,25
1719464188360,244.0,25
1719464188859,244.5,25
1719464188859,244.5,25
1719464190773,243.95,375
1719464190773,243.95,375
1719464191491,243.4,25
1719464191491,243.4,25
1719464194082,244.65,25
1719464194082,244.65,25
1719464194082,244.65,25
1719464194082,244.65,25
1719464199389,245.95,25
1719464199389,245.95,25
1719464199389,245.95,25
1719464203130,243.1,50
1719464203130,243.1,50
1719464204891,244.0,25
1719464205079,244.3,250
1719464205371,243.95,25
1719464206028,244.5,25
1719464206028,244.5,25
1719464207381,244.5,150
1719464207381,244.5,150
1719464207381,244.5,150
1719464210418,245.3,25
1719464210418,245.3,25
1719464213750,244.6,25
1719464213750,244.6,25
1719464213750,244.6,25
1719464218268,246.0,25
1719464218268,246.0,25
1719464218968,246.8,150
1719464219385,247.35,25
1719464220384,248.0,25
1719464220384,248.0,25
1719464220384,248.0,25
1719464220384,248.0,25
1719464222884,248.4,25
1719464222884,248.4,25
1719464222884,248.4,25
1719464226307,248.6,75
1719464226307,248.6,75
1719464227974,249.0,50
1719464228255,249.8,25
1719464228808,250.0,25
1719464229141,249.85,125
1719464229141,249.85,125
1719464230584,250.4,25
1719464230906,251.0,25
1719464232171,251.0,25
1719464232171,251.0,25
1719464233967,251.25,50
1719464234351,250.7,25
1719464234351,250.7,25
1719464235575,249.5,25
1719464237199,251.05,175
1719464237199,251.05,175
1719464238165,251.55,50
1719464238165,251.55,50
1719464239124,250.6,50
1719464239555,251.2,25
1719464239555,251.2,25
1719464242236,250.75,25
1719464242236,250.75,25
1719464242236,250.75,25
1719464242236,250.75,25
1719464246829,252.5,50
1719464246931,252.75,25
1719464246931,252.75,25
1719464248350,253.95,25
1719464248654,254.0,75
1719464249367,255.0,25
1719464250102,254.0,125
1719464250492,253.95,75
1719464250492,253.95,75
1719464251610,254.0,50
1719464251610,254.0,50
1719464253006,254.55,50
1719464253149,255.0,25
1719464253813,256.0,25
1719464254151,255.7,200
1719464255162,255.85,50
1719464256173,255.15,25
1719464256693,254.9,25
1719464257559,254.8,25
1719464257559,254.8,25
1719464259541,255.95,75
1719464260022,254.7,150
1719464260022,254.7,150
1719464260780,254.85,50
1719464262100,255.65,25
1719464262100,255.65,25
1719464262579,255.6,25
1719464262579,255.6,25
1719464264420,255.85,75
1719464265016,256.75,75
1719464265352,256.8,175
1719464265352,256.8,175
1719464266852,255.7,100
1719464268023,256.7,25
1719464268335,255.9,25
1719464268937,256.4,25
1719464269757,256.55,25
1719464269757,256.55,25
1719464270647,255.25,75
1719464272062,256.0,25
1719464272301,255.0,150
1719464272519,255.0,400
1719464273630,256.0,225
1719464273630,256.0,225
1719464273630,256.0,225
1719464275961,255.85,25
1719464275961,255.85,25
1719464278193,255.95,25
1719464278193,255.95,25
1719464279927,254.05,75
1719464280278,254.25,25
1719464280278,254.25,25
1719464281608,255.15,50
1719464282134,256.5,25
1719464282411,257.0,100
1719464282411,257.0,100
1719464284657,255.9,25
1719464285278,256.3,50
1719464286280,255.85,25
1719464287329,255.9,125
1719464288273,256.3,25
1719464288504,256.4,25
1719464288504,256.4,25
1719464290514,255.85,550
1719464290514,255.85,550
1719464290824,255.45,75
1719464292157,258.25,25
1719464292694,258.2,25
1719464293823,257.6,50
1719464294139,258.35,25
1719464294796,259.0,75
1719464294796,259.0,75
1719464294796,259.0,75
1719464297698,258.2,25
1719464298392,258.05,50
1719464298392,258.05,50
1719464299613,257.75,75
1719464300492,257.9,100
1719464301186,257.45,50
1719464302213,257.8,25
1719464303178,257.35,25
1719464303404,257.35,125
1719464303404,257.35,125
1719464304993,257.7,50
1719464304993,257.7,50
1719464306580,257.15,25
1719464306829,257.0,25
1719464306829,257.0,25
1719464307651,258.5,25
1719464308424,258.45,25
1719464309115,258.9,50
1719464309611,259.0,25
1719464310495,260.0,50
1719464310582,260.0,125
1719464310582,260.0,125
1719464312277,260.0,100
1719464312910,260.5,75
1719464313805,260.1,75
1719464314126,260.0,75
1719464315145,260.9,125
1719464315145,260.9,125
1719464316256,261.2,50
1719464317213,261.95,50
1719464317213,261.95,50
1719464318637,261.4,75
1719464318803,261.45,75
1719464319124,262.0,25
1719464320498,262.3,75
1719464321455,262.95,250
1719464321455,262.95,250
1719464321455,262.95,250
1719464323394,262.9,25
1719464323692,263.1,25
1719464324286,263.4,200
1719464325552,262.35,25
1719464325576,261.55,25
1719464326112,261.8,25
1719464326112,261.8,25
1719464327450,261.3,25
1719464328344,259.6,100
1719464328548,259.4,25
1719464328548,259.4,25
1719464328548,259.4,25
1719464331934,260.05,25
1719464332151,260.1,50
1719464332151,260.1,50
1719464332568,261.7,50
1719464332568,261.7,50
1719464334226,261.15,25
1719464335574,260.9,25
1719464335664,261.5,50
1719464335664,261.5,50
1719464336494,260.3,50
1719464338161,261.55,100
1719464338161,261.55,100
1719464339002,261.7,50
1719464339002,261.7,50
1719464339002,261.7,50
1719464342188,260.35,25
1719464342188,260.35,25
1719464343090,260.05,300
1719464343882,261.6,175
1719464344141,261.55,25
1719464345029,261.25,50
1719464345499,261.15,25
1719464346254,261.65,25
1719464346753,262.15,25
1719464346753,262.15,25
1719464348255,262.1,25
1719464349005,261.75,25
1719464349005,261.75,25
1719464350144,261.45,50
1719464350342,261.85,225
1719464350342,261.85,225
1719464352077,262.05,25
1719464352077,262.05,25
1719464353061,261.2,25
1719464353477,261.2,25
1719464353477,261.2,25
1719464353477,261.2,25
1719464356039,261.85,50
1719464356039,261.85,50
1719464357916,260.3,50
1719464358607,260.65,50
1719464358607,260.65,50
1719464358607,260.65,50
1719464361937,262.65,25
1719464361937,262.65,25
1719464362402,261.45,25
1719464363181,260.6,25
1719464363181,260.6,25
1719464364911,262.1,25
1719464365439,261.2,25
1719464365439,261.2,25
1719464366545,261.3,50
1719464366545,261.3,50
1719464366545,261.3,50
1719464366545,261.3,50
1719464366545,261.3,50
1719464366545,261.3,50
1719464373073,260.9,25
1719464373201,262.0,50
1719464373822,262.05,25
1719464373822,262.05,25
1719464375157,262.25,25
1719464375157,262.25,25
1719464375696,261.9,25
1719464375696,261.9,25
1719464375696,261.9,25
1719464379132,260.9,25
1719464379132,260.9,25
1719464382185,261.45,50
1719464382185,261.45,50
1719464382691,261.7,50
1719464383816,261.1,50
1719464384061,260.0,25
1719464384950,260.0,150
1719464385651,260.0,775
1719464386444,259.4,25
1719464386444,259.4,25
1719464387655,259.85,25
1719464388258,260.1,50
1719464388838,259.9,25
1719464388838,259.9,25
1719464388838,259.9,25
1719464388838,259.9,25
1719464393490,259.95,350
1719464393490,259.95,350
1719464393490,259.95,350
1719464396080,260.0,100
1719464397205,260.6,25
1719464397205,260.6,25
1719464397205,260.6,25
1719464400174,261.3,25
1719464400174,261.3,25
1719464400174,261.3,25
1719464401252,260.35,25
1719464402018,258.55,25
1719464403243,259.0,50
1719464403243,259.0,50
1719464404979,261.25,25
1719464404979,261.25,25
1719464405859,261.75,25
1719464406659,261.9,25
1719464406659,261.9,25
1719464408254,260.95,25
1719464409036,261.05,25
1719464409036,261.05,25
1719464410255,261.0,25
1719464410504,261.05,25
1719464411005,260.8,25
1719464411406,260.15,25
1719464412458,260.15,150
1719464412458,260.15,150
1719464413930,259.95,25
1719464414191,259.95,25
1719464415096,260.15,25
1719464415096,260.15,25
1719464415743,260.1,50
1719464415743,260.1,50
1719464418178,260.4,25
1719464418971,260.8,25
1719464418971,260.8,25
1719464420254,261.5,25
1719464420254,261.5,25
1719464421872,260.15,50
1719464421977,260.15,25
1719464421977,260.15,25
1719464422664,260.15,25
1719464423933,259.75,75
1719464424255,260.45,25
1719464425044,259.85,25
1719464425044,259.85,25
1719464425044,259.85,25
1719464427964,260.8,100
1719464429009,260.2,25
1719464429009,260.2,25
1719464429009,260.2,25
1719464431667,260.4,50
1719464431667,260.4,50
1719464431667,260.4,50
1719464435116,261.8,125
1719464435116,261.8,125
1719464437000,261.35,25
1719464437425,261.3,25
1719464438045,262.05,725
1719464438045,262.05,725
1719464439869,262.0,25
1719464439869,262.0,25
1719464440914,262.7,50
1719464441834,262.15,25
1719464441834,262.15,25
1719464442611,262.0,25
1719464442947,262.5,25
1719464444140,260.9,25
1719464444342,260.75,25
1719464445223,261.65,25
1719464445223,261.65,25
1719464445223,261.65,25
1719464447592,260.1,50
1719464447871,260.35,100
1719464447871,260.35,100
1719464450635,261.3,25
1719464452241,261.05,75
1719464452241,261.05,75
1719464453578,260.55,75
1719464453578,260.55,75
1719464454449,260.0,25
1719464454449,260.0,25
1719464455946,260.35,25
1719464456489,260.65,25
1719464456984,260.3,125
1719464456984,260.3,125
1719464458172,260.85,25
1719464458585,259.75,25
1719464458585,259.75,25
1719464460274,259.55,75
1719464460274,259.55,75
1719464460878,259.55,25
1719464461323,259.25,25
1719464462345,258.6,50
1719464463063,258.0,75
1719464463897,257.5,25
1719464463897,257.5,25
1719464465549,255.6,75
1719464466255,257.1,25
1719464466869,257.5,25
1719464467885,256.8,25
1719464468464,257.25,25
1719464469226,257.2,50
1719464469801,257.25,50
1719464469801,257.25,50
1719464471395,258.55,25
1719464472384,258.45,50
1719464472500,258.35,50
1719464472500,258.35,50
1719464474039,259.9,50
1719464474734,259.45,25
1719464474804,258.4,25
1719464474804,258.4,25
1719464474804,258.4,25
1719464478891,258.0,25
1719464478891,258.0,25
1719464479581,257.9,25
1719464479994,257.8,25
1719464480659,257.4,25
1719464480659,257.4,25
1719464482196,257.0,50
1719464483392,257.2,25
1719464483392,257.2,25
1719464484484,256.8,300
1719464484851,258.35,50
1719464484851,258.35,50
1719464486454,257.35,25
1719464487010,257.4,25
1719464487010,257.4,25
1719464488512,257.0,50
1719464488512,257.0,50
1719464488512,257.0,50
1719464488512,257.0,50
1719464491627,256.3,25
1719464491627,256.3,25
1719464493473,257.0,25
1719464493884,256.85,75
1719464493884,256.85,75
1719464494586,256.5,150
1719464495471,256.45,25
1719464495471,256.45,25
1719464497203,256.6,75
1719464497203,256.6,75
1719464497203,256.6,75
1719464500821,258.7,25
1719464500821,258.7,25
1719464500821,258.7,25
1719464502820,258.15,25
1719464502820,258.15,25
1719464504056,258.25,50
1719464504449,258.0,25
1719464504449,258.0,25
1719464504449,258.0,25
1719464507750,257.2,100
1719464507750,257.2,100
1719464510831,256.2,25
1719464510831,256.2,25
1719464511406,256.7,25
1719464511406,256.7,25
1719464511406,256.7,25
1719464515336,256.5,50
1719464515629,256.0,25
1719464515629,256.0,25
1719464515629,256.0,25
1719464518139,255.7,25
1719464518331,256.1,25
1719464518331,256.1,25
1719464520869,255.6,150
1719464520869,255.6,150
1719464521931,255.0,25
1719464521931,255.0,25
1719464522736,253.6,50
1719464523961,252.4,50
1719464523961,252.4,50
1719464524374,252.0,300
1719464525283,253.4,25
1719464525283,253.4,25
1719464527146,253.55,50
1719464527146,253.55,50
1719464528517,254.5,25
1719464529299,253.8,25
1719464529534,253.6,400
1719464530457,253.25,25
1719464530457,253.25,25
1719464530457,253.25,25
1719464532509,253.95,25
1719464532509,253.95,25
1719464535438,252.6,50
1719464535438,252.6,50
1719464535438,252.6,50
1719464538153,252.55,50
1719464538719,252.1,25
1719464539223,252.8,25
1719464539223,252.8,25
1719464540375,253.4,25
1719464540942,252.35,75
1719464540942,252.35,75
1719464540942,252.35,75
1719464540942,252.35,75
1719464544420,251.3,50
1719464544420,251.3,50
1719464546769,251.0,450
1719464546769,251.0,450
1719464548082,250.75,50
1719464548943,250.8,75
1719464548943,250.8,75
1719464550103,251.25,25
1719464550598,249.5,50
1719464550854,249.8,100
1719464551369,249.25,100
1719464552057,249.2,25
1719464552057,249.2,25
1719464553292,249.75,25
1719464553292,249.75,25
1719464555332,250.95,25
1719464555332,250.95,25
1719464556312,251.85,25
1719464557219,250.4,25
1719464557484,250.45,25
1719464557974,250.6,25
1719464559308,250.7,50
1719464559308,250.7,50
1719464559308,250.7,50
1719464564085,251.0,25
1719464564085,251.0,25
1719464564947,249.65,25
1719464565344,249.25,25
1719464565344,249.25,25
1719464567555,250.0,250
1719464568365,249.55,25
1719464568455,250.0,100
1719464570282,250.0,25
1719464570740,249.85,100
1719464570740,249.85,100
1719464570740,249.85,100
1719464573730,250.15,100
1719464574385,250.15,25
1719464574701,250.35,25
1719464575648,249.95,25
1719464576085,249.6,100
1719464577189,250.0,25
1719464577686,250.05,25
1719464577686,250.05,25
1719464580452,249.7,25
1719464580452,249.7,25
1719464580452,249.7,25
1719464584091,249.85,25
1719464584091,249.85,25
1719464584091,249.85,25
1719464586412,249.5,100
1719464586412,249.5,100
1719464588458,249.0,25
1719464588849,247.75,25
1719464589580,247.0,25
1719464590549,246.8,25
1719464590883,245.0,25
1719464590883,245.0,25
1719464591862,244.0,25
1719464591862,244.0,25
1719464593464,242.75,50
1719464593921,243.0,100
1719464594429,243.35,75
1719464595546,244.3,125
1719464595792,244.1,25
1719464595792,244.1,25
1719464597311,244.25,25
1719464597961,244.1,125
1719464598491,243.65,75
1719464598491,243.65,75
1719464599658,242.0,100
1719464600849,241.05,25
1719464601731,237.9,25
1719464602234,237.65,75
1719464602676,236.4,25
1719464603358,236.95,25
1719464604063,236.25,25
1719464604063,236.25,25
1719464605622,236.55,25
1719464605925,236.95,25
1719464606134,236.75,25
1719464607390,231.75,50
1719464607530,232.5,25
1719464608299,232.55,125
1719464608871,232.25,300
1719464608871,232.25,300
1719464610580,228.95,25
1719464610865,227.6,25
1719464611791,224.0,25
1719464611872,223.0,25
1719464611927,222.2,25
1719464611927,222.2,25
1719464612419,219.15,75
1719464612419,219.15,75
1719464612940,214.1,25
1719464612940,214.1,25
1719464613310,208.25,400
1719464613533,207.0,100
1719464613533,207.0,100
1719464613533,207.0,100
1719464613533,207.0,100
1719464614504,210.4,50
1719464617013,217.95,25
1719464621808,222.65,25
1719464622588,222.4,25
1719464622967,224.0,400
1719464623143,224.9,50
1719464623958,224.25,25
1719464624374,225.25,150
1719464625295,227.65,125
1719464625832,226.7,25
1719464626446,227.2,25
1719464627279,226.35,25
1719464627279,226.35,25
1719464628115,226.75,50
1719464629007,230.0,25
1719464629564,228.8,25
1719464630324,230.75,25
1719464630324,230.75,25
1719464631608,229.95,25
1719464631608,229.95,25
1719464632783,229.8,50
1719464633020,229.05,25
1719464634122,226.9,50
1719464634122,226.9,50
1719464635342,225.0,25
1719464635781,223.8,150
1719464636222,221.7,25
1719464637486,219.95,25
1719464638598,223.1,50
1719464639106,222.45,50
1719464639508,222.3,225
1719464639508,222.3,225
1719464639508,222.3,225
1719464641518,221.85,175
1719464642476,223.25,25
1719464642813,224.2,50
1719464642962,225.05,25
1719464643833,223.9,25
1719464643833,223.9,25
1719464645364,225.25,25
1719464645364,225.25,25
1719464646559,225.55,25
1719464646735,226.95,150
1719464646735,226.95,150
1719464648266,229.35,25
1719464649269,229.95,275
1719464649269,229.95,275
1719464650018,227.95,75
1719464650892,226.5,125
1719464652317,225.1,50
1719464652699,226.65,25
1719464654101,225.0,50
1719464654101,225.0,50
1719464655616,224.3,100
1719464655616,224.3,100
1719464657005,224.9,25
1719464657005,224.9,25
1719464657792,225.35,25
1719464658141,225.55,25
1719464659143,226.45,25
1719464659285,227.25,75
1719464660330,229.75,25
1719464660638,228.65,25
1719464660978,228.85,125
1719464661759,227.95,50
1719464661759,227.95,50
1719464663078,227.4,50
1719464663970,227.3,25
1719464664489,225.15,50
1719464665195,224.25,100
1719464666277,225.9,25
1719464667231,226.2,100
1719464668807,226.0,125
1719464668909,224.9,75
1719464669365,225.65,50
1719464669774,226.4,75
1719464669774,226.4,75
1719464669774,226.4,75
1719464672527,228.35,25
1719464673404,228.05,25
1719464674203,228.0,25
1719464674203,228.0,25
1719464674900,229.05,25
1719464675896,229.3,25
1719464676149,229.05,25
1719464677465,229.2,25
1719464677465,229.2,25
1719464677465,229.2,25
1719464679435,228.15,100
1719464680100,227.8,50
1719464680100,227.8,50
1719464680100,227.8,50
1719464682852,227.4,25
1719464683154,226.6,50
1719464684206,227.85,75
1719464684396,227.8,150
1719464684396,227.8,150
1719464686598,227.85,25
1719464687293,227.5,25
1719464687293,227.5,25
1719464687753,226.2,25
1719464688717,226.75,25
1719464688717,226.75,25
1719464689963,227.3,25
1719464689963,227.3,25
1719464691472,224.9,25
1719464691472,224.9,25
1719464693839,224.9,25
1719464694159,224.0,25
1719464694159,224.0,25
1719464695484,222.5,25
1719464695484,222.5,25
1719464696363,222.75,100
1719464696363,222.75,100
1719464697658,223.25,25
1719464698233,223.15,50
1719464699266,221.0,25
1719464699726,220.0,400
1719464700570,219.75,25
1719464700788,219.15,25
1719464701634,219.0,200
1719464702507,218.3,25
1719464702791,218.9,50
1719464703176,217.7,25
1719464704255,218.2,25
1719464704255,218.2,25
1719464704938,218.35,50
1719464705925,219.05,25
1719464706560,219.95,75
1719464707551,219.7,25
1719464707804,219.45,25
1719464708436,218.9,25
1719464708494,219.75,75
1719464708494,219.75,75
1719464710065,221.8,200
1719464710065,221.8,200
1719464711173,221.0,25
1719464712210,222.1,25
1719464712210,222.1,25
1719464712780,221.55,75
1719464713893,222.5,25
1719464714604,222.95,25
1719464715507,224.9,25
1719464715864,224.75,200
1719464716443,224.5,175
1719464716903,223.8,25
1719464717641,223.1,50
1719464717920,223.65,25
1719464719353,223.8,100
1719464719353,223.8,100
1719464720579,223.55,25
1719464720795,223.75,25
1719464721381,222.55,125
1719464722331,221.05,150
1719464723339,220.0,50
1719464723867,220.7,200
1719464723867,220.7,200
1719464725526,221.5,25
1719464725793,220.25,25
1719464725793,220.25,25
1719464727006,220.7,25
1719464728239,219.8,25
1719464729210,219.0,25
1719464729836,220.35,25
1719464730720,220.2,25
1719464731428,221.45,25
1719464732263,220.05,25
1719464732263,220.05,25
1719464733428,222.1,50
1719464734085,221.9,25
1719464734085,221.9,25
1719464734902,221.0,25
1719464734902,221.0,25
1719464736162,220.75,75
1719464736979,220.5,25
1719464738219,221.95,25
1719464738219,221.95,25
1719464740366,221.05,25
1719464740366,221.05,25
1719464742591,221.45,25
1719464743587,221.9,50
1719464743785,222.25,25
1719464743785,222.25,25
1719464743785,222.25,25
1719464746595,222.0,25
1719464746595,222.0,25
1719464748183,222.5,25
1719464748474,222.3,25
1719464749409,224.0,25
1719464749409,224.0,25
1719464749735,223.55,200
1719464750958,224.2,25
1719464750958,224.2,25
1719464750958,224.2,25
1719464753299,223.9,50
1719464753299,223.9,50
1719464755546,224.8,25
1719464755876,225.55,75
1719464756735,226.6,50
1719464756735,226.6,50
1719464758004,226.0,300
1719464759485,226.35,50
1719464760763,226.2,75
1719464760763,226.2,75
1719464762174,225.45,75
1719464762519,224.15,150
1719464762806,224.0,50
1719464763491,224.7,25
1719464763536,224.15,75
1719464763536,224.15,75
1719464763536,224.15,75
1719464763536,224.15,75
1719464769065,225.4,25
1719464769065,225.4,25
1719464770198,226.1,50
1719464770680,227.9,25
1719464770680,227.9,25
1719464772087,227.2,175
1719464772087,227.2,175
1719464773291,226.5,25
1719464774151,226.7,50
1719464774151,226.7,50
1719464776291,225.45,25
1719464777818,224.7,50
1719464778281,225.05,25
1719464779405,224.9,25
1719464779405,224.9,25
1719464780169,225.65,75
1719464781046,225.55,125
1719464781046,225.55,125
1719464782433,224.15,25
1719464782433,224.15,25
1719464783568,225.0,25
1719464783568,225.0,25
1719464783568,225.0,25
1719464786640,228.15,50
1719464787208,228.45,75
1719464787208,228.45,75
1719464788823,229.25,50
1719464788823,229.25,50
1719464789602,227.9,25
1719464790152,227.45,50
1719464790152,227.45,50
1719464790152,227.45,50
1719464792799,225.0,100
1719464792799,225.0,100
1719464795817,225.0,25
1719464795817,225.0,25
1719464797250,226.7,25
1719464797250,226.7,25
1719464798182,227.85,275
1719464798560,226.7,25
1719464799086,227.35,25
1719464800665,227.45,25
1719464800665,227.45,25
1719464801983,226.9,50
1719464801983,226.9,50
1719464801983,226.9,50
1719464801983,226.9,50
1719464801983,226.9,50
1719464801983,226.9,50
1719464810642,227.35,25
1719464810642,227.35,25
1719464810642,227.35,25
1719464814076,226.5,50
1719464814076,226.5,50
1719464815236,226.8,25
1719464815236,226.8,25
1719464816730,226.65,25
1719464817813,226.45,25
1719464817813,226.45,25
1719464820481,225.7,75
1719464820791,225.7,25
1719464820791,225.7,25
1719464820791,225.7,25
1719464822306,228.25,100
1719464822858,227.95,25
1719464823287,226.55,50
1719464824254,226.45,25
1719464824254,226.45,25
1719464825140,226.4,75
1719464825140,226.4,75
1719464826435,224.95,75
1719464826718,224.85,75
1719464827926,224.9,200
1719464828521,225.9,100
1719464828689,225.6,50
1719464828689,225.6,50
1719464830581,229.8,25
1719464831018,230.0,75
1719464831338,231.15,25
1719464832488,230.6,75
1719464832488,230.6,75
1719464832753,231.95,50
1719464832753,231.95,50
1719464834449,231.0,50
1719464835629,229.3,50
1719464835629,229.3,50
1719464836796,228.4,25
1719464837087,228.7,150
1719464838723,228.45,25
1719464838723,228.45,25
1719464838723,228.45,25
1719464840102,230.3,50
1719464840831,229.8,100
1719464840831,229.8,100
1719464840831,229.8,100
1719464843463,231.4,50
1719464843463,231.4,50
1719464844936,230.4,75
1719464845181,230.5,25
1719464845181,230.5,25
1719464846703,230.95,100
1719464846703,230.95,100
1719464848279,230.65,100
1719464848279,230.65,100
1719464850024,231.5,25
1719464850024,231.5,25
1719464850024,231.5,25
1719464850024,231.5,25
1719464853477,231.55,25
1719464854146,232.35,75
1719464854146,232.35,75
1719464854944,231.45,25
1719464856089,232.65,25
1719464856089,232.65,25
1719464856704,233.1,25
1719464857760,234.0,25
1719464857760,234.0,25
1719464857760,234.0,25
1719464860597,233.15,25
1719464860597,233.15,25
1719464861499,232.45,25
1719464862272,232.25,25
1719464862272,232.25,25
1719464863503,231.0,50
1719464864036,229.55,50
1719464864036,229.55,50
1719464865131,230.4,225
1719464865131,230.4,225
1719464865131,230.4,225
1719464865131,230.4,225
1719464870004,233.6,25
1719464870434,233.75,25
1719464870434,233.75,25
1719464872531,233.05,50
1719464872531,233.05,50
1719464874063,233.0,225
1719464874063,233.0,225
1719464874063,233.0,225
1719464876309,233.85,375
1719464877423,234.25,25
1719464877423,234.25,25
1719464878963,233.7,25
1719464879298,232.7,25
1719464879298,232.7,25
1719464879605,233.5,25
1719464879605,233.5,25
1719464881125,231.7,25
1719464881125,231.7,25
1719464882143,231.7,25
1719464882143,231.7,25
1719464883358,232.7,25
1719464883358,232.7,25
1719464883358,232.7,25
1719464886505,230.4,25
1719464887648,231.5,50
1719464887648,231.5,50
1719464887648,231.5,50
1719464890501,231.3,125
1719464891066,230.7,75
1719464891299,230.4,25
1719464892492,229.2,150
1719464894329,228.45,100
1719464894329,228.45,100
1719464895731,229.95,100
1719464895731,229.95,100
1719464895731,229.95,100
1719464899007,229.2,50
1719464899007,229.2,50
1719464900151,227.8,50
1719464900151,227.8,50
1719464900151,227.8,50
1719464900151,227.8,50
1719464905894,232.75,25
1719464905962,233.0,125
1719464905962,233.0,125
1719464905962,233.0,125
1719464905962,233.0,125
1719464910192,235.0,75
1719464910704,236.4,225
1719464910704,236.4,225
1719464910704,236.4,225
1719464911394,236.3,25
1719464911394,236.3,25
1719464911394,236.3,25
1719464911394,236.3,25
1719464916761,232.5,100
1719464917028,232.15,25
1719464919398,232.25,25
1719464919398,232.25,25
1719464919682,233.35,25
1719464921236,233.2,50
1719464921236,233.2,50
1719464921236,233.2,50
1719464921236,233.2,50
1719464925415,232.1,175
1719464925805,232.7,25
1719464925805,232.7,25
1719464925805,232.7,25
1719464925805,232.7,25
1719464930066,231.9,50
1719464930706,231.85,150
1719464930706,231.85,150
1719464930706,231.85,150
1719464930706,231.85,150
1719464936196,230.3,25
1719464936196,230.3,25
1719464936624,229.4,75
1719464936624,229.4,75
1719464939194,232.7,25
1719464939194,232.7,25
1719464939194,232.7,25
1719464939194,232.7,25
1719464942736,232.5,125
1719464942736,232.5,125
1719464942736,232.5,125
1719464942736,232.5,125
1719464942736,232.5,125
1719464948247,231.6,125
1719464948907,230.8,25
1719464948907,230.8,25
1719464948907,230.8,25
1719464952348,228.4,25
1719464952536,228.8,150
1719464952536,228.8,150
1719464952536,228.8,150
1719464955128,229.1,25
1719464955822,230.95,75
1719464955822,230.95,75
1719464955822,230.95,75
1719464957943,233.1,225
1719464957943,233.1,225
1719464959872,231.2,25
1719464959872,231.2,25
1719464961708,231.0,75
1719464961708,231.0,75
1719464963613,230.15,25
1719464963613,230.15,25
1719464963613,230.15,25
1719464966735,231.35,25
1719464966735,231.35,25
1719464966735,231.35,25
1719464970554,230.3,50
1719464970554,230.3,50
1719464970554,230.3,50
1719464970554,230.3,50
1719464970554,230.3,50
1719464970554,230.3,50
1719464977183,230.25,100
1719464977183,230.25,100
1719464977759,230.0,25
1719464978196,230.2,25
1719464978196,230.2,25
1719464978196,230.2,25
1719464981454,229.7,100
1719464982277,230.0,25
1719464982277,230.0,25
1719464983605,230.3,50
1719464983605,230.3,50
1719464986092,230.9,25
1719464986092,230.9,25
1719464986092,230.9,25
1719464988223,230.0,25
1719464988988,229.5,125
1719464989435,230.0,25
1719464990527,229.45,75
1719464990527,229.45,75
1719464990527,229.45,75
1719464994333,228.75,75
1719464994487,228.95,25
1719464995029,229.05,25
1719464995029,229.05,25
1719464997611,229.15,75
1719464997840,229.7,25
1719464997840,229.7,25
1719464998875,228.95,25
1719464998875,228.95,25
1719464998875,228.95,25
1719465002675,230.9,25
1719465002675,230.9,25
1719465003194,230.15,25
1719465004437,229.5,25
1719465004437,229.5,25
1719465006481,231.35,25
1719465006870,231.35,50
1719465006870,231.35,50
1719465008960,230.85,25
1719465009411,230.95,100
1719465010072,229.0,25
1719465010072,229.0,25
1719465012522,230.0,25
1719465012848,229.75,25
1719465012848,229.75,25
1719465012848,229.75,25
1719465015216,229.0,25
1719465015216,229.0,25
1719465015216,229.0,25
1719465018877,230.0,100
1719465018877,230.0,100
1719465018877,230.0,100
1719465022230,229.65,25
1719465023118,228.0,50
1719465023248,227.8,25
1719465024594,226.7,25
1719465024594,226.7,25
1719465025631,225.0,500
1719465026122,224.0,25
1719465026350,224.0,125
1719465026996,224.45,25
1719465026996,224.45,25
1719465028798,228.25,50
1719465028798,228.25,50
1719465029994,230.0,100
1719465030748,229.3,25
1719465030748,229.3,25
1719465030748,229.3,25
1719465032948,228.9,100
1719465033276,229.65,25
1719465033276,229.65,25
1719465036118,230.05,25
1719465036118,230.05,25
1719465036553,230.85,75
1719465037472,230.6,200
1719465037472,230.6,200
1719465038830,230.75,25
1719465038830,230.75,25
1719465038830,230.75,25
1719465042510,229.9,25
1719465042510,229.9,25
1719465042510,229.9,25
1719465045403,230.0,175
1719465046071,230.0,75
1719465046071,230.0,75
1719465047404,229.75,25
1719465047797,230.6,25
1719465047797,230.6,25
1719465049121,230.0,25
1719465050883,231.0,50
1719465051282,230.8,50
1719465051282,230.8,50
1719465051282,230.8,50
1719465053586,231.3,50
1719465053870,232.0,100
1719465053870,232.0,100
1719465055384,231.2,25
1719465055384,231.2,25
1719465057112,229.65,25
1719465057262,229.1,25
1719465057262,229.1,25
1719465058596,227.0,125
1719465059164,225.9,50
1719465059164,225.9,50
1719465060471,225.0,25
1719465060471,225.0,25
1719465060471,225.0,25
1719465062139,225.7,25
1719465063034,226.5,25
1719465063349,226.25,75
1719465064239,226.1,25
1719465064680,226.3,25
1719465064799,226.3,25
1719465066143,225.5,25
1719465066143,225.5,25
1719465067439,225.55,25
1719465068025,225.0,50
1719465068788,224.7,25
1719465068994,225.0,25
1719465070544,226.0,25
1719465070544,226.0,25
1719465071561,226.75,25
1719465071950,226.6,25
1719465071950,226.6,25
1719465071950,226.6,25
1719465074893,226.25,25
1719465074893,226.25,25
1719465074893,226.25,25
1719465078550,228.15,25
1719465078550,228.15,25
1719465080634,228.25,150
1719465081118,227.65,50
1719465081118,227.65,50
1719465082347,227.4,50
1719465082347,227.4,50
1719465082347,227.4,50
1719465082347,227.4,50
1719465086617,226.95,75
1719465086930,227.6,25
1719465086930,227.6,25
1719465088858,227.45,75
1719465088858,227.45,75
1719465090259,227.2,50
1719465090720,226.1,125
1719465090720,226.1,125
1719465090720,226.1,125
1719465090720,226.1,125
1719465093367,225.0,25
1719465093456,224.1,100
1719465093456,224.1,100
1719465093456,224.1,100
1719465097523,225.45,50
1719465097523,225.45,50
1719465098887,225.05,75
1719465099220,223.85,150
1719465099220,223.85,150
1719465099220,223.85,150
1719465101941,222.0,50
1719465102167,221.85,25
1719465103023,221.35,25
1719465103023,221.35,25
1719465104367,223.45,25
1719465104725,223.45,75
1719465105567,222.7,50
1719465106111,223.4,25
1719465106111,223.4,25
1719465107100,223.6,50
1719465107100,223.6,50
1719465107100,223.6,50
1719465110204,223.4,100
1719465110377,222.75,200
1719465110889,223.75,25
1719465111459,224.15,25
1719465111459,224.15,25
1719465114459,222.7,25
1719465114459,222.7,25
1719465114459,222.7,25
1719465118132,221.0,25
1719465118751,221.15,25
1719465119583,221.25,50
1719465119583,221.25,50
1719465120830,221.9,25
1719465120830,221.9,25
1719465120830,221.9,25
1719465121645,222.3,125
1719465122052,223.05,25
1719465123117,223.75,75
1719465123223,224.0,200
1719465124343,224.7,150
1719465125881,224.1,25
1719465125881,224.1,25
1719465125881,224.1,25
1719465128247,223.4,50
1719465128247,223.4,50
1719465128247,223.4,50
1719465131572,222.75,100
1719465131978,222.2,25
1719465132763,221.4,25
1719465132763,221.4,25
1719465132763,221.4,25
1719465134847,221.6,50
1719465136076,221.35,25
1719465136076,221.35,25
1719465136076,221.35,25
1719465138832,221.95,25
1719465140008,222.85,50
1719465140934,222.15,25
1719465141292,221.7,75
1719465141292,221.7,75
1719465141292,221.7,75
1719465144236,220.0,25
1719465144236,220.0,25
1719465145632,222.25,100
1719465145632,222.25,100
1719465145632,222.25,100
1719465149156,222.95,200
1719465149156,222.95,200
1719465150199,224.2,125
1719465150199,224.2,125
1719465151308,223.6,75
1719465152765,224.0,25
1719465152765,224.0,25
1719465152765,224.0,25
1719465152765,224.0,25
1719465157805,223.1,25
1719465157805,223.1,25
1719465159082,223.45,25
1719465159400,223.35,25
1719465159749,222.85,50
1719465160222,223.85,25
1719465160222,223.85,25
1719465162145,224.7,25
1719465162145,224.7,25
1719465163158,225.0,25
1719465163717,224.7,25
1719465163717,224.7,25
1719465163717,224.7,25
1719465167220,223.75,75
1719465167281,224.3,25
1719465167281,224.3,25
1719465169168,222.5,75
1719465169168,222.5,75
1719465170080,222.0,600
1719465170758,222.35,25
1719465171306,222.75,50
1719465171306,222.75,50
1719465173073,221.5,25
1719465173191,221.6,25
