time,price,volume
1719461503919,101.0,25
1719461504405,101.1,100
1719461504405,101.1,100
1719461505778,101.4,50
1719461505778,101.4,50
1719461507989,101.75,75
1719461508538,101.15,150
1719461508644,101.1,200
1719461509577,101.3,250
1719461510390,101.1,25
1719461510724,100.65,25
1719461510724,100.65,25
1719461512534,101.45,100
1719461512534,101.45,100
1719461515446,100.95,25
1719461515446,100.95,25
1719461516206,102.15,75
1719461517214,101.35,100
1719461517523,101.25,100
1719461518374,100.95,125
1719461518374,100.95,125
1719461520135,100.85,25
1719461520135,100.85,25
1719461520135,100.85,25
1719461520135,100.85,25
1719461522704,100.45,50
1719461523948,99.0,600
1719461523948,99.0,600
1719461524573,99.15,25
1719461524573,99.15,25
1719461525915,98.9,225
1719461526568,98.9,25
1719461526568,98.9,25
1719461527765,97.7,25
1719461528644,97.9,25
1719461528855,98.2,100
1719461529194,97.9,100
1719461530181,98.5,125
1719461531432,98.15,25
1719461531432,98.15,25
1719461533085,98.65,125
1719461533310,98.75,25
1719461533310,98.75,25
1719461533310,98.75,25
1719461533310,98.75,25
1719461537759,98.6,100
1719461537759,98.6,100
1719461537759,98.6,100
1719461537759,98.6,100
1719461543321,97.3,25
1719461543321,97.3,25
1719461544113,97.0,25
1719461544692,97.1,25
1719461545519,97.0,25
1719461545775,96.6,25
1719461546181,96.35,25
1719461546181,96.35,25
1719461548140,97.1,25
1719461548615,97.55,75
1719461548615,97.55,75
1719461550082,97.65,25
1719461550082,97.65,25
1719461550082,97.65,25
1719461550082,97.65,25
1719461550082,97.65,25
1719461550082,97.65,25
1719461558142,98.2,25
1719461558142,98.2,25
1719461558142,98.2,25
1719461558142,98.2,25
1719461562533,97.7,25
1719461563349,97.0,25
1719461563730,97.3,25
1719461563730,97.3,25
1719461563730,97.3,25
1719461563730,97.3,25
1719461563730,97.3,25
1719461570233,96.75,25
1719461570233,96.75,25
1719461570233,96.75,25
1719461572776,97.85,100
1719461572776,97.85,100
1719461574267,97.85,25
1719461575481,97.7,25
1719461577432,99.0,25
1719461578032,98.6,25
1719461578032,98.6,25
1719461578032,98.6,25
1719461578032,98.6,25
1719461583066,98.65,50
1719461583066,98.65,50
1719461583066,98.65,50
1719461586726,97.85,25
1719461586726,97.85,25
1719461588077,97.5,25
1719461588077,97.5,25
1719461590640,97.3,25
1719461590640,97.3,25
1719461591116,97.05,25
1719461591116,97.05,25
1719461592586,97.0,275
1719461592586,97.0,275
1719461595484,97.75,25
1719461595484,97.75,25
1719461596454,98.6,25
1719461596454,98.6,25
1719461596454,98.6,25
1719461600273,99.1,25
1719461600273,99.1,25
1719461601523,99.15,25
1719461601912,98.9,150
1719461601912,98.9,150
1719461604152,98.1,25
1719461605205,98.0,50
1719461605205,98.0,50
1719461606582,98.7,125
1719461606582,98.7,125
1719461606582,98.7,125
1719461609583,98.6,25
1719461609583,98.6,25
1719461609583,98.6,25
1719461609583,98.6,25
1719461613313,98.25,25
1719461613313,98.25,25
1719461615350,98.0,25
1719461615350,98.0,25
1719461615350,98.0,25
1719461617765,98.15,25
1719461618788,97.5,75
1719461618788,97.5,75
1719461620657,98.45,150
1719461620839,98.55,25
1719461620839,98.55,25
1719461620839,98.55,25
1719461624160,98.85,25
1719461624575,99.8,25
1719461624575,99.8,25
1719461624575,99.8,25
1719461628045,100.2,25
1719461628045,100.2,25
1719461629543,100.15,25
1719461629543,100.15,25
1719461632400,100.2,250
1719461632400,100.2,250
1719461632400,100.2,250
1719461632400,100.2,250
1719461632400,100.2,250
1719461639941,100.0,25
1719461640781,99.9,200
1719461640781,99.9,200
1719461641200,100.3,50
1719461641975,99.85,25
1719461641975,99.85,25
1719461644316,99.8,25
1719461644316,99.8,25
1719461644316,99.8,25
1719461644316,99.8,25
1719461644316,99.8,25
1719461650034,99.95,25
1719461650034,99.95,25
1719461652224,100.05,25
1719461652224,100.05,25
1719461652912,100.4,25
1719461653510,100.6,25
1719461653510,100.6,25
1719461653510,100.6,25
1719461657699,100.55,25
1719461658397,99.8,25
1719461658397,99.8,25
1719461659686,99.85,25
1719461659686,99.85,25
1719461661884,99.0,25
1719461661884,99.0,25
1719461663635,98.4,25
1719461663860,98.45,725
1719461663860,98.45,725
1719461663860,98.45,725
1719461667178,99.15,25
1719461667178,99.15,25
1719461668129,99.8,50
1719461668449,100.4,25
1719461668449,100.4,25
1719461668449,100.4,25
1719461668449,100.4,25
1719461668449,100.4,25
1719461668449,100.4,25
1719461675088,99.35,25
1719461675453,99.65,25
1719461675969,99.65,25
1719461675969,99.65,25
1719461677206,100.0,25
1719461677206,100.0,25
1719461677206,100.0,25
1719461679666,99.0,50
1719461679666,99.0,50
1719461679666,99.0,50
1719461679666,99.0,50
1719461679666,99.0,50
1719461679666,99.0,50
1719461679666,99.0,50
1719461689504,99.6,100
1719461689504,99.6,100
1719461689504,99.6,100
1719461692763,100.0,25
1719461692763,100.0,25
1719461694951,99.95,25
1719461695303,100.4,50
1719461695303,100.4,50
1719461696096,100.0,25
1719461696096,100.0,25
1719461696096,100.0,25
1719461696096,100.0,25
1719461696096,100.0,25
1719461701250,100.2,75
1719461702415,100.95,50
1719461702415,100.95,50
1719461704206,100.4,25
1719461704263,100.5,50
1719461704263,100.5,50
1719461704263,100.5,50
1719461707803,98.1,25
1719461707803,98.1,25
1719461710009,98.95,100
1719461710395,99.7,25
1719461710883,100.0,50
1719461710883,100.0,50
1719461710883,100.0,50
1719461710883,100.0,50
1719461715296,99.35,50
1719461715296,99.35,50
1719461715296,99.35,50
1719461715296,99.35,50
1719461719856,100.4,50
1719461720375,100.75,25
1719461720375,100.75,25
1719461721100,100.1,25
1719461722847,99.5,25
1719461723772,99.7,100
1719461724175,100.15,50
1719461747404,103.0,25
1719461751120,103.0,75
1719461752450,104.55,125
1719461752703,103.85,75
1719461752888,103.6,25
1719461752888,103.6,25
1719461754532,103.0,25
1719461754867,103.5,25
1719461755832,103.8,25
1719461755832,103.8,25
1719461757234,103.05,50
1719461757234,103.05,50
1719461758272,103.0,25
1719461759135,103.45,25
1719461759135,103.45,25
1719461759985,103.45,25
1719461760408,103.4,25
1719461760408,103.4,25
1719461761561,103.75,250
1719461761561,103.75,250
1719461763533,104.1,25
1719461764274,104.6,125
1719461764274,104.6,125
1719461765216,104.45,25
1719461765752,103.75,100
1719461765752,103.75,100
1719461766497,103.7,25
1719461767009,104.15,200
1719461767009,104.15,200
1719461768548,103.7,25
1719461768548,103.7,25
1719461768548,103.7,25
1719461771522,103.75,75
1719461771950,103.8,25
1719461772221,103.0,725
1719461772221,103.0,725
1719461772221,103.0,725
1719461774736,103.3,25
1719461774820,102.9,25
1719461774820,102.9,25
1719461776868,103.35,150
1719461776868,103.35,150
1719461778740,103.3,25
1719461778740,103.3,25
1719461781023,104.0,25
1719461781366,103.7,25
1719461782317,104.1,75
1719461782317,104.1,75
1719461783674,104.1,125
1719461783674,104.1,125
1719461785862,104.35,25
1719461785862,104.35,25
1719461787147,105.1,25
1719461787633,105.65,50
1719461787956,106.25,125
1719461789201,106.2,25
1719461789201,106.2,25
1719461789842,106.45,100
1719461789842,106.45,100
1719461792159,106.2,75
1719461792664,105.55,25
1719461793097,105.9,25
1719461793097,105.9,25
1719461795903,105.85,25
1719461795903,105.85,25
1719461796644,105.45,300
1719461796904,105.7,25
1719461797906,105.95,75
1719461798885,106.45,50
1719461798885,106.45,50
1719461801183,105.65,25
1719461801734,106.1,125
1719461801988,105.9,25
1719461803806,106.45,25
1719461803806,106.45,25
1719461805190,105.75,25
1719461805713,105.95,50
1719461805713,105.95,50
1719461807082,106.35,50
1719461807082,106.35,50
1719461807082,106.35,50
1719461810046,105.75,25
1719461810872,106.45,75
1719461811375,106.15,25
1719461811375,106.15,25
1719461813713,105.9,75
1719461813713,105.9,75
1719461816067,105.65,25
1719461816390,106.0,75
1719461817139,104.45,25
1719461817878,105.0,75
1719461818689,104.75,25
1719461819378,104.95,25
1719461819378,104.95,25
1719461820419,104.5,75
1719461820419,104.5,75
1719461820419,104.5,75
1719461822999,104.65,25
1719461822999,104.65,25
1719461824919,104.0,25
1719461824919,104.0,25
1719461826736,104.1,150
1719461826736,104.1,150
1719461827899,103.8,50
1719461829123,104.3,25
1719461829123,104.3,25
1719461831115,103.25,250
1719461831564,103.6,25
1719461832445,103.8,50
1719461832445,103.8,50
1719461833698,104.95,50
1719461834027,105.0,200
1719461834027,105.0,200
1719461835616,106.1,50
1719461835616,106.1,50
1719461835616,106.1,50
1719461838441,104.8,25
1719461839001,104.6,25
1719461839383,104.45,25
1719461839699,104.15,25
1719461840408,104.55,25
1719461841145,104.25,25
1719461841592,104.1,25
1719461842640,104.25,75
1719461842640,104.25,75
1719461844673,105.05,100
1719461845548,104.45,25
1719461845548,104.45,25
1719461846926,105.0,75
1719461846926,105.0,75
1719461848519,105.0,25
1719461848519,105.0,25
1719461848519,105.0,25
1719461851216,104.7,25
1719461851216,104.7,25
1719461851216,104.7,25
1719461851216,104.7,25
1719461855993,105.0,25
1719461855993,105.0,25
1719461856514,105.0,25
1719461856514,105.0,25
1719461856514,105.0,25
1719461856514,105.0,25
1719461861413,104.25,25
1719461861613,104.6,25
1719461862733,104.55,25
1719461862733,104.55,25
1719461863993,104.7,25
1719461863993,104.7,25
1719461864763,104.8,75
1719461865664,105.0,75
1719461865664,105.0,75
1719461866483,105.45,75
1719461867413,104.75,50
1719461868687,104.9,75
1719461868687,104.9,75
1719461868687,104.9,75
1719461871614,104.4,75
1719461872073,104.2,75
1719461872548,104.1,25
1719461873820,103.6,25
1719461874386,103.75,25
1719461874793,103.4,25
1719461875879,103.4,25
1719461875879,103.4,25
1719461877692,103.2,25
1719461877692,103.2,25
1719461878083,103.3,25
1719461878083,103.3,25
1719461879641,103.45,25
1719461880141,103.45,25
1719461881133,103.45,25
1719461881640,103.2,75
1719461882779,102.9,150
1719461883329,103.1,25
1719461883329,103.1,25
1719461885125,103.15,100
1719461885661,103.45,50
1719461885661,103.45,50
1719461885661,103.45,50
1719461885661,103.45,50
1719461890070,103.2,50
1719461890647,102.9,50
1719461890884,103.25,25
1719461891921,103.0,25
1719461892241,102.75,50
1719461892241,102.75,50
1719461893769,102.05,75
1719461893769,102.05,75
1719461894646,102.75,25
1719461895087,102.45,50
1719461895087,102.45,50
1719461896518,102.8,100
1719461896518,102.8,100
1719461898533,102.45,25
1719461898533,102.45,25
1719461900035,103.0,25
1719461900793,102.95,25
1719461901085,103.0,50
1719461901495,103.2,275
1719461901495,103.2,275
1719461901495,103.2,275
1719461906016,103.05,50
1719461906016,103.05,50
1719461906555,102.4,50
1719461907043,102.45,50
1719461907043,102.45,50
1719461908635,102.7,50
1719461908635,102.7,50
1719461910655,102.4,50
1719461911136,101.8,25
1719461911425,101.55,50
1719461911425,101.55,50
1719461911425,101.55,50
1719461914958,101.6,225
1719461914958,101.6,225
1719461917037,101.45,75
1719461917037,101.45,75
1719461918147,101.6,50
1719461918147,101.6,50
1719461918147,101.6,50
1719461918147,101.6,50
1719461923948,102.75,350
1719461923948,102.75,350
1719461926016,103.3,50
1719461926016,103.3,50
1719461928978,102.9,25
1719461928978,102.9,25
1719461928978,102.9,25
1719461932226,103.1,25
1719461932384,103.0,25
1719461932384,103.0,25
1719461932384,103.0,25
1719461932384,103.0,25
1719461939467,103.05,25
1719461939467,103.05,25
1719461939751,103.1,150
1719461939751,103.1,150
1719461939751,103.1,150
1719461942561,102.8,25
1719461944541,103.2,50
1719461944541,103.2,50
1719461944541,103.2,50
1719461946511,103.7,100
1719461946511,103.7,100
1719461946511,103.7,100
1719461949852,104.1,25
1719461949852,104.1,25
1719461949852,104.1,25
1719461949852,104.1,25
1719461954952,103.7,25
1719461954952,103.7,25
1719461954952,103.7,25
1719461958636,104.9,950
1719461959123,105.0,25
1719461959123,105.0,25
1719461960654,106.05,75
1719461961188,106.1,100
1719461961188,106.1,100
1719461961875,107.1,100
1719461962619,106.6,100
1719461962619,106.6,100
1719461963178,107.4,50
1719461964325,106.8,200
1719461964677,106.75,25
1719461966082,106.55,150
1719461966275,106.7,25
1719461967762,106.35,125
1719461967762,106.35,125
1719461968195,106.25,25
1719461969167,106.85,25
1719461969610,106.5,25
1719461969610,106.5,25
1719461969610,106.5,25
1719461971962,107.0,25
1719461971962,107.0,25
1719461973126,106.9,25
1719461973126,106.9,25
1719461973126,106.9,25
1719461976459,106.55,100
1719461976459,106.55,100
1719461978979,105.85,25
1719461978979,105.85,25
1719461981276,106.3,25
1719461981342,106.6,25
1719461982175,106.5,50
1719461982175,106.5,50
1719461982175,106.5,50
1719461985823,107.6,425
1719461986060,107.7,25
1719461986616,107.45,25
1719461986616,107.45,25
1719461988164,107.15,25
1719461988164,107.15,25
1719461988164,107.15,25
1719461992643,107.3,250
1719461992643,107.3,250
1719461992643,107.3,250
1719461994960,107.4,250
1719461996075,107.6,25
1719461996075,107.6,25
1719461996720,107.05,75
1719461997744,106.75,75
1719461998790,107.05,25
1719461998790,107.05,25
1719461998790,107.05,25
1719462001219,107.15,25
1719462001219,107.15,25
1719462002096,107.6,25
1719462002801,107.95,25
1719462002990,107.7,25
1719462003784,107.45,25
1719462004047,107.25,25
1719462004609,107.05,25
1719462004609,107.05,25
1719462007079,108.7,25
1719462007079,108.7,25
1719462008007,108.35,100
1719462008751,108.35,25
1719462009185,108.85,50
1719462009185,108.85,50
1719462010957,108.55,75
1719462010957,108.55,75
1719462011561,108.05,25
1719462012199,107.65,50
1719462013781,108.5,25
1719462014179,108.5,25
1719462014919,108.3,25
1719462015677,108.55,100
1719462015677,108.55,100
1719462017857,108.7,25
1719462018987,108.85,25
1719462018987,108.85,25
1719462019766,108.55,75
1719462020899,108.75,50
1719462020899,108.75,50
1719462021703,108.55,25
1719462022822,107.9,25
1719462023821,107.65,75
1719462023972,107.5,100
1719462024815,106.75,175
1719462024815,106.75,175
1719462027129,107.25,175
1719462027129,107.25,175
1719462029484,107.25,25
1719462029484,107.25,25
1719462029484,107.25,25
1719462031652,107.65,25
1719462031652,107.65,25
1719462033950,107.5,25
1719462033950,107.5,25
1719462033950,107.5,25
1719462036681,108.0,350
1719462036681,108.0,350
1719462036681,108.0,350
1719462036681,108.0,350
1719462041501,107.3,25
1719462042023,107.5,25
1719462042605,107.05,25
1719462044273,106.85,25
1719462044273,106.85,25
1719462044273,106.85,25
1719462047356,107.6,50
1719462047356,107.6,50
1719462047356,107.6,50
1719462050211,108.25,25
1719462050680,107.95,25
1719462050680,107.95,25
1719462052640,108.65,25
1719462052640,108.65,25
1719462053318,109.15,25
1719462053708,109.25,50
1719462054437,108.3,25
1719462054437,108.3,25
1719462056027,108.05,25
1719462056342,107.8,25
1719462057133,107.75,25
1719462057724,107.8,25
1719462059065,107.6,25
1719462059568,107.5,25
1719462059726,107.8,25
1719462059726,107.8,25
1719462061122,108.25,25
1719462061122,108.25,25
1719462061926,108.7,25
1719462061964,108.7,150
1719462061964,108.7,150
1719462061964,108.7,150
1719462065091,107.8,75
1719462065292,108.0,25
1719462066336,107.95,50
1719462066336,107.95,50
1719462067498,107.95,100
1719462069091,108.15,25
1719462069091,108.15,25
1719462070798,107.85,25
1719462070798,107.85,25
1719462070798,107.85,25
1719462073249,107.8,75
1719462074299,107.7,25
1719462074299,107.7,25
1719462074299,107.7,25
1719462074299,107.7,25
1719462079028,107.7,225
1719462079028,107.7,225
1719462079907,107.6,25
1719462079907,107.6,25
1719462082207,107.45,50
1719462082849,106.2,225
1719462083109,106.2,25
1719462083109,106.2,25
1719462083109,106.2,25
1719462083109,106.2,25
1719462088448,106.5,75
1719462088448,106.5,75
1719462088448,106.5,75
1719462088448,106.5,75
1719462088448,106.5,75
1719462088448,106.5,75
1719462094889,105.0,25
1719462094889,105.0,25
1719462097970,105.2,250
1719462098118,105.0,25
1719462098118,105.0,25
1719462100112,105.85,125
1719462100661,105.5,25
1719462100661,105.5,25
1719462100661,105.5,25
1719462100661,105.5,25
1719462100661,105.5,25
1719462106274,104.85,25
1719462106274,104.85,25
1719462106274,104.85,25
1719462111098,106.4,25
1719462111267,105.95,25
1719462111267,105.95,25
1719462114001,106.0,25
1719462114001,106.0,25
1719462114001,106.0,25
1719462114001,106.0,25
1719462118053,105.2,25
1719462118972,105.0,200
1719462118972,105.0,200
1719462118972,105.0,200
1719462118972,105.0,200
1719462121753,104.6,25
1719462121753,104.6,25
1719462123647,104.25,200
1719462123647,104.25,200
1719462125831,104.1,50
1719462125831,104.1,50
1719462126968,104.15,25
1719462126968,104.15,25
1719462126968,104.15,25
1719462129807,104.5,75
1719462129807,104.5,75
1719462129807,104.5,75
1719462129807,104.5,75
1719462135630,104.35,25
1719462135630,104.35,25
1719462135630,104.35,25
1719462135630,104.35,25
1719462135630,104.35,25
1719462141769,103.6,75
1719462141769,103.6,75
1719462141769,103.6,75
1719462144808,103.65,25
1719462145530,103.65,50
1719462145530,103.65,50
1719462146851,104.0,50
1719462147410,104.35,25
1719462147410,104.35,25
1719462148282,104.45,150
1719462148282,104.45,150
1719462148282,104.45,150
1719462151288,104.2,25
1719462151288,104.2,25
1719462151799,104.0,25
1719462151799,104.0,25
1719462153736,104.45,75
1719462153736,104.45,75
1719462153736,104.45,75
1719462153736,104.45,75
1719462158277,104.15,50
1719462158277,104.15,50
1719462160137,104.15,25
1719462160137,104.15,25
1719462161660,104.15,100
1719462161842,103.85,25
1719462162980,104.05,75
1719462164337,103.7,25
1719462164337,103.7,25
1719462166285,103.95,25
1719462166285,103.95,25
1719462166285,103.95,25
1719462169562,103.05,150
1719462169562,103.05,150
1719462170507,102.95,250
1719462170507,102.95,250
1719462171704,103.1,25
1719462171704,103.1,25
1719462171704,103.1,25
1719462171704,103.1,25
1719462177867,103.35,50
1719462178185,102.95,25
1719462178185,102.95,25
1719462180724,103.1,25
1719462180724,103.1,25
1719462182057,102.5,50
1719462182936,102.75,25
1719462182936,102.75,25
1719462182936,102.75,25
1719462185730,102.85,25
1719462185730,102.85,25
1719462188470,102.05,25
1719462188470,102.05,25
1719462188470,102.05,25
1719462192698,102.8,25
1719462192698,102.8,25
1719462193122,102.45,25
1719462193122,102.45,25
1719462193122,102.45,25
1719462197041,102.5,25
1719462197041,102.5,25
1719462197041,102.5,25
1719462200057,102.55,50
1719462200057,102.55,50
1719462200057,102.55,50
1719462200057,102.55,50
1719462205949,103.8,50
1719462206085,104.2,275
1719462206085,104.2,275
1719462207265,103.6,75
1719462207265,103.6,75
1719462209617,103.25,75
1719462209617,103.25,75
1719462209617,103.25,75
1719462209617,103.25,75
1719462212018,102.85,75
1719462212018,102.85,75
1719462212018,102.85,75
1719462215087,102.65,125
1719462215087,102.65,125
1719462215087,102.65,125
1719462219343,103.2,50
1719462219343,103.2,50
1719462219343,103.2,50
1719462219343,103.2,50
1719462223372,103.0,25
1719462224642,103.0,50
1719462224642,103.0,50
1719462224642,103.0,50
1719462224642,103.0,50
1719462224642,103.0,50
1719462224642,103.0,50
1719462231985,103.0,250
1719462231985,103.0,250
1719462234034,103.0,125
1719462234585,102.95,100
1719462234585,102.95,100
1719462234585,102.95,100
1719462234585,102.95,100
1719462234585,102.95,100
1719462234585,102.95,100
1719462241334,102.9,25
1719462241334,102.9,25
1719462241334,102.9,25
1719462243406,103.3,25
1719462243525,103.35,25
1719462243525,103.35,25
1719462243525,103.35,25
1719462247786,103.25,25
1719462247786,103.25,25
1719462247786,103.25,25
1719462247786,103.25,25
1719462251348,103.45,325
1719462252025,103.75,25
1719462252025,103.75,25
1719462252025,103.75,25
1719462252025,103.75,25
1719462252025,103.75,25
1719462252025,103.75,25
1719462261086,103.4,50
1719462261086,103.4,50
1719462261086,103.4,50
1719462264464,104.0,25
1719462264464,104.0,25
1719462264464,104.0,25
1719462264464,104.0,25
1719462264464,104.0,25
1719462264464,104.0,25
1719462264464,104.0,25
1719462264464,104.0,25
1719462264464,104.0,25
1719462275722,104.5,25
1719462276064,104.6,25
1719462276064,104.6,25
1719462277489,105.1,25
1719462277489,105.1,25
1719462277489,105.1,25
1719462280469,105.1,25
1719462280469,105.1,25
1719462280469,105.1,25
1719462282662,105.25,100
1719462282662,105.25,100
1719462282662,105.25,100
1719462282662,105.25,100
1719462286864,104.5,25
1719462286864,104.5,25
1719462289858,105.6,125
1719462290137,105.45,125
1719462291429,106.05,25
1719462291736,106.25,25
1719462292378,106.6,25
1719462292378,106.6,25
1719462296165,105.7,150
1719462296165,105.7,150
1719462296968,105.7,25
1719462298204,105.8,50
1719462298204,105.8,50
1719462298356,105.5,75
1719462298356,105.5,75
1719462298356,105.5,75
1719462301313,106.25,25
1719462301313,106.25,25
1719462301313,106.25,25
1719462305591,106.2,25
1719462306053,106.4,25
1719462306053,106.4,25
1719462306053,106.4,25
1719462308829,106.15,25
1719462309472,106.0,100
1719462309472,106.0,100
1719462311242,105.75,300
1719462311242,105.75,300
1719462312079,106.4,25
1719462312849,107.3,275
1719462313238,107.5,275
1719462313238,107.5,275
1719462313238,107.5,275
1719462315270,106.8,125
1719462315589,107.0,25
1719462316353,106.75,25
1719462316353,106.75,25
1719462318215,107.05,25
1719462318215,107.05,25
1719462321357,106.9,100
1719462321357,106.9,100
1719462324406,106.9,25
1719462324406,106.9,25
1719462325473,106.7,25
1719462326054,106.8,25
1719462326363,106.75,25
1719462326363,106.75,25
1719462326363,106.75,25
1719462326363,106.75,25
1719462330350,107.6,25
1719462330350,107.6,25
1719462330888,107.15,25
1719462330888,107.15,25
1719462332798,106.7,25
1719462332798,106.7,25
1719462333689,107.2,25
1719462333689,107.2,25
1719462335284,107.35,25
1719462335284,107.35,25
1719462338410,106.5,25
1719462339015,106.8,25
1719462339940,107.2,25
1719462339940,107.2,25
1719462340983,106.9,25
1719462341412,107.0,25
1719462341412,107.0,25
1719462342842,107.25,25
1719462342842,107.25,25
1719462343989,107.25,25
1719462344918,107.55,25
1719462344918,107.55,25
1719462345808,107.2,25
1719462345808,107.2,25
1719462345808,107.2,25
1719462348397,107.05,25
1719462348568,107.0,25
1719462349811,107.35,25
1719462349811,107.35,25
1719462351010,107.25,25
1719462351394,107.25,25
1719462352011,107.0,25
1719462352011,107.0,25
1719462353565,106.7,25
1719462354072,106.15,25
1719462354072,106.15,25
1719462355259,106.85,25
1719462355259,106.85,25
1719462355259,106.85,25
1719462355259,106.85,25
1719462360634,105.95,150
1719462360737,106.1,25
1719462360998,106.25,25
1719462360998,106.25,25
1719462361978,106.4,25
1719462361978,106.4,25
1719462364840,105.7,50
1719462364840,105.7,50
1719462367707,105.25,125
1719462367707,105.25,125
1719462367707,105.25,125
1719462367707,105.25,125
1719462372786,106.4,25
1719462372786,106.4,25
1719462372786,106.4,25
1719462372786,106.4,25
1719462372786,106.4,25
1719462378646,105.9,75
1719462378998,105.85,100
1719462378998,105.85,100
1719462381323,105.05,50
1719462381323,105.05,50
1719462383273,105.8,25
1719462383778,105.7,100
1719462383778,105.7,100
1719462383778,105.7,100
1719462383778,105.7,100
1719462383778,105.7,100
1719462383778,105.7,100
1719462383778,105.7,100
1719462383778,105.7,100
1719462383778,105.7,100
1719462395439,106.25,25
1719462395763,106.5,25
1719462395763,106.5,25
1719462397099,107.05,25
1719462397099,107.05,25
1719462399864,107.65,75
1719462400052,108.0,25
1719462400142,108.0,75
1719462401056,109.25,50
1719462401056,109.25,50
1719462402345,109.75,150
1719462402345,109.75,150
1719462403565,109.65,25
1719462404783,109.7,25
1719462404783,109.7,25
1719462405464,109.5,100
1719462406041,109.7,150
1719462406041,109.7,150
1719462407525,110.0,25
1719462408116,110.9,25
1719462408492,111.6,50
1719462409994,110.9,25
1719462410741,111.15,125
1719462410741,111.15,125
1719462412222,111.0,25
1719462412919,110.9,25
1719462412919,110.9,25
1719462413974,111.3,25
1719462414807,112.0,25
1719462414807,112.0,25
1719462416741,113.25,25
1719462416951,113.2,25
1719462417822,113.55,25
1719462417822,113.55,25
1719462419521,114.2,50
1719462419521,114.2,50
1719462420289,114.2,25
1719462420626,115.0,350
1719462421125,115.55,50
1719462421701,116.05,25
1719462422275,116.8,25
1719462423277,116.85,25
1719462423579,116.95,150
1719462424506,116.4,150
1719462424887,116.1,50
1719462425380,116.3,675
1719462426519,115.8,50
1719462426704,116.3,100
1719462426704,116.3,100
1719462427755,115.3,150
1719462428774,115.75,25
1719462430085,115.6,50
1719462430085,115.6,50
1719462430353,115.5,25
1719462431656,116.35,25
1719462431656,116.35,25
1719462432791,115.7,50
1719462433459,115.9,125
1719462433552,115.9,25
1719462435083,116.25,25
1719462436032,116.25,25
1719462436690,116.55,25
1719462436938,116.55,25
1719462438347,117.0,25
1719462438347,117.0,25
1719462438755,116.1,25
1719462438755,116.1,25
1719462440278,115.45,50
1719462440278,115.45,50
1719462441875,115.55,25
1719462442702,115.75,75
1719462442702,115.75,75
1719462443930,115.4,150
1719462444424,115.6,25
1719462444424,115.6,25
1719462445384,116.35,100
1719462445973,116.35,25
1719462446689,116.85,25
1719462447172,116.2,75
1719462448443,116.2,50
1719462450120,115.55,25
1719462450859,115.05,50
1719462451118,115.25,75
1719462451494,115.1,100
1719462451494,115.1,100
1719462452953,114.25,25
1719462452953,114.25,25
1719462454067,115.4,25
1719462454067,115.4,25
1719462455249,115.35,25
1719462456274,115.45,25
1719462456502,115.65,25
1719462456502,115.65,25
1719462457236,115.45,25
1719462457236,115.45,25
1719462459165,115.45,100
1719462459722,115.3,25
1719462459722,115.3,25
1719462460565,115.45,25
1719462461684,115.35,125
1719462462344,116.1,25
1719462463175,116.4,25
1719462463521,116.05,25
1719462464239,116.75,25
1719462465131,115.7,25
1719462465567,116.0,25
1719462466344,117.1,25
1719462466682,117.1,125
1719462467066,117.3,150
1719462468415,117.95,100
1719462469186,118.0,75
1719462470005,118.65,50
1719462470960,118.55,100
1719462471603,119.05,25
1719462472340,119.65,50
1719462473505,120.05,25
1719462473774,120.0,100
1719462475162,119.05,25
1719462475162,119.05,25
1719462476211,119.6,25
1719462476611,120.2,25
1719462477308,120.4,25
1719462478145,120.0,25
1719462478465,119.75,25
1719462479004,119.6,25
1719462480203,119.9,100
1719462480203,119.9,100
1719462480797,120.9,50
1719462481481,120.95,25
1719462481481,120.95,25
1719462482151,121.65,25
1719462483248,123.05,25
1719462483248,123.05,25
1719462483979,122.5,25
1719462484991,122.45,25
1719462485379,122.5,25
1719462486716,122.35,125
1719462487090,122.4,75
1719462488011,121.6,100
1719462488346,121.45,50
1719462489442,121.95,175
1719462489605,122.15,25
1719462490379,121.5,25
1719462491344,121.7,25
1719462491344,121.7,25
1719462492504,122.75,25
1719462493160,122.0,75
1719462494166,121.65,25
1719462494806,121.85,25
1719462495329,121.7,25
1719462496171,120.75,100
1719462496464,121.1,100
1719462497114,121.35,100
1719462497948,120.55,200
1719462497948,120.55,200
1719462498599,120.55,25
1719462499980,118.9,25
1719462500110,119.55,150
1719462501155,119.7,150
1719462501536,119.9,25
1719462502115,120.25,25
1719462503170,120.45,25
1719462504027,119.7,25
1719462504919,120.85,50
1719462505219,121.2,100
1719462506147,121.65,150
1719462506592,122.15,100
1719462506592,122.15,100
1719462508174,122.3,50
1719462508696,121.15,125
1719462509797,121.75,25
1719462509797,121.75,25
1719462510385,121.5,25
1719462511023,121.5,25
1719462511023,121.5,25
1719462511733,121.85,25
1719462513117,122.65,125
1719462513117,122.65,125
1719462514131,122.45,25
1719462514809,122.0,25
1719462515159,122.45,25
1719462516346,122.6,50
1719462516605,122.3,25
1719462516605,122.3,25
1719462517844,122.0,50
1719462519414,121.6,50
1719462519897,121.8,25
1719462519897,121.8,25
1719462520781,122.0,25
1719462520781,122.0,25
1719462522375,120.55,25
1719462522989,120.9,25
1719462524084,120.45,25
1719462524277,120.65,225
1719462524277,120.65,225
1719462526127,120.0,25
1719462526127,120.0,25
1719462526715,120.4,25
1719462528223,120.0,25
1719462528223,120.0,25
1719462528752,119.3,25
1719462528752,119.3,25
1719462531356,120.0,75
1719462531518,119.6,25
1719462532080,119.7,150
1719462532080,119.7,150
1719462533530,119.65,50
1719462534399,120.05,25
1719462534891,120.0,25
1719462534891,120.0,25
1719462536136,120.1,25
1719462536708,120.15,25
1719462537093,120.35,25
1719462538009,120.9,25
1719462538893,120.8,250
1719462539822,121.05,25
1719462540146,121.5,50
1719462540589,121.4,100
1719462541181,121.15,25
1719462541697,121.4,25
1719462541923,121.45,50
1719462542838,121.6,25
1719462543381,121.6,25
1719462544423,121.35,50
1719462544426,121.4,25
1719462545161,121.15,25
1719462546422,120.6,125
1719462546533,120.6,50
1719462546722,120.55,25
1719462547618,120.65,25
1719462548410,120.15,25
1719462548525,120.6,100
1719462549833,120.85,25
1719462549833,120.85,25
1719462551229,121.35,75
1719462551506,121.3,25
1719462552374,121.55,25
1719462552887,121.25,25
1719462552887,121.25,25
1719462553361,121.15,25
1719462554615,121.75,75
1719462555106,122.0,25
1719462556414,122.75,250
1719462556511,122.8,25
1719462557178,123.0,100
1719462557178,123.0,100
1719462558778,122.4,25
1719462559047,122.4,25
1719462559887,122.8,50
1719462560105,122.25,75
1719462561287,122.7,75
1719462562352,122.4,100
1719462562957,122.3,50
1719462562957,122.3,50
1719462562957,122.3,50
1719462565389,121.95,50
1719462566324,121.85,25
1719462566536,122.1,150
1719462566536,122.1,150
1719462568420,122.2,25
1719462568420,122.2,25
1719462568420,122.2,25
1719462571379,122.85,25
1719462571379,122.85,25
1719462571901,122.5,50
1719462573235,122.9,25
1719462573235,122.9,25
1719462573981,122.55,100
1719462574793,122.9,50
1719462574793,122.9,50
1719462575943,121.9,175
1719462577231,121.25,25
1719462577859,121.45,125
1719462578649,120.9,25
1719462579908,120.85,75
1719462580258,120.75,25
1719462580258,120.75,25
1719462581512,121.15,25
1719462581512,121.15,25
1719462583390,120.85,25
1719462584730,122.0,25
1719462584730,122.0,25
1719462585826,121.9,25
1719462586248,122.35,50
1719462586464,122.1,50
1719462587242,122.75,50
1719462587501,122.65,50
1719462588782,121.8,75
1719462588782,121.8,75
1719462590363,122.55,25
1719462590829,122.2,50
1719462591399,122.35,25
1719462591399,122.35,25
1719462592651,122.25,75
1719462592651,122.25,75
1719462593374,122.2,50
1719462593374,122.2,50
1719462595054,122.05,25
1719462595054,122.05,25
1719462597510,121.6,100
1719462598028,121.8,25
1719462598028,121.8,25
1719462598028,121.8,25
1719462600402,123.25,25
1719462600823,123.35,25
1719462601157,124.5,275
1719462601539,124.25,25
1719462602192,123.8,50
1719462603326,123.3,25
1719462604146,122.85,25
1719462604652,122.55,25
1719462605187,122.6,25
1719462605187,122.6,25
1719462606699,122.15,25
1719462608050,122.1,100
1719462608050,122.1,100
1719462608558,122.95,75
1719462608852,123.15,25
1719462609963,122.5,50
1719462609963,122.5,50
1719462610813,122.45,50
1719462610813,122.45,50
1719462612506,122.2,25
1719462613228,122.75,25
1719462613292,122.55,25
1719462614224,122.45,50
1719462614726,122.9,50
1719462615045,122.6,100
1719462616321,122.75,50
1719462616321,122.75,50
1719462617098,121.95,25
1719462618028,122.3,25
1719462618028,122.3,25
1719462619106,121.6,125
1719462619106,121.6,125
1719462620306,120.8,100
1719462620306,120.8,100
1719462622261,120.5,75
1719462622960,120.5,25
1719462622960,120.5,25
1719462625628,120.0,25
1719462626254,120.7,25
1719462626503,120.45,25
1719462626503,120.45,25
1719462628254,121.85,25
1719462628352,121.75,200
1719462628936,121.8,150
1719462630038,121.7,25
1719462630302,121.95,25
1719462630302,121.95,25
1719462631253,122.3,25
1719462631560,122.35,25
1719462631753,122.4,25
1719462633253,122.95,25
1719462633253,122.95,25
1719462633937,123.2,25
1719462635003,123.55,25
1719462635253,123.55,25
1719462636252,124.0,25
1719462636635,123.55,200
1719462637004,123.65,25
1719462637004,123.65,25
1719462638503,124.0,25
1719462639246,123.95,100
1719462639433,123.3,200
1719462640254,123.55,25
1719462640786,123.55,75
1719462640786,123.55,75
1719462642254,123.5,25
1719462642503,123.4,25
1719462642503,123.4,25
1719462644319,122.2,75
1719462644587,122.7,100
1719462645248,123.15,25
1719462646480,123.65,50
1719462646503,123.75,25
1719462647425,124.3,25
1719462648254,123.75,25
1719462648763,124.2,25
1719462650040,123.65,25
1719462650133,123.75,150
1719462650944,123.25,25
1719462650944,123.25,25
1719462652047,124.2,25
1719462652916,123.9,25
1719462653314,123.95,25
1719462654064,124.0,25
1719462654987,123.5,25
1719462654987,123.5,25
1719462656257,123.95,25
1719462656504,123.9,25
1719462657503,124.25,25
1719462658038,124.9,25
1719462658414,125.0,100
1719462659195,124.6,100
1719462659882,125.75,75
1719462660267,126.0,75
1719462660767,126.5,50
1719462661276,126.3,75
1719462661511,126.75,25
1719462662160,126.5,50
1719462663371,127.1,25
1719462703856,129.95,25
1719462703856,129.95,25
1719462707542,130.2,25
1719462707876,130.15,25
1719462709776,129.95,25
1719462709776,129.95,25
1719462710240,130.0,25
1719462711295,130.0,25
1719462711706,130.65,50
1719462712266,130.7,25
1719462712670,130.65,25
1719462712670,130.65,25
1719462714306,131.95,25
1719462715142,132.3,25
1719462715142,132.3,25
1719462715572,132.2,25
1719462716738,132.0,150
1719462717005,131.65,50
1719462717005,131.65,50
1719462718845,132.65,25
1719462719304,132.2,75
1719462719956,132.2,50
1719462719956,132.2,50
1719462720746,132.3,25
1719462721118,133.65,25
1719462721634,134.3,25
1719462722281,135.15,50
1719462723326,135.55,25
1719462723326,135.55,25
1719462724323,135.15,25
1719462725145,135.25,25
1719462725514,135.1,25
1719462726364,135.6,25
1719462727326,134.95,150
1719462728300,135.4,25
1719462728300,135.4,25
1719462729313,135.55,25
1719462730059,134.35,50
1719462730526,134.65,25
1719462731536,135.9,25
1719462731935,135.05,50
1719462732461,135.1,25
1719462733410,135.25,50
1719462734506,135.0,25
1719462735110,135.1,50
1719462735722,134.95,50
1719462736054,134.95,25
1719462736934,134.75,25
1719462737181,134.15,25
1719462737896,134.25,25
1719462738517,134.4,25
1719462739241,134.95,25
1719462740201,134.4,25
1719462740382,134.65,25
1719462741924,133.9,25
1719462742277,133.8,25
1719462742429,134.0,25
1719462744675,133.85,25
1719462744675,133.85,25
1719462745283,134.3,75
1719462745643,134.5,25
1719462746979,134.15,50
1719462746979,134.15,50
1719462748174,133.95,250
1719462748496,134.25,25
1719462749200,134.35,25
1719462749453,134.3,25
1719462749453,134.3,25
1719462749453,134.3,25
1719462750922,134.05,100
1719462751576,133.6,25
1719462752119,134.35,25
1719462752912,134.55,75
1719462752912,134.55,75
1719462753905,134.85,25
1719462754638,133.85,50
1719462756942,134.35,25
1719462757024,134.95,75
1719462757275,134.55,25
1719462757773,134.1,25
1719462759305,134.1,25
1719462760065,133.7,25
1719462760065,133.7,25
1719462761292,133.3,25
1719462761835,133.6,25
1719462762266,133.45,25
1719462763491,133.3,25
1719462763491,133.3,25
1719462763992,132.7,75
1719462765127,132.75,50
1719462766341,132.85,25
1719462767002,132.95,25
1719462767191,132.65,25
1719462768492,132.4,25
1719462768492,132.4,25
1719462769599,132.6,100
1719462770200,132.85,100
1719462770358,132.65,25
1719462771257,132.95,25
1719462771948,134.5,100
1719462771948,134.5,100
1719462772953,135.7,150
1719462772953,135.7,150
1719462775217,135.55,25
1719462775217,135.55,25
1719462776058,135.45,25
1719462776903,133.85,75
1719462776903,133.85,75
1719462776903,133.85,75
1719462779216,133.85,100
1719462780182,134.25,50
1719462780376,134.45,25
1719462780822,134.75,50
1719462781772,135.85,25
1719462781844,135.65,25
1719462781844,135.65,25
1719462781844,135.65,25
1719462783744,135.85,50
1719462784958,136.2,25
1719462785075,136.1,75
1719462785353,136.55,25
1719462786458,136.0,50
1719462787069,136.8,125
1719462787069,136.8,125
1719462788477,136.2,25
1719462788477,136.2,25
1719462788808,136.0,25
1719462789967,137.05,25
1719462789967,137.05,25
1719462790890,136.8,25
1719462791749,137.05,75
1719462792267,137.0,25
1719462793414,136.05,25
1719462793640,136.45,25
1719462794503,136.75,50
1719462794503,136.75,50
1719462795692,136.3,50
1719462796269,136.75,25
1719462797005,135.9,25
1719462797005,135.9,25
1719462798197,135.7,75
1719462798197,135.7,75
1719462799136,135.75,25
1719462800162,136.25,150
1719462800162,136.25,150
1719462800651,136.9,25
1719462801635,137.0,25
1719462802543,137.0,325
1719462803340,136.45,25
1719462803544,136.65,25
1719462804557,136.95,25
1719462804992,136.25,100
1719462805467,136.5,25
1719462806248,136.5,25
1719462806248,136.5,25
1719462807205,135.65,50
1719462807930,135.4,25
1719462808469,135.0,125
1719462809309,135.35,25
1719462810293,134.1,25
1719462810358,134.0,25
1719462810787,133.9,25
1719462811557,133.8,50
1719462812078,133.05,25
1719462812917,132.55,25
1719462813360,132.9,25
1719462813722,133.6,150
1719462814361,132.5,25
1719462815139,132.3,125
1719462815139,132.3,125
1719462816335,132.4,25
1719462817059,132.85,75
1719462817365,132.85,25
1719462818250,131.85,25
1719462819736,131.4,200
1719462820161,131.4,25
1719462821365,131.0,25
1719462821822,131.55,50
1719462822361,131.3,75
1719462823195,131.9,25
1719462823651,131.75,25
1719462824290,132.1,125
1719462825027,131.65,25
1719462825027,131.65,25
1719462826010,132.0,50
1719462826952,131.6,25
1719462827218,132.3,50
1719462827937,131.65,100
1719462828716,131.3,25
1719462828952,130.85,25
1719462829983,131.35,250
1719462829983,131.35,250
1719462831467,131.35,100
1719462832153,131.6,50
1719462832153,131.6,50
1719462832726,132.65,75
1719462833691,131.85,225
1719462833819,131.75,25
1719462835306,132.3,25
1719462835306,132.3,25
1719462835946,132.15,25
1719462835946,132.15,25
1719462835946,132.15,25
1719462839079,132.55,50
1719462839659,133.05,125
1719462839659,133.05,125
1719462839659,133.05,125
1719462839659,133.05,125
1719462843149,133.65,50
1719462843149,133.65,50
1719462844651,134.2,25
1719462845323,134.25,125
1719462845525,134.25,25
1719462846330,133.75,50
1719462847067,133.75,50
1719462847380,133.65,50
1719462848104,132.8,50
1719462848104,132.8,50
1719462849897,132.8,300
1719462850409,132.85,25
1719462852017,134.25,125
1719462852017,134.25,125
1719462852017,134.25,125
1719462856136,134.1,100
1719462856588,133.6,25
1719462856588,133.6,25
1719462857723,133.25,25
1719462858123,133.25,100
1719462858756,133.2,25
1719462858756,133.2,25
1719462858756,133.2,25
1719462860826,133.7,25
1719462860826,133.7,25
1719462862800,134.15,25
1719462863315,134.15,25
1719462863802,134.3,125
1719462864267,134.1,25
1719462864625,134.4,25
1719462864625,134.4,25
1719462867925,134.15,25
1719462868378,134.5,50
1719462868702,134.3,25
1719462869104,134.05,25
1719463136666,138.25,25
1719463136943,138.25,25
1719463136943,138.25,25
1719463138225,138.25,25
1719463138975,138.25,25
1719463139532,139.15,125
1719463319453,141.5,25
1719463319453,141.5,25
1719463321208,142.0,50
1719463321208,142.0,50
1719463322814,143.3,150
1719463323866,142.45,75
1719463324339,142.45,300
1719463324339,142.45,300
1719463324339,142.45,300
1719463327108,142.25,50
1719463327108,142.25,50
1719463327831,142.05,150
1719463328061,141.85,25
1719463328061,141.85,25
1719463330132,142.5,25
1719463330625,142.1,150
1719463330625,142.1,150
1719463330625,142.1,150
1719463332783,142.25,150
1719463332971,142.1,25
1719463332971,142.1,25
1719463334975,142.4,175
1719463335497,142.0,275
1719463335497,142.0,275
1719463336488,141.65,25
1719463337064,142.4,25
1719463337752,142.25,25
1719463338429,142.3,25
1719463338817,141.8,25
1719463338817,141.8,25
1719463338817,141.8,25
1719463338817,141.8,25
1719463341272,142.35,25
1719463343501,142.25,75
1719463343898,142.05,175
1719463343898,142.05,175
1719463345487,141.65,50
1719463345487,141.65,50
1719463345487,141.65,50
1719463348854,141.15,150
1719463349334,142.25,25
1719463349334,142.25,25
1719463350634,143.2,50
1719463350634,143.2,50
1719463350634,143.2,50
1719463352806,142.2,25
1719463353651,142.85,25
1719463353973,142.35,25
1719463353973,142.35,25
1719463355651,143.1,25
1719463355651,143.1,25
1719463356797,143.4,50
1719463357541,143.85,75
1719463357541,143.85,75
1719463358813,144.55,25
1719463359521,144.35,50
1719463359734,144.65,25
1719463360779,144.25,100
1719463361368,144.45,25
1719463362252,143.9,250
1719463362789,144.35,25
1719463363575,143.9,25
1719463364247,144.0,150
1719463364247,144.0,150
1719463365952,144.35,75
1719463365952,144.35,75
1719463367725,144.2,75
1719463368312,144.35,25
1719463368965,145.0,25
1719463369815,144.95,25
1719463371026,145.1,25
1719463371026,145.1,25
1719463371261,144.75,50
1719463371965,145.2,50
1719463373456,145.15,25
1719463374311,145.5,25
1719463374311,145.5,25
1719463375146,145.3,50
1719463375146,145.3,50
1719463376676,145.25,25
1719463377579,145.35,25
1719463378187,144.7,25
1719463378187,144.7,25
1719463379887,144.0,50
1719463380815,144.15,25
1719463381003,143.35,150
1719463381149,143.55,25
1719463381149,143.55,25
1719463381860,143.7,175
1719463382796,143.6,100
1719463383686,142.85,25
1719463384313,141.85,25
1719463384720,142.5,75
1719463385311,142.0,25
1719463385311,142.0,25
1719463387014,143.2,75
1719463387014,143.2,75
1719463387886,143.1,25
1719463388446,142.5,25
1719463389134,141.9,25
1719463389134,141.9,25
1719463389134,141.9,25
1719463391721,142.0,25
1719463391721,142.0,25
1719463392952,142.0,50
1719463393881,142.1,25
1719463393881,142.1,25
1719463393881,142.1,25
1719463396633,141.3,225
1719463397548,141.75,25
1719463397548,141.75,25
1719463397926,141.6,50
1719463397926,141.6,50
1719463399820,141.8,50
1719463400576,142.0,25
1719463400576,142.0,25
1719463401625,141.9,25
1719463401625,141.9,25
1719463404320,141.0,25
1719463404320,141.0,25
1719463404562,141.1,100
1719463404562,141.1,100
1719463406605,141.2,25
1719463407305,139.7,50
1719463407305,139.7,50
1719463408019,139.4,100
1719463408019,139.4,100
1719463409426,138.9,200
1719463410045,138.6,50
1719463410834,138.0,425
1719463411386,138.25,25
1719463412566,138.3,50
1719463412654,138.15,100
1719463413585,138.8,50
1719463414336,139.0,25
1719463414336,139.0,25
1719463414336,139.0,25
1719463416847,138.25,25
1719463417470,138.4,50
1719463417470,138.4,50
1719463418695,138.45,25
1719463418695,138.45,25
1719463420154,138.0,25
1719463420756,137.85,75
1719463421361,138.2,150
1719463422444,137.85,25
1719463422444,137.85,25
1719463424000,137.4,50
1719463424000,137.4,50
1719463424000,137.4,50
1719463426297,137.25,200
1719463426365,137.3,150
1719463427197,136.35,100
1719463427699,136.5,200
1719463428674,133.1,50
1719463429149,133.2,175
1719463429149,133.2,175
1719463430653,133.8,25
1719463430951,133.75,25
1719463431476,133.25,25
1719463432562,132.6,75
1719463432703,131.45,25
1719463433526,132.0,100
1719463434397,133.0,175
1719463434397,133.0,175
1719463434397,133.0,175
1719463436462,131.8,25
1719463436633,132.2,100
1719463437178,132.0,25
1719463437178,132.0,25
1719463437178,132.0,25
1719463437178,132.0,25
1719463441013,133.35,25
1719463442461,134.0,25
1719463443616,134.25,50
1719463444240,134.0,125
1719463444240,134.0,125
1719463444997,134.25,25
1719463447209,134.5,25
1719463447209,134.5,25
1719463447884,134.3,125
1719463448227,134.85,25
1719463448971,134.35,25
1719463449652,134.2,25
1719463449652,134.2,25
1719463452491,134.8,50
1719463452647,135.0,25
1719463452647,135.0,25
1719463452647,135.0,25
1719463454387,134.95,100
1719463455021,135.35,25
1719463455021,135.35,25
1719463456457,135.15,125
1719463456751,135.2,25
1719463457659,135.05,75
1719463457659,135.05,75
1719463458914,135.0,25
1719463459007,134.8,50
1719463459598,134.15,25
1719463460858,134.0,50
1719463460858,134.0,50
1719463460858,134.0,50
1719463462343,134.15,25
1719463463733,134.55,75
1719463463733,134.55,75
1719463464742,134.4,25
1719463464742,134.4,25
1719463466330,134.0,25
1719463466330,134.0,25
1719463468653,134.9,75
1719463469005,134.75,25
1719463469005,134.75,25
1719463470682,136.3,225
1719463470824,136.05,50
1719463471583,136.05,75
1719463472436,136.75,100
1719463473777,136.55,200
1719463473977,136.9,25
1719463474500,137.3,25
1719463475378,136.45,25
1719463475378,136.45,25
1719463477613,136.8,75
1719463477613,136.8,75
1719463478755,135.75,25
1719463479209,135.4,200
1719463479209,135.4,200
1719463479209,135.4,200
1719463479209,135.4,200
1719463483262,134.5,25
1719463483262,134.5,25
1719463485867,134.15,100
1719463486239,134.65,25
1719463486239,134.65,25
1719463486239,134.65,25
1719463489840,134.5,25
1719463489840,134.5,25
1719463491979,134.05,375
1719463491979,134.05,375
1719463492941,133.65,50
1719463493289,134.3,225
1719463493831,134.2,25
1719463494971,133.65,100
1719463495089,133.7,200
1719463495089,133.7,200
1719463497715,134.0,50
1719463498793,133.55,25
1719463498793,133.55,25
1719463499396,133.5,75
1719463500595,134.25,50
1719463500595,134.25,50
1719463501757,134.45,50
1719463501757,134.45,50
1719463503708,133.85,25
1719463504104,133.7,25
1719463504104,133.7,25
1719463505489,134.25,50
1719463506178,132.7,25
1719463506864,132.8,25
1719463506864,132.8,25
1719463506864,132.8,25
1719463506864,132.8,25
1719463512313,132.2,25
1719463512313,132.2,25
1719463513320,132.95,75
1719463513320,132.95,75
1719463515164,133.0,25
1719463515839,132.65,150
1719463515839,132.65,150
1719463516335,132.7,50
1719463516335,132.7,50
1719463519109,132.85,25
1719463519109,132.85,25
1719463520031,133.05,100
1719463520031,133.05,100
1719463522222,133.75,150
1719463522222,133.75,150
1719463524213,134.45,25
1719463524667,135.05,50
1719463525479,135.3,25
1719463525982,135.1,25
1719463526908,135.1,50
1719463526908,135.1,50
1719463526908,135.1,50
1719463530324,135.5,50
1719463530852,136.25,50
1719463530852,136.25,50
1719463532173,136.7,50
1719463532173,136.7,50
1719463532173,136.7,50
1719463532173,136.7,50
1719463536214,136.8,75
1719463536214,136.8,75
1719463538127,137.8,125
1719463538516,137.85,25
1719463538946,137.45,25
1719463538946,137.45,25
1719463540076,137.65,25
1719463540076,137.65,25
1719463541710,137.35,75
1719463542251,137.35,200
1719463543128,137.6,150
1719463543128,137.6,150
1719463543128,137.6,150
1719463547487,138.3,25
1719463547487,138.3,25
1719463547487,138.3,25
1719463549993,138.95,25
1719463549993,138.95,25
1719463551991,138.8,25
1719463552787,139.05,125
1719463553704,138.55,200
1719463554299,137.85,25
1719463554299,137.85,25
1719463555329,137.45,75
1719463555329,137.45,75
1719463557294,137.0,200
1719463557294,137.0,200
1719463557294,137.0,200
1719463560424,137.45,100
1719463560424,137.45,100
1719463560424,137.45,100
1719463561475,137.35,100
1719463561699,137.0,100
1719463561699,137.0,100
1719463563760,137.45,25
1719463564103,137.0,25
1719463564103,137.0,25
1719463565047,136.8,25
1719463565047,136.8,25
1719463565047,136.8,25
1719463568189,136.4,25
1719463568411,136.95,25
1719463569168,136.9,25
1719463569168,136.9,25
1719463570676,136.35,25
1719463570825,136.25,25
1719463571552,136.85,125
1719463572823,136.6,25
1719463572927,136.55,25
1719463573419,135.75,125
1719463573419,135.75,125
1719463574934,136.3,100
1719463575564,136.35,25
1719463575564,136.35,25
1719463576677,136.3,100
1719463576677,136.3,100
1719463578239,136.45,200
1719463578239,136.45,200
1719463580796,135.65,25
1719463580796,135.65,25
1719463580796,135.65,25
1719463583735,135.0,250
1719463583735,135.0,250
1719463585865,134.25,125
1719463586054,134.35,150
1719463586054,134.35,150
1719463586054,134.35,150
1719463588183,135.15,25
1719463589051,134.9,50
1719463589258,135.3,25
1719463589258,135.3,25
1719463589940,135.15,25
1719463589940,135.15,25
1719463591677,135.25,25
1719463592256,135.0,25
1719463592944,134.55,100
1719463592944,134.55,100
1719463592944,134.55,100
1719463597448,134.5,25
1719463597841,134.35,25
1719463598002,134.2,100
1719463598357,134.55,25
1719463598357,134.55,25
1719463598357,134.55,25
1719463602384,134.65,175
1719463602897,135.4,125
1719463602916,135.8,75
1719463604479,136.6,75
1719463604479,136.6,75
1719463604479,136.6,75
1719463604479,136.6,75
1719463608855,137.0,75
1719463609243,136.65,100
1719463609243,136.65,100
1719463610252,136.55,25
1719463610252,136.55,25
1719463610252,136.55,25
1719463610252,136.55,25
1719463614872,136.6,25
1719463614872,136.6,25
1719463614872,136.6,25
1719463618651,136.45,25
1719463618651,136.45,25
1719463620329,136.25,25
1719463620329,136.25,25
1719463620329,136.25,25
1719463620329,136.25,25
1719463623973,135.4,25
1719463623973,135.4,25
1719463624936,134.95,150
1719463624936,134.95,150
1719463627030,135.3,50
1719463627030,135.3,50
1719463627030,135.3,50
1719463627030,135.3,50
1719463627030,135.3,50
1719463627030,135.3,50
1719463636000,135.6,25
1719463637580,136.75,25
1719463637580,136.75,25
1719463638858,136.1,125
1719463639127,136.65,25
1719463639127,136.65,25
1719463641000,137.0,50
1719463641000,137.0,50
1719463641193,137.0,75
1719463642520,137.55,25
1719463642520,137.55,25
1719463644054,137.5,50
1719463644054,137.5,50
1719463644054,137.5,50
1719463644054,137.5,50
1719463644054,137.5,50
1719463648252,136.25,75
1719463648252,136.25,75
1719463649363,135.9,25
1719463649363,135.9,25
1719463649363,135.9,25
1719463651183,136.25,100
1719463651716,136.5,75
1719463652843,135.8,100
1719463652940,135.7,50
1719463653724,135.45,25
1719463654393,135.05,25
1719463654854,135.25,25
1719463655813,135.0,25
1719463655813,135.0,25
1719463656597,134.55,50
1719463657483,134.95,50
1719463657483,134.95,50
1719463658045,134.75,50
1719463658045,134.75,50
1719463660005,135.25,75
1719463660697,134.45,100
1719463660697,134.45,100
1719463660697,134.45,100
1719463662989,134.55,100
1719463663111,134.65,75
1719463663111,134.65,75
1719463665599,134.55,50
1719463666083,134.4,50
1719463667723,135.0,175
1719463667723,135.0,175
1719463669244,134.0,25
1719463669244,134.0,25
1719463669956,134.4,25
1719463670776,134.2,50
1719463670776,134.2,50
1719463671522,134.5,25
1719463672196,134.9,25
1719463672196,134.9,25
1719463674354,136.65,25
1719463674354,136.65,25
1719463674760,135.7,125
1719463674760,135.7,125
1719463676280,134.9,25
1719463676280,134.9,25
1719463676280,134.9,25
1719463680031,134.9,25
1719463680031,134.9,25
1719463680031,134.9,25
1719463680031,134.9,25
1719463680031,134.9,25
1719463680031,134.9,25
1719463686748,135.45,125
1719463686748,135.45,125
1719463688406,135.4,25
1719463689186,134.7,50
1719463689548,134.9,25
1719463689548,134.9,25
1719463689548,134.9,25
1719463689548,134.9,25
1719463693864,135.05,100
1719463693864,135.05,100
1719463694882,134.5,100
1719463695024,134.75,25
1719463696197,134.15,25
1719463696866,134.55,50
1719463697021,134.6,25
1719463697021,134.6,25
1719463697021,134.6,25
1719463701056,135.7,50
1719463701056,135.7,50
1719463701056,135.7,50
1719463703581,136.0,200
1719463703747,135.75,25
1719463703747,135.75,25
1719463705381,135.85,125
1719463705381,135.85,125
1719463707149,135.6,125
1719463707149,135.6,125
1719463708409,135.75,50
1719463708917,135.45,25
1719463709621,136.2,25
1719463709621,136.2,25
1719463709621,136.2,25
1719463709621,136.2,25
1719463711340,135.75,275
1719463711984,136.05,50
1719463712177,136.75,75
1719463713206,136.8,300
1719463713206,136.8,300
1719463715193,136.55,100
1719463715193,136.55,100
1719463715193,136.55,100
1719463718216,137.3,325
1719463718858,137.05,50
1719463718858,137.05,50
1719463718858,137.05,50
1719463721745,138.0,50
1719463721745,138.0,50
1719463723337,138.0,50
1719463723966,138.3,250
1719463723966,138.3,250
1719463724909,138.1,100
1719463725696,137.7,25
1719463725696,137.7,25
1719463726272,137.45,25
1719463726914,136.95,200
1719463727919,136.8,25
1719463727919,136.8,25
1719463729398,135.85,25
1719463729398,135.85,25
1719463731080,136.45,50
1719463731080,136.45,50
1719463731080,136.45,50
1719463734699,136.3,25
1719463734699,136.3,25
1719463736504,136.3,25
1719463736981,136.3,25
1719463737589,136.8,25
1719463737589,136.8,25
1719463737589,136.8,25
1719463737589,136.8,25
1719463737589,136.8,25
1719463737589,136.8,25
1719463737589,136.8,25
1719463737589,136.8,25
1719463747442,136.5,50
1719463747442,136.5,50
1719463748228,136.55,200
1719463748228,136.55,200
1719463748228,136.55,200
1719463751847,136.95,25
1719463751847,136.95,25
1719463751847,136.95,25
1719463755207,136.9,125
1719463755670,136.85,50
1719463755670,136.85,50
1719463756765,137.25,25
1719463756765,137.25,25
1719463759499,138.0,50
1719463759499,138.0,50
1719463760138,138.8,25
1719463760138,138.8,25
1719463762608,138.2,25
1719463762608,138.2,25
1719463764207,138.0,50
1719463764207,138.0,50
1719463765225,138.2,50
1719463766312,137.35,75
1719463766416,136.95,25
1719463766416,136.95,25
1719463766416,136.95,25
1719463766416,136.95,25
1719463766416,136.95,25
1719463766416,136.95,25
1719463773952,137.35,25
1719463773952,137.35,25
1719463773952,137.35,25
1719463776648,138.3,25
1719463777028,138.85,25
1719463777558,138.6,100
1719463777558,138.6,100
1719463780742,137.85,100
1719463780742,137.85,100
1719463780742,137.85,100
1719463783301,137.8,75
1719463783301,137.8,75
1719463783301,137.8,75
1719463783301,137.8,75
1719463788160,137.45,25
1719463788160,137.45,25
1719463788160,137.45,25
1719463791378,138.25,25
1719463791378,138.25,25
1719463793615,138.3,75
1719463793615,138.3,75
1719463793615,138.3,75
1719463797843,137.9,125
1719463799162,138.1,25
1719463799162,138.1,25
1719463800411,137.65,200
1719463800411,137.65,200
1719463800411,137.65,200
1719463801428,137.15,25
1719463801782,137.25,75
1719463802485,137.25,25
1719463803243,136.95,25
1719463804651,137.6,25
1719463804651,137.6,25
1719463804651,137.6,25
1719463804651,137.6,25
1719463808617,137.55,200
1719463808617,137.55,200
1719463810740,137.9,75
1719463810861,138.3,125
1719463811075,138.2,25
1719463811075,138.2,25
1719463811075,138.2,25
1719463813149,138.5,175
1719463813931,139.0,450
1719463813931,139.0,450
1719463813931,139.0,450
1719463816859,139.2,25
1719463816859,139.2,25
1719463818864,138.2,50
1719463818864,138.2,50
1719463820102,137.85,25
1719463820102,137.85,25
1719463820102,137.85,25
1719463824546,138.7,25
1719463824546,138.7,25
1719463826695,138.55,25
1719463827642,138.05,25
1719463827642,138.05,25
1719463828881,138.0,625
1719463828881,138.0,625
1719463829903,137.7,50
1719463830100,137.0,275
1719463830100,137.0,275
1719463832655,138.45,25
1719463832655,138.45,25
1719463833949,138.1,25
1719463833949,138.1,25
1719463833949,138.1,25
1719463837273,137.6,25
1719463837273,137.6,25
1719463837273,137.6,25
1719463839993,137.7,100
1719463841002,137.4,25
1719463841002,137.4,25
1719463841917,137.0,25
1719463842607,137.2,50
1719463842607,137.2,50
1719463843512,136.55,50
1719463843512,136.55,50
1719463845381,137.05,50
1719463845381,137.05,50
1719463847606,136.95,50
1719463847606,136.95,50
1719463848079,137.0,100
1719463848079,137.0,100
1719463848079,137.0,100
1719463848079,137.0,100
1719463848079,137.0,100
1719463856127,136.65,175
1719463856127,136.65,175
1719463856957,136.7,25
1719463856957,136.7,25
1719463858889,137.95,275
1719463859375,138.1,50
1719463859375,138.1,50
1719463860705,138.2,25
1719463860705,138.2,25
1719463860705,138.2,25
1719463861550,138.0,225
1719463862897,138.7,150
1719463863120,138.65,25
1719463863838,138.15,25
1719463864553,138.2,25
1719463864553,138.2,25
1719463865943,137.75,25
1719463866166,137.45,25
1719463866166,137.45,25
1719463866166,137.45,25
1719463866166,137.45,25
1719463871272,138.2,75
1719463872756,138.55,25
1719463872756,138.55,25
1719463872756,138.55,25
1719463876207,137.75,25
1719463876207,137.75,25
1719463876207,137.75,25
1719463878707,138.7,75
1719463878707,138.7,75
1719463878707,138.7,75
1719463881767,138.55,25
1719463882977,139.05,25
1719463882977,139.05,25
1719463882977,139.05,25
1719463882977,139.05,25
1719463887248,139.45,150
1719463888030,139.05,25
1719463888148,139.15,25
1719463888845,138.7,150
1719463888845,138.7,150
1719463888845,138.7,150
1719463888845,138.7,150
1719463892475,138.85,50
1719463892475,138.85,50
1719463892475,138.85,50
1719463896218,137.85,50
1719463896218,137.85,50
1719463896544,137.05,25
1719463896544,137.05,25
1719463898223,137.6,50
1719463899016,138.0,100
1719463899016,138.0,100
1719463899016,138.0,100
1719463901943,138.6,50
1719463901943,138.6,50
1719463903292,139.05,275
1719463903955,138.85,100
1719463903955,138.85,100
1719463905044,138.4,25
1719463905383,138.55,125
1719463905383,138.55,125
1719463906650,138.55,100
1719463906650,138.55,100
1719463909238,138.75,25
1719463909238,138.75,25
1719463909238,138.75,25
1719463909238,138.75,25
1719463913689,139.1,450
1719463913689,139.1,450
1719463915579,139.1,100
1719463915579,139.1,100
1719463916719,139.2,50
1719463916719,139.2,50
1719463918732,138.8,125
1719463918973,138.5,100
1719463919158,138.8,50
1719463919158,138.8,50
1719463921000,138.35,300
1719463921396,138.0,25
1719463921396,138.0,25
1719463921396,138.0,25
1719463921396,138.0,25
1719463921396,138.0,25
1719463927296,137.85,25
1719463927296,137.85,25
1719463929626,138.2,50
1719463929626,138.2,50
1719463929626,138.2,50
1719463933376,139.0,250
1719463934241,139.05,100
1719463934709,139.2,25
1719463934709,139.2,25
1719463935496,140.2,75
1719463935496,140.2,75
1719463936858,139.05,50
1719463936858,139.05,50
1719463939033,138.8,25
1719463939033,138.8,25
1719463939033,138.8,25
1719463939033,138.8,25
1719463944474,138.5,25
1719463944474,138.5,25
1719463946400,138.7,25
1719463946400,138.7,25
1719463947355,138.5,25
1719463947355,138.5,25
1719463947355,138.5,25
1719463950440,137.8,100
1719463950440,137.8,100
1719463950945,138.0,150
1719463950945,138.0,150
1719463950945,138.0,150
1719463950945,138.0,150
1719463955949,137.55,25
1719463955949,137.55,25
1719463956897,137.0,25
1719463956897,137.0,25
1719463958380,137.2,25
1719463959349,136.85,200
1719463959349,136.85,200
1719463960445,136.5,25
1719463960445,136.5,25
1719463961617,136.5,25
1719463961761,136.7,25
1719463961761,136.7,25
1719463961761,136.7,25
1719463961761,136.7,25
1719463966892,137.5,150
1719463968035,138.1,150
1719463968035,138.1,150
1719463969040,137.65,25
1719463969040,137.65,25
1719463971640,137.2,25
1719463971640,137.2,25
1719463973575,137.0,50
1719463973575,137.0,50
1719463973575,137.0,50
1719463977623,137.05,25
1719463977623,137.05,25
1719463979024,137.75,75
1719463979334,137.95,25
1719463980021,138.2,150
1719463980132,138.4,25
1719463980894,137.85,25
1719463980894,137.85,25
1719463983003,137.75,25
1719463983003,137.75,25
1719463983003,137.75,25
1719463983003,137.75,25
1719463983003,137.75,25
1719463983003,137.75,25
1719463991268,137.65,25
1719463991268,137.65,25
1719463992733,137.45,25
1719463992733,137.45,25
1719463993612,137.0,175
1719463993756,136.7,25
1719463993756,136.7,25
1719463994966,136.95,50
1719463994966,136.95,50
1719463994966,136.95,50
1719463994966,136.95,50
1719464000755,135.65,25
1719464001051,135.95,25
1719464001664,136.05,150
1719464001757,135.75,25
1719464002762,136.3,25
1719464002762,136.3,25
1719464004763,135.75,25
1719464005059,135.6,25
1719464005939,135.4,25
1719464006354,135.2,25
1719464006874,135.55,25
1719464006874,135.55,25
1719464006874,135.55,25
1719464010628,135.7,150
1719464010628,135.7,150
1719464010896,135.7,100
1719464010896,135.7,100
1719464010896,135.7,100
1719464014564,135.0,25
1719464014564,135.0,25
1719464014564,135.0,25
1719464017013,134.95,25
1719464017455,135.5,25
1719464017455,135.5,25
1719464017455,135.5,25
1719464021463,136.35,25
1719464021463,136.35,25
1719464021799,136.45,300
1719464021799,136.45,300
1719464024598,136.05,100
1719464024598,136.05,100
1719464024598,136.05,100
1719464024598,136.05,100
1719464024598,136.05,100
1719464024598,136.05,100
1719464024598,136.05,100
1719464034096,135.05,50
1719464034096,135.05,50
1719464034096,135.05,50
1719464034096,135.05,50
1719464039390,134.0,25
1719464039859,134.1,50
1719464039859,134.1,50
1719464039859,134.1,50
1719464039859,134.1,50
1719464041737,133.95,25
1719464042854,134.1,25
1719464042854,134.1,25
1719464042854,134.1,25
1719464046529,133.85,250
1719464046529,133.85,250
1719464046529,133.85,250
1719464048566,133.85,250
1719464049065,133.6,50
1719464049201,133.9,25
1719464050074,133.8,25
1719464050461,133.65,50
1719464050461,133.65,50
1719464050461,133.65,50
1719464053659,133.1,125
1719464054178,134.05,50
1719464054178,134.05,50
1719464055370,134.55,75
1719464056421,135.0,25
1719464057345,135.45,25
1719464057345,135.45,25
1719464058683,134.75,25
1719464058952,134.9,25
1719464059911,134.6,25
1719464059911,134.6,25
1719464059911,134.6,25
1719464059911,134.6,25
1719464064046,133.5,100
1719464064965,133.1,25
1719464064965,133.1,25
1719464064965,133.1,25
1719464066774,133.0,25
1719464067288,133.35,25
1719464067886,133.85,150
1719464067886,133.85,150
1719464067886,133.85,150
1719464067886,133.85,150
1719464067886,133.85,150
1719464073162,133.3,25
1719464073162,133.3,25
1719464075476,133.2,25
1719464075476,133.2,25
1719464076851,133.0,25
1719464077426,133.5,175
1719464077426,133.5,175
1719464078998,133.25,50
1719464078998,133.25,50
1719464081299,133.35,25
1719464081299,133.35,25
1719464083262,133.15,100
1719464084385,132.3,25
1719464084385,132.3,25
1719464085707,132.85,75
1719464085707,132.85,75
1719464085707,132.85,75
1719464089949,132.35,25
1719464089949,132.35,25
1719464089949,132.35,25
1719464092357,133.1,150
1719464092357,133.1,150
1719464094278,135.05,25
1719464094278,135.05,25
1719464095374,134.7,100
1719464096581,134.9,200
1719464096581,134.9,200
1719464096581,134.9,200
1719464096581,134.9,200
1719464100314,134.15,75
1719464100314,134.15,75
1719464100314,134.15,75
1719464100314,134.15,75
1719464100314,134.15,75
1719464106570,134.35,25
1719464106570,134.35,25
1719464107421,134.1,25
1719464108220,134.15,25
1719464109062,134.05,50
1719464109736,133.9,25
1719464109736,133.9,25
1719464112716,134.25,100
1719464113241,133.95,250
1719464113241,133.95,250
1719464113241,133.95,250
1719464113241,133.95,250
1719464117382,133.9,25
1719464117382,133.9,25
1719464117382,133.9,25
1719464117382,133.9,25
1719464123153,134.75,25
1719464123153,134.75,25
1719464123153,134.75,25
1719464123153,134.75,25
1719464123153,134.75,25
1719464123153,134.75,25
1719464131308,134.45,125
1719464131308,134.45,125
1719464132544,133.8,25
1719464132544,133.8,25
1719464134073,134.05,25
1719464134073,134.05,25
1719464134073,134.05,25
1719464134073,134.05,25
1719464139239,133.2,50
1719464140066,133.0,50
1719464140786,133.45,75
1719464141679,133.0,50
1719464141679,133.0,50
1719464142487,133.5,50
1719464144706,134.65,50
1719464144706,134.65,50
1719464146093,135.0,50
1719464146093,135.0,50
1719464146093,135.0,50
1719464146093,135.0,50
1719464150466,134.55,25
1719464150466,134.55,25
1719464152062,134.9,25
1719464152478,135.0,100
1719464152478,135.0,100
1719464152478,135.0,100
1719464155691,134.05,50
1719464155691,134.05,50
1719464158124,133.85,25
1719464158124,133.85,25
1719464159453,134.0,150
1719464160140,133.85,50
1719464160140,133.85,50
1719464160140,133.85,50
1719464160140,133.85,50
1719464160140,133.85,50
1719464160140,133.85,50
1719464166862,134.95,25
1719464166862,134.95,25
1719464169298,135.2,50
1719464169298,135.2,50
1719464170777,135.35,50
1719464170777,135.35,50
1719464173528,136.1,150
1719464173673,135.5,50
1719464173673,135.5,50
1719464175837,135.5,50
1719464175837,135.5,50
1719464175837,135.5,50
1719464178661,134.95,25
1719464178661,134.95,25
1719464180929,135.5,150
1719464180929,135.5,150
1719464182672,135.5,50
1719464182672,135.5,50
1719464183606,136.1,150
1719464183606,136.1,150
1719464185536,135.9,225
1719464185536,135.9,225
1719464188153,135.7,25
1719464188469,135.2,25
1719464188708,135.1,25
1719464188708,135.1,25
1719464190318,135.85,75
1719464190318,135.85,75
1719464190318,135.85,75
1719464192061,134.9,25
1719464192423,135.0,25
1719464192423,135.0,25
1719464192423,135.0,25
1719464196054,135.6,25
1719464196586,136.0,550
1719464196586,136.0,550
1719464198127,136.0,775
1719464198127,136.0,775
1719464199100,135.85,50
1719464199100,135.85,50
1719464201018,135.0,550
1719464201018,135.0,550
1719464202760,134.4,25
1719464202760,134.4,25
1719464203617,134.45,25
1719464204452,134.85,25
1719464205108,134.85,25
1719464205648,134.75,25
1719464205648,134.75,25
1719464205648,134.75,25
1719464209095,135.7,25
1719464210199,136.0,1200
1719464210199,136.0,1200
1719464210199,136.0,1200
1719464210199,136.0,1200
1719464210199,136.0,1200
1719464216087,135.3,25
1719464216087,135.3,25
1719464216087,135.3,25
1719464218974,137.1,25
1719464219026,137.15,150
1719464219026,137.15,150
1719464220392,138.0,250
1719464220623,137.65,100
1719464220623,137.65,100
1719464220623,137.65,100
1719464222843,137.8,25
1719464222843,137.8,25
1719464222843,137.8,25
1719464225924,138.1,100
1719464226077,138.5,175
1719464226077,138.5,175
1719464228307,139.05,75
1719464228577,138.95,50
1719464228806,139.7,50
1719464229382,139.15,100
1719464229382,139.15,100
1719464232002,140.0,25
1719464232002,140.0,25
1719464232753,139.65,100
1719464233447,139.75,25
1719464233447,139.75,25
1719464235135,140.0,75
1719464236211,139.9,50
1719464236537,140.0,75
1719464236537,140.0,75
1719464237951,140.35,125
1719464238452,140.05,25
1719464238452,140.05,25
1719464240219,140.2,50
1719464240418,139.65,50
1719464240418,139.65,50
1719464242198,139.4,25
1719464242880,139.25,50
1719464242880,139.25,50
1719464244076,139.95,25
1719464245120,140.0,100
1719464245120,140.0,100
1719464246830,141.0,25
1719464246966,141.0,50
1719464247114,141.0,50
1719464248220,141.35,50
1719464248220,141.35,50
1719464248763,142.25,25
1719464250205,141.6,25
1719464250546,141.0,25
1719464250759,142.2,25
1719464251317,142.75,100
1719464251317,142.75,100
1719464252589,142.2,275
1719464252589,142.2,275
1719464253742,142.9,50
1719464253845,143.2,25
1719464254485,143.3,25
1719464255823,142.75,25
1719464256970,142.5,25
1719464257142,142.15,25
1719464257943,143.0,25
1719464258622,143.0,675
1719464258622,143.0,675
1719464260053,142.5,25
1719464260053,142.5,25
1719464261303,142.45,100
1719464261303,142.45,100
1719464263184,143.0,50
1719464263184,143.0,50
1719464263184,143.0,50
1719464266500,143.45,25
1719464267063,142.65,50
1719464267063,142.65,50
1719464267968,143.0,375
1719464268593,143.1,25
1719464268593,143.1,25
1719464269635,143.0,25
1719464269635,143.0,25
1719464271460,142.8,50
1719464272037,143.0,25
1719464272037,143.0,25
1719464272037,143.0,25
1719464272037,143.0,25
1719464275577,142.65,25
1719464275922,143.0,25
1719464276943,143.35,50
1719464276943,143.35,50
1719464276943,143.35,50
1719464278983,142.6,200
1719464279920,141.75,25
1719464279920,141.75,25
1719464279920,141.75,25
1719464281972,143.0,75
1719464281972,143.0,75
1719464281972,143.0,75
1719464284241,142.65,25
1719464285278,143.35,25
1719464285278,143.35,25
1719464285812,143.0,25
1719464285812,143.0,25
1719464285812,143.0,25
1719464290172,142.9,50
1719464290172,142.9,50
1719464292040,144.0,25
1719464292120,144.45,75
1719464292236,145.0,50
1719464293187,144.9,25
1719464293617,144.6,25
1719464293877,144.7,25
1719464294879,145.1,1000
1719464294879,145.1,1000
1719464296775,144.5,25
1719464296775,144.5,25
1719464297698,144.5,50
1719464297995,144.15,25
1719464298461,144.4,25
1719464298461,144.4,25
1719464299658,144.5,25
1719464299658,144.5,25
1719464301186,143.95,50
1719464301569,144.25,50
1719464301569,144.25,50
1719464303369,143.85,50
1719464303633,144.4,50
1719464303633,144.4,50
1719464304993,144.3,50
1719464305484,144.25,250
1719464305484,144.25,250
1719464306889,143.75,75
1719464306889,143.75,75
1719464308092,144.7,150
1719464308700,144.65,25
1719464309115,145.0,25
1719464309616,145.35,25
1719464310495,146.35,50
1719464310625,146.3,100
1719464310625,146.3,100
1719464311789,145.7,75
1719464312193,145.6,25
1719464313387,145.65,25
1719464313387,145.65,25
1719464314349,147.45,300
1719464314349,147.45,300
1719464316620,147.25,25
1719464317068,147.5,50
1719464317068,147.5,50
1719464318082,147.8,25
1719464318443,147.6,50
1719464318443,147.6,50
1719464320427,148.35,25
1719464321299,147.55,25
1719464321854,147.8,100
1719464323237,147.7,25
1719464323664,148.4,25
1719464324159,148.3,25
1719464324773,148.5,50
1719464324773,148.5,50
1719464325765,147.25,100
1719464327027,147.9,25
1719464327242,147.6,25
1719464327376,146.75,125
1719464328421,146.4,100
1719464329441,145.7,125
1719464330247,145.35,250
1719464330511,146.25,50
1719464330922,146.5,25
1719464330922,146.5,25
1719464333173,147.55,75
1719464333173,147.55,75
1719464334008,146.95,25
1719464335415,146.85,25
1719464336065,146.85,25
1719464337067,146.85,25
1719464337067,146.85,25
1719464338597,147.4,25
1719464338597,147.4,25
1719464338855,147.15,25
1719464338855,147.15,25
1719464338855,147.15,25
1719464338855,147.15,25
1719464338855,147.15,25
1719464344379,146.5,25
1719464345128,147.1,175
1719464345552,147.45,25
1719464345552,147.45,25
1719464347179,147.45,50
1719464347523,147.6,25
1719464347523,147.6,25
1719464347523,147.6,25
1719464350658,148.05,50
1719464351310,147.7,100
1719464351310,147.7,100
1719464352396,147.4,100
1719464353006,147.75,25
1719464353006,147.75,25
1719464354363,147.05,150
1719464354363,147.05,150
1719464354363,147.05,150
1719464358549,146.6,50
1719464358549,146.6,50
1719464359863,146.85,50
1719464360238,147.25,75
1719464360238,147.25,75
1719464361427,147.95,75
1719464361986,148.0,100
1719464362691,147.55,25
1719464362691,147.55,25
1719464365140,147.45,25
1719464365140,147.45,25
1719464366358,147.5,25
1719464366859,147.8,50
1719464366859,147.8,50
1719464367296,147.1,25
1719464368338,146.9,25
1719464368338,146.9,25
1719464369797,147.2,25
1719464369797,147.2,25
1719464369797,147.2,25
1719464371579,147.1,100
1719464371579,147.1,100
1719464372961,147.4,25
1719464373201,147.85,50
1719464373201,147.85,50
1719464375186,147.85,25
1719464375186,147.85,25
1719464376997,147.6,150
1719464376997,147.6,150
1719464377775,147.55,25
1719464377775,147.55,25
1719464377775,147.55,25
1719464381498,147.1,25
1719464381498,147.1,25
1719464381498,147.1,25
1719464382691,147.6,50
1719464383676,146.9,25
1719464384089,146.0,625
1719464385209,146.15,150
1719464385209,146.15,150
1719464385895,145.65,175
1719464385895,145.65,175
1719464387444,146.05,50
1719464388258,146.2,50
1719464388258,146.2,50
1719464389346,146.8,25
1719464389346,146.8,25
1719464391228,146.95,25
1719464391947,146.8,25
1719464391947,146.8,25
1719464392608,146.1,50
1719464392608,146.1,50
1719464395102,146.3,25
1719464395102,146.3,25
1719464395102,146.3,25
1719464395102,146.3,25
1719464395102,146.3,25
1719464400777,146.45,100
1719464401083,146.55,75
1719464401947,145.65,100
1719464403384,146.55,50
1719464403384,146.55,50
1719464404367,146.35,25
1719464405092,146.75,25
1719464405092,146.75,25
1719464406721,147.7,100
1719464406721,147.7,100
1719464408797,147.25,100
1719464409515,147.0,25
1719464409515,147.0,25
1719464410943,146.75,125
1719464410943,146.75,125
1719464412347,146.45,25
1719464412347,146.45,25
1719464412347,146.45,25
1719464416142,146.65,25
1719464416142,146.65,25
1719464417557,146.5,50
1719464418050,146.5,50
1719464418050,146.5,50
1719464419070,146.9,50
1719464419070,146.9,50
1719464421872,146.65,50
1719464421872,146.65,50
1719464422125,146.65,25
1719464422125,146.65,25
1719464424130,146.4,25
1719464424130,146.4,25
1719464426362,146.8,25
1719464426362,146.8,25
1719464427339,146.65,50
1719464427646,147.0,100
1719464428618,146.55,25
1719464428618,146.55,25
1719464429527,147.4,50
1719464429527,147.4,50
1719464430682,146.85,75
1719464431331,146.7,25
1719464431331,146.7,25
1719464433453,146.95,300
1719464433937,146.85,75
1719464434289,147.2,50
1719464434289,147.2,50
1719464435736,147.7,25
1719464435736,147.7,25
1719464437805,147.95,25
1719464438049,148.15,25
1719464438049,148.15,25
1719464439461,147.9,100
1719464439461,147.9,100
1719464440914,148.35,50
1719464440914,148.35,50
1719464442483,148.05,50
1719464443348,147.8,25
1719464443914,147.4,25
1719464443914,147.4,25
1719464445138,147.55,175
1719464445543,147.5,25
1719464446258,147.35,625
1719464446625,147.7,25
1719464447336,146.95,150
1719464448173,146.7,25
1719464448173,146.7,25
1719464449326,147.0,125
1719464449667,147.0,200
1719464449667,147.0,200
1719464451723,147.35,25
1719464451875,147.1,25
1719464451875,147.1,25
1719464453627,146.3,150
1719464453627,146.3,150
1719464454523,146.45,150
1719464454780,146.15,25
1719464455551,146.3,25
1719464455551,146.3,25
1719464457081,146.35,25
1719464457081,146.35,25
1719464458907,146.35,100
1719464458907,146.35,100
1719464460883,145.6,25
1719464461310,145.55,25
1719464462080,145.45,50
1719464462080,145.45,50
1719464463095,144.3,50
1719464463660,143.9,25
1719464463660,143.9,25
1719464464841,144.2,75
1719464464841,144.2,75
1719464466066,144.0,25
1719464466822,144.85,75
1719464466822,144.85,75
1719464466822,144.85,75
1719464469343,144.05,125
1719464469728,144.6,25
1719464469728,144.6,25
1719464472257,144.55,25
1719464473262,144.6,25
1719464473776,145.0,25
1719464474039,145.9,50
1719464474039,145.9,50
1719464474039,145.9,50
1719464478956,144.25,50
1719464478956,144.25,50
1719464479913,144.3,25
1719464479958,144.65,25
1719464480514,144.2,25
1719464481344,143.55,25
1719464482198,144.0,75
1719464483628,143.95,25
1719464483628,143.95,25
1719464484905,144.75,125
1719464485071,144.85,25
1719464485071,144.85,25
1719464485071,144.85,25
1719464488177,143.7,200
1719464488177,143.7,200
1719464490376,143.8,25
1719464490376,143.8,25
1719464490376,143.8,25
1719464493583,143.5,25
1719464493583,143.5,25
1719464493583,143.5,25
1719464496405,144.2,25
1719464496405,144.2,25
1719464498531,144.0,25
1719464498531,144.0,25
1719464499498,145.0,250
1719464500631,145.55,25
1719464500631,145.55,25
1719464500834,144.9,50
1719464501579,144.8,25
1719464501579,144.8,25
1719464503345,144.5,25
1719464503345,144.5,25
1719464503345,144.5,25
1719464506108,144.0,25
1719464506108,144.0,25
1719464506108,144.0,25
1719464509739,144.05,125
1719464509739,144.05,125
1719464509739,144.05,125
1719464513070,143.5,25
1719464513070,143.5,25
1719464513070,143.5,25
1719464517098,143.25,25
1719464517098,143.25,25
1719464517570,143.65,50
1719464518184,143.25,25
1719464518846,143.5,50
1719464518846,143.5,50
1719464518846,143.5,50
1719464518846,143.5,50
1719464521510,143.0,1225
1719464522219,142.3,100
1719464523263,141.7,25
1719464523959,140.4,25
1719464524578,140.25,25
1719464525487,141.1,100
1719464525487,141.1,100
1719464528118,142.1,50
1719464529032,141.5,325
1719464529032,141.5,325
1719464529189,141.55,25
1719464529189,141.55,25
1719464530905,141.4,125
1719464531822,141.75,100
1719464532054,141.9,50
1719464532054,141.9,50
1719464533005,141.3,25
1719464533904,141.35,25
1719464533904,141.35,25
1719464535239,140.8,25
1719464535239,140.8,25
1719464535239,140.8,25
1719464538558,140.55,25
1719464538878,140.9,100
1719464539364,141.4,50
1719464539364,141.4,50
1719464541182,140.9,25
1719464541182,140.9,25
1719464543848,140.65,25
1719464545531,140.0,25
1719464545531,140.0,25
1719464545531,140.0,25
1719464548530,139.85,125
1719464548530,139.85,125
1719464550328,139.5,25
1719464550328,139.5,25
1719464550328,139.5,25
1719464550875,139.15,200
1719464551626,138.35,25
1719464551626,138.35,25
1719464553592,139.25,50
1719464553871,138.9,100
1719464554171,139.05,25
1719464555605,139.65,25
1719464556097,139.85,50
1719464556605,140.0,150
1719464556605,140.0,150
1719464559163,139.65,50
1719464560558,139.95,25
1719464560558,139.95,25
1719464560558,139.95,25
1719464564932,139.0,25
1719464564932,139.0,25
1719464566028,139.15,75
1719464566028,139.15,75
1719464566028,139.15,75
1719464569168,138.7,125
1719464569168,138.7,125
1719464569168,138.7,125
1719464569168,138.7,125
1719464575401,139.3,100
1719464575421,139.4,75
1719464576085,138.6,150
1719464577148,138.65,50
1719464577148,138.65,50
1719464577673,139.4,50
1719464578576,139.3,100
1719464578576,139.3,100
1719464580049,139.05,225
1719464580049,139.05,225
1719464580049,139.05,225
1719464580998,139.2,25
1719464580998,139.2,25
1719464582699,139.0,25
1719464582699,139.0,25
1719464582699,139.0,25
1719464585991,138.9,75
1719464585991,138.9,75
1719464588372,138.95,100
1719464588881,137.8,25
1719464589569,137.25,500
1719464590575,137.0,50
1719464590742,136.5,1500
1719464591249,135.25,25
1719464592215,134.35,100
1719464592215,134.35,100
1719464593519,134.25,250
1719464593860,133.95,75
1719464593860,133.95,75
1719464595184,135.05,75
1719464595184,135.05,75
1719464596402,134.2,25
1719464597240,135.0,25
1719464597633,134.7,25
1719464597633,134.7,25
1719464599807,132.85,50
1719464600055,133.65,50
1719464600055,133.65,50
1719464601804,130.5,25
1719464602193,130.0,25
1719464602730,130.15,25
1719464603529,129.8,25
1719464604192,129.6,100
1719464604360,130.05,50
1719464605278,129.7,25
1719464605278,129.7,25
1719464606248,130.1,300
1719464607071,127.95,25
1719464608168,126.55,300
1719464609140,125.95,50
1719464609140,125.95,50
1719464610133,123.65,50
1719464610700,125.1,125
1719464610700,125.1,125
1719464611778,121.7,200
1719464611927,119.4,25
1719464612324,119.35,50
1719464612324,119.35,50
1719464612324,119.35,50
1719464613000,113.3,300
1719464613406,111.35,75
1719464613754,109.15,25
1719464613925,111.75,25
1719464613925,111.75,25
1719464614835,113.2,50
1719464614835,113.2,50
1719464615813,115.5,25
1719464617214,118.5,375
1719464618681,119.1,150
1719464621755,120.4,400
1719464622441,119.65,100
1719464623363,121.7,25
1719464624006,121.8,25
1719464624371,121.6,50
1719464625396,123.6,200
1719464625803,123.6,475
1719464626081,123.4,475
1719464626806,123.25,725
1719464628327,123.6,100
1719464629207,126.1,200
1719464629346,126.2,75
1719464630341,126.55,25
1719464630341,126.55,25
1719464631082,125.95,75
1719464631082,125.95,75
1719464632934,124.9,50
1719464633170,125.5,25
1719464634058,123.75,150
1719464634284,123.55,400
1719464635330,122.45,100
1719464635813,120.85,25
1719464636319,120.4,75
1719464637301,119.4,50
1719464638203,121.05,50
1719464639218,120.45,75
1719464639716,121.5,50
1719464640033,121.45,25
1719464640755,121.25,25
1719464641519,120.5,400
1719464641739,120.55,25
1719464641739,120.55,25
1719464643555,121.5,25
1719464643998,122.35,25
1719464644353,121.75,50
1719464645287,122.65,75
1719464645554,122.45,450
1719464646379,122.15,200
1719464647203,124.65,25
1719464647203,124.65,25
1719464648305,125.05,450
1719464648608,125.5,50
1719464649333,125.4,25
1719464650268,124.05,50
1719464651162,123.1,25
1719464652124,123.15,100
1719464652605,123.2,250
1719464654150,122.35,50
1719464654150,122.35,50
1719464655239,123.25,250
1719464655239,123.25,250
1719464656447,122.65,50
1719464656447,122.65,50
1719464658048,123.25,25
1719464658616,122.5,50
1719464658965,123.85,125
1719464659441,124.1,25
1719464660294,125.4,25
1719464660826,125.75,25
1719464661310,125.0,25
1719464662161,124.55,25
1719464662161,124.55,25
1719464663440,123.55,25
1719464663808,123.75,75
1719464664613,122.55,75
1719464665669,124.0,25
1719464666822,123.45,50
1719464666822,123.45,50
1719464667684,124.05,100
1719464667684,124.05,100
1719464670560,125.05,75
1719464670835,124.8,250
1719464670835,124.8,250
1719464671893,125.3,50
1719464673211,124.95,25
1719464674124,125.2,275
1719464674124,125.2,275
1719464675778,125.9,25
1719464676367,124.8,350
1719464677124,125.35,50
1719464678348,125.4,50
1719464679021,124.85,25
1719464679021,124.85,25
1719464679855,124.25,50
1719464679855,124.25,50
1719464680997,123.7,50
1719464682192,124.55,25
1719464682192,124.55,25
1719464683023,124.05,25
1719464683023,124.05,25
1719464684531,125.05,50
1719464684531,125.05,50
1719464686217,124.8,75
1719464686217,124.8,75
1719464687768,123.3,100
1719464688088,122.7,25
1719464688881,124.35,75
1719464688881,124.35,75
1719464690199,123.75,75
1719464690199,123.75,75
1719464691415,122.6,25
1719464691415,122.6,25
1719464692997,122.9,25
1719464694251,122.0,25
1719464694398,121.55,50
1719464695653,121.1,75
1719464695653,121.1,75
1719464697070,121.25,50
1719464697070,121.25,50
1719464698621,120.85,25
1719464699297,120.25,75
1719464699616,120.0,25
1719464700556,119.85,50
1719464700821,119.6,50
1719464701295,119.05,25
1719464701972,118.55,75
1719464702819,119.2,200
1719464703315,119.1,175
1719464703915,119.2,125
1719464704365,118.8,25
1719464705186,118.8,25
1719464705729,120.0,100
1719464706658,119.85,50
1719464707412,119.25,75
1719464707412,119.25,75
1719464708321,119.2,25
1719464708999,120.05,250
1719464708999,120.05,250
1719464710330,120.55,25
1719464710752,120.65,25
1719464711017,120.45,25
1719464712191,121.2,50
1719464712535,121.85,25
1719464713008,120.5,25
1719464714134,120.65,25
1719464714507,121.55,25
1719464715626,122.95,50
1719464715903,122.5,25
1719464716084,122.25,75
1719464717184,122.25,200
1719464717184,122.25,200
1719464718724,121.6,25
1719464719009,122.0,100
1719464719009,122.0,100
1719464720785,121.7,100
1719464721550,121.2,25
1719464721550,121.2,25
1719464722994,120.0,25
1719464723825,119.8,25
1719464723983,120.15,200
1719464723983,120.15,200
1719464725658,120.0,25
1719464725658,120.0,25
1719464726661,119.2,25
1719464727231,119.65,50
1719464728523,119.0,150
1719464729006,118.45,25
1719464729006,118.45,25
1719464729835,119.65,50
1719464729835,119.65,50
1719464731169,119.65,25
1719464731169,119.65,25
1719464732802,119.7,25
1719464733165,120.4,25
1719464733165,120.4,25
1719464735207,120.35,25
1719464735465,120.6,25
1719464735577,120.4,25
1719464735577,120.4,25
1719464735577,120.4,25
1719464735577,120.4,25
1719464740601,120.55,25
1719464740601,120.55,25
1719464741183,121.25,250
1719464742118,120.7,50
1719464742595,120.35,175
1719464742595,120.35,175
1719464742595,120.35,175
1719464744455,120.75,100
1719464745293,120.35,25
1719464745293,120.35,25
1719464745293,120.35,25
1719464745293,120.35,25
1719464749446,122.05,25
1719464750781,121.9,150
1719464750781,121.9,150
1719464751244,122.05,25
1719464751244,122.05,25
1719464754155,122.45,200
1719464754155,122.45,200
1719464754468,122.6,25
1719464754669,122.1,25
1719464755875,123.05,75
1719464756455,123.4,25
1719464757183,123.35,50
1719464758846,123.8,50
1719464759205,123.45,25
1719464759205,123.45,25
1719464759546,124.0,25
1719464759546,124.0,25
1719464759546,124.0,25
1719464761652,123.55,50
1719464762561,121.2,150
1719464762848,122.3,150
1719464763432,122.35,75
1719464764044,122.25,25
1719464764044,122.25,25
1719464764676,122.0,75
1719464765753,121.0,25
1719464765753,121.0,25
1719464765753,121.0,25
1719464768070,121.55,25
1719464768264,121.3,25
1719464768970,122.0,25
1719464768970,122.0,25
1719464770244,123.7,100
1719464770244,123.7,100
1719464771621,124.15,50
1719464772208,123.5,50
1719464772208,123.5,50
1719464772699,124.0,150
1719464774241,123.6,25
1719464774241,123.6,25
1719464775335,123.25,25
1719464775335,123.25,25
1719464775335,123.25,25
1719464778637,122.6,25
1719464778637,122.6,25
1719464778637,122.6,25
1719464782316,122.35,75
1719464783375,122.25,75
1719464783375,122.25,75
1719464783375,122.25,75
1719464786862,125.0,75
1719464786862,125.0,75
1719464786862,125.0,75
1719464789978,124.7,25
1719464789978,124.7,25
1719464791058,124.05,175
1719464791058,124.05,175
1719464792805,122.45,75
1719464794252,123.35,25
1719464794252,123.35,25
1719464794252,123.35,25
1719464796140,122.7,125
1719464796140,122.7,125
1719464798499,123.85,25
1719464799134,124.55,75
1719464799134,124.55,75
1719464800420,124.4,25
1719464800870,124.25,125
1719464800870,124.25,125
1719464802303,124.0,50
1719464802566,124.4,100
1719464802566,124.4,100
1719464803976,124.2,200
1719464803976,124.2,200
1719464805665,124.2,50
1719464805731,124.35,150
1719464805731,124.35,150
1719464805731,124.35,150
1719464807844,125.15,25
1719464807844,125.15,25
1719464810304,124.0,25
1719464810304,124.0,25
1719464810304,124.0,25
1719464812711,123.55,25
1719464813751,123.3,75
1719464814088,123.3,100
1719464814353,123.3,1000
1719464814353,123.3,1000
1719464817319,122.9,50
1719464817319,122.9,50
1719464817319,122.9,50
1719464817319,122.9,50
1719464817319,122.9,50
1719464822479,124.65,450
1719464823396,124.25,75
1719464823396,124.25,75
1719464824495,123.25,75
1719464825390,123.05,150
1719464825390,123.05,150
1719464826774,122.45,25
1719464826774,122.45,25
1719464827968,123.0,25
1719464827968,123.0,25
1719464829637,124.65,25
1719464830566,126.0,25
1719464830566,126.0,25
1719464831196,126.55,475
1719464831196,126.55,475
1719464831196,126.55,475
1719464835009,126.5,25
1719464835281,126.4,25
1719464835832,125.35,100
1719464835832,125.35,100
1719464837503,125.15,275
1719464837503,125.15,275
1719464837503,125.15,275
1719464840657,125.55,25
1719464840657,125.55,25
1719464840657,125.55,25
1719464843470,126.55,100
1719464843811,127.0,25
1719464843811,127.0,25
1719464843811,127.0,25
1719464843811,127.0,25
1719464848932,126.85,75
1719464849421,127.0,200
1719464849421,127.0,200
1719464849421,127.0,200
1719464849421,127.0,200
1719464852789,127.0,100
1719464853762,127.0,25
1719464854123,127.55,75
1719464854123,127.55,75
1719464854123,127.55,75
1719464856453,127.65,50
1719464856453,127.65,50
1719464857911,128.45,150
1719464859330,128.25,75
1719464859330,128.25,75
1719464859330,128.25,75
1719464860123,128.05,50
1719464860123,128.05,50
1719464862190,126.9,350
1719464862190,126.9,350
1719464862855,127.4,50
1719464864003,125.8,75
1719464864394,126.0,25
1719464864394,126.0,25
1719464865779,126.85,25
1719464865779,126.85,25
1719464866407,126.8,25
1719464867213,127.45,50
1719464867213,127.45,50
1719464868582,128.25,650
1719464868582,128.25,650
1719464870968,128.45,25
1719464872029,128.15,50
1719464872234,128.0,25
1719464872234,128.0,25
1719464873885,128.5,25
1719464874486,129.1,25
1719464874486,129.1,25
1719464875802,128.65,25
1719464875802,128.65,25
1719464876606,129.4,100
1719464877122,129.3,1000
1719464877122,129.3,1000
1719464878943,128.25,150
1719464879298,127.95,125
1719464880024,127.45,150
1719464880024,127.45,150
1719464880024,127.45,150
1719464880024,127.45,150
1719464880024,127.45,150
1719464880024,127.45,150
1719464886493,126.4,25
1719464886923,126.8,150
1719464886923,126.8,150
1719464886923,126.8,150
1719464890321,127.15,25
1719464890321,127.15,25
1719464891578,126.65,75
1719464892769,125.65,25
1719464893002,126.05,25
1719464894322,125.0,25
1719464894322,125.0,25
1719464897058,125.4,275
1719464897348,124.85,50
1719464897609,125.05,100
1719464898274,125.15,25
1719464898274,125.15,25
1719464901120,124.25,75
1719464901120,124.25,75
1719464901120,124.25,75
1719464903340,124.9,25
1719464904057,125.3,50
1719464904626,126.65,475
1719464904626,126.65,475
1719464905964,128.35,25
1719464905964,128.35,25
1719464906485,128.75,25
1719464907258,127.85,25
1719464907715,128.5,25
1719464907715,128.5,25
1719464909366,127.95,200
1719464909366,127.95,200
1719464910610,130.5,100
1719464910943,130.55,25
1719464911241,130.2,25
1719464911652,129.6,25
1719464911778,129.7,200
1719464911778,129.7,200
1719464914240,129.7,25
1719464914240,129.7,25
1719464915500,128.15,25
1719464915500,128.15,25
1719464915500,128.15,25
1719464915500,128.15,25
1719464919750,128.35,125
1719464920688,128.7,25
1719464920688,128.7,25
1719464921595,127.9,100
1719464922358,127.45,25
1719464922358,127.45,25
1719464924407,127.85,25
1719464924407,127.85,25
1719464926220,128.0,25
1719464926220,128.0,25
1719464927353,126.95,50
1719464927850,127.35,75
1719464927850,127.35,75
1719464928879,127.75,75
1719464928879,127.75,75
1719464929930,127.75,75
1719464929930,127.75,75
1719464929930,127.75,75
1719464933167,127.25,25
1719464934204,126.45,25
1719464934204,126.45,25
1719464934969,126.1,25
1719464934969,126.1,25
1719464934969,126.1,25
1719464939192,128.0,75
1719464939192,128.0,75
1719464939855,127.85,100
1719464939855,127.85,100
1719464941359,128.05,75
1719464941572,128.4,375
1719464941572,128.4,375
1719464942813,127.85,50
1719464943060,128.1,25
1719464943060,128.1,25
1719464943060,128.1,25
1719464943060,128.1,25
1719464948333,127.45,25
1719464948763,127.15,25
1719464948763,127.15,25
1719464950182,126.55,50
1719464950850,126.7,25
1719464950850,126.7,25
1719464952353,124.9,100
1719464952533,125.4,150
1719464952533,125.4,150
1719464953075,125.8,25
1719464953075,125.8,25
1719464954975,126.15,50
1719464954975,126.15,50
1719464957387,127.2,125
1719464957387,127.2,125
1719464958551,127.2,25
1719464958551,127.2,25
1719464960354,127.25,25
1719464961121,127.45,25
1719464961814,126.6,200
1719464961814,126.6,200
1719464961814,126.6,200
1719464964892,127.0,100
1719464964892,127.0,100
1719464964892,127.0,100
1719464964892,127.0,100
1719464964892,127.0,100
1719464964892,127.0,100
1719464971609,126.85,25
1719464971609,126.85,25
1719464971609,126.85,25
1719464971609,126.85,25
1719464971609,126.85,25
1719464971609,126.85,25
1719464980510,126.2,50
1719464980510,126.2,50
1719464981668,126.35,50
1719464981668,126.35,50
1719464982982,127.0,25
1719464982982,127.0,25
1719464985267,126.9,100
1719464985267,126.9,100
1719464987300,127.15,75
1719464987300,127.15,75
1719464989170,126.2,125
1719464989432,126.2,25
1719464989657,125.55,75
1719464990731,126.25,25
1719464990731,126.25,25
1719464990731,126.25,25
1719464990731,126.25,25
1719464994736,126.2,25
1719464995391,126.35,75
1719464995391,126.35,75
1719464997614,125.65,50
1719464997614,125.65,50
1719464997614,125.65,50
1719464997614,125.65,50
1719464997614,125.65,50
1719464997614,125.65,50
1719464997614,125.65,50
1719464997614,125.65,50
1719464997614,125.65,50
1719464997614,125.65,50
1719465009824,126.05,25
1719465010704,126.4,200
1719465010704,126.4,200
1719465010704,126.4,200
1719465010704,126.4,200
1719465015584,126.2,25
1719465015911,126.1,25
1719465015911,126.1,25
1719465017593,125.95,25
1719465017593,125.95,25
1719465017593,125.95,25
1719465019252,126.2,25
1719465019252,126.2,25
1719465020207,126.9,100
1719465020207,126.9,100
1719465021455,126.05,150
1719465022823,125.65,50
1719465023125,124.8,150
1719465024595,124.0,100
1719465024595,124.0,100
1719465025743,122.75,50
1719465026241,122.5,25
1719465026241,122.5,25
1719465027286,123.75,25
1719465027286,123.75,25
1719465027286,123.75,25
1719465027286,123.75,25
1719465027286,123.75,25
1719465027286,123.75,25
1719465033653,126.4,25
1719465033653,126.4,25
1719465033653,126.4,25
1719465036553,126.85,25
1719465036553,126.85,25
1719465036553,126.85,25
1719465039670,126.5,25
1719465040571,125.65,50
1719465040571,125.65,50
1719465040571,125.65,50
1719465044328,125.85,25
1719465044328,125.85,25
1719465045904,126.5,50
1719465045904,126.5,50
1719465046615,126.1,25
1719465046615,126.1,25
1719465046615,126.1,25
1719465046615,126.1,25
1719465046615,126.1,25
1719465053961,127.95,650
1719465053961,127.95,650
1719465055411,126.85,100
1719465055411,126.85,100
1719465056370,126.25,75
1719465057675,124.6,50
1719465057675,124.6,50
1719465059353,122.9,100
1719465059353,122.9,100
1719465059761,123.4,50
1719465059761,123.4,50
1719465059761,123.4,50
1719465062487,124.15,25
1719465062487,124.15,25
1719465062487,124.15,25
1719465062487,124.15,25
1719465067343,123.95,200
1719465067343,123.95,200
1719465069078,123.45,75
1719465069744,124.15,75
1719465069744,124.15,75
1719465070859,123.7,25
1719465070859,123.7,25
1719465072592,123.85,75
1719465072592,123.85,75
1719465072592,123.85,75
1719465072592,123.85,75
1719465076572,124.25,175
1719465077072,123.55,50
1719465077925,124.4,25
1719465078361,124.8,300
1719465079605,125.1,50
1719465079605,125.1,50
1719465079966,124.7,100
1719465079966,124.7,100
1719465081591,124.85,25
1719465082173,124.35,75
1719465082173,124.35,75
1719465082173,124.35,75
1719465085195,124.55,100
1719465085195,124.55,100
1719465086609,124.45,75
1719465086609,124.45,75
1719465088524,123.7,50
1719465089878,124.25,75
1719465089878,124.25,75
1719465089878,124.25,75
1719465089878,124.25,75
1719465092602,123.15,25
1719465092602,123.15,25
1719465094935,123.3,50
1719465094935,123.3,50
1719465094935,123.3,50
1719465098669,123.15,25
1719465099249,121.6,75
1719465099249,121.6,75
1719465100663,122.55,200
1719465100663,122.55,200
1719465101961,120.7,150
1719465102124,120.8,100
1719465103041,120.5,25
1719465103726,121.05,25
1719465103726,121.05,25
1719465105007,122.15,25
1719465105007,122.15,25
1719465106721,121.65,100
1719465107340,122.1,25
1719465107340,122.1,25
1719465107340,122.1,25
1719465110314,121.35,50
1719465110996,121.85,25
1719465110996,121.85,25
1719465112058,121.3,25
1719465113107,120.65,50
1719465113176,121.1,25
1719465114111,121.65,25
1719465114892,120.25,50
1719465114892,120.25,50
1719465114892,120.25,50
1719465117867,120.35,75
1719465118135,119.85,25
1719465118420,119.7,100
1719465119583,120.3,150
1719465119801,120.25,25
1719465120713,120.75,100
1719465120713,120.75,100
1719465121529,121.0,25
1719465121626,121.2,25
1719465122247,121.7,25
1719465123113,121.85,25
1719465123346,122.25,25
1719465124598,122.45,25
1719465124945,122.55,25
1719465124945,122.55,25
1719465126487,121.5,200
1719465126871,121.8,25
1719465127949,121.55,25
1719465128651,121.75,50
1719465129640,121.6,25
1719465129640,121.6,25
1719465130983,121.35,75
1719465131646,121.2,25
1719465132593,120.25,50
1719465133168,120.3,25
1719465133168,120.3,25
1719465134703,120.65,250
1719465134703,120.65,250
1719465135389,120.25,25
1719465136632,119.8,25
1719465136632,119.8,25
1719465137633,119.65,25
1719465138178,119.4,25
1719465138535,119.6,25
1719465138814,120.05,25
1719465139976,120.75,75
1719465140449,120.4,25
1719465141604,120.1,25
1719465142362,120.0,25
1719465143065,119.65,25
1719465143065,119.65,25
1719465144363,119.0,25
1719465144844,119.6,25
1719465145644,120.35,25
1719465146394,120.55,25
1719465147649,120.15,25
1719465148009,120.05,25
1719465148009,120.05,25
1719465149118,120.65,25
1719465149118,120.65,25
1719465150697,121.05,25
1719465150697,121.05,25
1719465151835,121.3,25
1719465151993,121.35,25
1719465153174,121.9,25
1719465153174,121.9,25
1719465153786,121.55,100
1719465153786,121.55,100
1719465155439,121.25,25
1719465156629,121.15,25
1719465157085,121.3,25
1719465158235,120.85,50
1719465158235,120.85,50
1719465158907,120.6,25
1719465158907,120.6,25
1719465160214,121.2,25
1719465160214,121.2,25
1719465161802,121.3,25
1719465162131,121.8,125
1719465163150,121.9,25
1719465163624,121.85,25
1719465164182,121.8,25
1719465164918,121.8,25
1719465164918,121.8,25
1719465164918,121.8,25
1719465167143,121.6,25
1719465167143,121.6,25
1719465168530,121.05,25
1719465169420,120.55,25
1719465169420,120.55,25
1719465170721,120.15,25
1719465171601,120.05,100
1719465171910,120.15,25
1719465172788,119.65,75
1719465173420,119.7,25
1719465174659,119.55,25
1719465174659,119.55,25
1719465175701,120.05,25
1719465175701,120.05,25
1719465176966,120.2,75
1719465177791,119.95,25
1719465177791,119.95,25
1719465179279,119.4,50
1719465179787,119.9,25
1719465179787,119.9,25
1719465180500,119.5,25
1719465180746,119.25,150
1719465181366,119.5,150
1719465182098,120.05,25
1719465182881,120.0,25
1719465182881,120.0,25
1719465184597,119.65,125
1719465184972,119.5,25
1719465184972,119.5,25
1719465185873,119.85,25
1719465185873,119.85,25
1719465187495,120.2,25
1719465188268,119.25,25
1719465188523,119.6,25
1719465189413,119.25,100
1719465189843,119.5,50
1719465191477,119.4,25
1719465191477,119.4,25
1719465192303,119.9,25
1719465192900,120.1,25
1719465193469,120.1,25
1719465194683,119.6,25
1719465194683,119.6,25
1719465195296,119.75,25
1719465196445,119.75,25
1719465196445,119.75,25
1719465196445,119.75,25
1719465198847,118.85,25
1719465198847,118.85,25
1719465200186,118.05,25
1719465200726,118.15,25
1719465201034,118.05,25
1719465201034,118.05,25
1719465202656,116.15,25
1719465202863,116.35,25
1719465203503,115.05,25
1719465204397,115.4,100
1719465204397,115.4,100
1719465205594,115.5,25
1719465206521,115.75,25
1719465206761,115.85,25
1719465207093,115.35,25
1719465207987,114.75,25
1719465208282,115.2,75
1719465209608,115.8,25
1719465210664,115.8,25
1719465210664,115.8,25
1719465211206,115.5,25
1719465211639,115.4,25
1719465212660,114.8,25
1719465213104,113.25,100
1719465213988,113.4,25
1719465214556,113.75,25
1719465214556,113.75,25
1719465216162,110.1,100
1719465216162,110.1,100
1719465216219,109.9,150
1719465216943,111.8,25
1719465217725,111.25,50
1719465218012,111.25,25
1719465219635,110.25,25
1719465219635,110.25,25
1719465220409,108.45,50
1719465221518,105.8,50
1719465221752,106.4,50
1719465222793,108.2,125
1719465223071,108.75,150
1719465223599,108.55,75
1719465224662,107.65,50
1719465224662,107.65,50
1719465225697,108.15,25
1719465226486,107.55,75
1719465226776,107.1,50
1719465227824,105.15,25
1719465227824,105.15,25
1719465228474,104.75,25
1719465228966,101.4,100
1719465230509,104.95,25
1719465231502,104.9,25
1719465232073,105.05,75
1719465232710,105.35,25
1719465233390,105.05,50
1719465234625,105.95,100
1719465234625,105.95,100
1719465235544,104.6,25
1719465236560,103.0,150
1719465236888,102.1,75
1719465237383,101.2,25
1719465238118,102.1,50
1719465238409,103.05,50
1719465239488,102.95,25
1719465240866,100.6,100
1719465241572,100.15,50
1719465241879,100.55,100
1719465242860,100.8,25
1719465243117,100.2,175
1719465243310,100.55,25
1719465244638,101.3,150
1719465244638,101.3,150
1719465245143,102.15,25
1719465246536,100.6,50
1719465246891,101.85,25
1719465247270,102.1,100
1719465248156,102.2,75
1719465248449,102.05,50
1719465249529,101.35,25
1719465249847,101.1,25
1719465250792,100.85,25
1719465251379,100.45,25
1719465251757,101.05,100
1719465252312,101.05,250
1719465253176,98.85,500
1719465253556,99.0,75
1719465254766,101.25,50
1719465254889,101.3,50
1719465255884,102.35,50
1719465256584,102.3,25
1719465256631,102.55,25
1719465257570,101.75,50
1719465258186,101.1,250
1719465258909,100.3,25
1719465259368,99.55,25
1719465259368,99.55,25
1719465260801,99.55,50
1719465261638,99.65,150
1719465263077,99.9,25
1719465263166,99.6,25
1719465263166,99.6,25
1719465264630,99.75,25
1719465265805,99.8,25
1719465266596,101.4,25
1719465266652,101.4,25
1719465267878,101.1,25
1719465268191,100.65,25
1719465268311,101.1,25
1719465269902,99.25,75
1719465270832,98.35,100
1719465271590,98.8,75
1719465272090,97.95,25
1719465273202,97.2,50
1719465273299,97.45,100
1719465273634,97.1,25
1719465274286,96.75,25
1719465274286,96.75,25
1719465275787,97.95,25
1719465276684,97.3,225
1719465277384,97.85,25
1719465278107,98.2,25
1719465278897,98.2,25
1719465279516,97.8,100
1719465279516,97.8,100
1719465280629,98.1,25
1719465281526,98.95,25
1719465281526,98.95,25
1719465282357,98.9,25
1719465282357,98.9,25
1719465283367,99.95,50
1719465283367,99.95,50
1719465284950,99.6,25
1719465285515,98.9,25
1719465285515,98.9,25
1719465287201,99.55,50
1719465287836,99.95,50
1719465287836,99.95,50
1719465288957,99.9,25
1719465289571,99.95,100
1719465289571,99.95,100
1719465290610,99.3,25
1719465291561,100.75,25
1719465291561,100.75,25
1719465292295,100.6,25
1719465293176,101.35,25
1719465293493,101.3,425
1719465294893,101.6,100
1719465295786,101.7,100
1719465296540,101.65,50
1719465296540,101.65,50
1719465297515,100.75,50
1719465297515,100.75,50
1719465298869,100.85,50
1719465299067,100.8,25
1719465299067,100.8,25
1719465300661,99.95,25
1719465300661,99.95,25
1719465301235,99.6,25
1719465302346,99.55,50
1719465303249,98.9,25
1719465304025,97.85,25
1719465304842,96.7,25
1719465305111,96.3,50
1719465305691,94.85,25
1719465306615,94.75,25
1719465306615,94.75,25
1719465307897,95.4,425
1719465308232,95.55,100
1719465308629,96.0,25
1719465309713,96.9,25
1719465309852,97.25,75
1719465310660,96.65,25
1719465311129,96.0,25
1719465311129,96.0,25
1719465312166,95.8,50
1719465313247,96.15,25
1719465313496,95.85,25
1719465314562,95.75,25
1719465315892,96.35,725
1719465316524,96.3,25
1719465316914,96.2,75
1719465317795,95.4,25
1719465317795,95.4,25
1719465318747,94.75,125
1719465319495,94.55,125
1719465319495,94.55,125
1719465321258,96.0,50
1719465321258,96.0,50
1719465321807,95.75,100
1719465322409,95.95,100
1719465323277,94.6,25
1719465323534,94.9,25
1719465324749,95.65,150
1719465325689,95.3,200
1719465326035,95.05,75
1719465326035,95.05,75
1719465327077,95.35,25
1719465328079,94.95,50
1719465328894,95.25,50
1719465329862,95.85,25
1719465330065,95.65,25
1719465330668,97.15,25
1719465330668,97.15,25
1719465331514,97.5,50
1719465332762,96.15,25
1719465332762,96.15,25
1719465333933,96.9,75
1719465334745,96.0,150
1719465335131,96.0,75
1719465335678,96.8,50
1719465336719,96.85,50
1719465337894,95.1,50
1719465337894,95.1,50
1719465338940,94.8,25
1719465339703,94.65,50
1719465339908,94.2,50
1719465339908,94.2,50
1719465341173,95.65,75
1719465341829,95.4,25
1719465342642,95.75,75
1719465342642,95.75,75
1719465344172,96.35,25
1719465344559,96.8,100
1719465344559,96.8,100
1719465345879,97.2,25
1719465346475,97.0,75
1719465347132,97.25,25
1719465347709,97.3,25
1719465348240,97.15,25
1719465348699,96.55,50
1719465349776,96.75,25
1719465349776,96.75,25
1719465350858,98.3,100
1719465350858,98.3,100
1719465352687,98.05,75
1719465353131,98.4,25
1719465353937,97.8,100
1719465353937,97.8,100
1719465355786,98.2,50
1719465356756,97.75,25
1719465356931,97.4,50
1719465357878,96.3,25
1719465358269,96.0,25
1719465358894,96.45,25
1719465359783,95.7,50
1719465359783,95.7,50
1719465360912,96.35,25
1719465361348,96.1,25
1719465361752,95.7,50
1719465362648,95.45,75
1719465362648,95.45,75
1719465364065,96.9,25
1719465364656,97.3,25
1719465365125,97.05,50
1719465366343,97.35,100
1719465366343,97.35,100
1719465367459,97.4,225
1719465367914,96.95,150
1719465367914,96.95,150
1719465369125,97.35,25
1719465369125,97.35,25
1719465370718,97.35,25
