time,price,volume
1719461500007,69.15,25
1719461504971,69.5,25
1719461504971,69.5,25
1719461505993,69.5,25
1719461505993,69.5,25
1719461507683,69.3,225
1719461508262,69.15,100
1719461508262,69.15,100
1719461509512,69.0,275
1719461509512,69.0,275
1719461511471,69.2,25
1719461511884,69.7,75
1719461512596,69.4,250
1719461514178,69.4,25
1719461514679,69.0,100
1719461515451,68.85,25
1719461515451,68.85,25
1719461515817,69.5,25
1719461517208,69.15,25
1719461517208,69.15,25
1719461518756,68.65,75
1719461518888,68.65,75
1719461519176,68.75,75
1719461519176,68.75,75
1719461519176,68.75,75
1719461522009,68.65,25
1719461522009,68.65,25
1719461523025,68.45,125
1719461524133,67.35,25
1719461524785,67.35,25
1719461525478,67.6,150
1719461525478,67.6,150
1719461526093,67.15,75
1719461526855,66.65,50
1719461527795,66.15,475
1719461527795,66.15,475
1719461530939,66.95,75
1719461532127,66.85,25
1719461532127,66.85,25
1719461532127,66.85,25
1719461534332,67.05,25
1719461535176,67.05,25
1719461535176,67.05,25
1719461537047,66.95,25
1719461537286,66.95,25
1719461537753,67.1,25
1719461537753,67.1,25
1719461537753,67.1,25
1719461537753,67.1,25
1719461543130,66.35,150
1719461544139,66.0,300
1719461544382,66.15,225
1719461545784,65.6,200
1719461545784,65.6,200
1719461545784,65.6,200
1719461548961,66.75,100
1719461548961,66.75,100
1719461548961,66.75,100
1719461551180,66.3,25
1719461551937,66.4,25
1719461551937,66.4,25
1719461552918,66.1,25
1719461552918,66.1,25
1719461555273,66.3,25
1719461555273,66.3,25
1719461557573,66.5,25
1719461557792,66.5,100
1719461558016,66.7,25
1719461558841,66.95,25
1719461558841,66.95,25
1719461560495,66.8,25
1719461560986,66.8,25
1719461560986,66.8,25
1719461560986,66.8,25
1719461560986,66.8,25
1719461565386,65.5,125
1719461565386,65.5,125
1719461565386,65.5,125
1719461566474,65.9,25
1719461566776,66.0,25
1719461566776,66.0,25
1719461569342,66.1,25
1719461570704,66.2,25
1719461570704,66.2,25
1719461571436,66.65,100
1719461571436,66.65,100
1719461574128,66.5,25
1719461574258,66.6,25
1719461574258,66.6,25
1719461574258,66.6,25
1719461576829,67.3,50
1719461577406,67.4,25
1719461578270,67.35,25
1719461578270,67.35,25
1719461580122,67.3,50
1719461580394,67.2,75
1719461580394,67.2,75
1719461580394,67.2,75
1719461580394,67.2,75
1719461580394,67.2,75
1719461584342,67.55,25
1719461584342,67.55,25
1719461587636,66.8,100
1719461588436,66.6,375
1719461588887,66.45,300
1719461588887,66.45,300
1719461589832,66.7,100
1719461589832,66.7,100
1719461590906,66.35,25
1719461590906,66.35,25
1719461590906,66.35,25
1719461594704,66.6,25
1719461594704,66.6,25
1719461596117,67.4,50
1719461596117,67.4,50
1719461597484,67.2,25
1719461597965,67.45,25
1719461597965,67.45,25
1719461599627,67.6,25
1719461599627,67.6,25
1719461601822,67.55,125
1719461602057,67.3,25
1719461602057,67.3,25
1719461602931,67.2,50
1719461604187,66.65,75
1719461604187,66.65,75
1719461605684,67.4,225
1719461605986,67.6,25
1719461606693,67.55,25
1719461606693,67.55,25
1719461606693,67.55,25
1719461609624,67.0,25
1719461609624,67.0,25
1719461609624,67.0,25
1719461609624,67.0,25
1719461609624,67.0,25
1719461609624,67.0,25
1719461609624,67.0,25
1719461620655,67.15,150
1719461620655,67.15,150
1719461621514,67.45,25
1719461621514,67.45,25
1719461621514,67.45,25
1719461624488,68.05,100
1719461624697,68.05,400
1719461625613,68.3,25
1719461625613,68.3,25
1719461625613,68.3,25
1719461627677,68.2,25
1719461628847,68.45,150
1719461628847,68.45,150
1719461628847,68.45,150
1719461631001,68.3,25
1719461631962,67.75,25
1719461632368,68.2,75
1719461632600,68.4,150
1719461634205,68.5,25
1719461634888,68.2,25
1719461634888,68.2,25
1719461637341,68.25,25
1719461637341,68.25,25
1719461637341,68.25,25
1719461642216,67.95,50
1719461642216,67.95,50
1719461642216,67.95,50
1719461642216,67.95,50
1719461642216,67.95,50
1719461642216,67.95,50
1719461650315,68.0,100
1719461650315,68.0,100
1719461650315,68.0,100
1719461652885,68.55,75
1719461652998,68.75,400
1719461652998,68.75,400
1719461655507,68.45,25
1719461656120,68.35,50
1719461656120,68.35,50
1719461656120,68.35,50
1719461657988,68.25,25
1719461659069,67.5,50
1719461659069,67.5,50
1719461660477,67.75,25
1719461660477,67.75,25
1719461661832,67.55,25
1719461662494,67.35,150
1719461663606,66.55,25
1719461664363,66.85,225
1719461664363,66.85,225
1719461666125,67.3,100
1719461666125,67.3,100
1719461666125,67.3,100
1719461668130,67.95,150
1719461668454,68.25,25
1719461668454,68.25,25
1719461670536,68.0,25
1719461670536,68.0,25
1719461670536,68.0,25
1719461670536,68.0,25
1719461670536,68.0,25
1719461670536,68.0,25
1719461676471,67.95,25
1719461677695,68.15,50
1719461677695,68.15,50
1719461677695,68.15,50
1719461679785,67.15,50
1719461680602,67.2,25
1719461680602,67.2,25
1719461680602,67.2,25
1719461680602,67.2,25
1719461680602,67.2,25
1719461680602,67.2,25
1719461680602,67.2,25
1719461689855,67.95,75
1719461690927,68.4,25
1719461692532,68.1,75
1719461692532,68.1,75
1719461692532,68.1,75
1719461692532,68.1,75
1719461697198,68.4,225
1719461697198,68.4,225
1719461697198,68.4,225
1719461697198,68.4,225
1719461697198,68.4,225
1719461701236,68.35,500
1719461701555,68.1,25
1719461702788,68.3,25
1719461702788,68.3,25
1719461702788,68.3,25
1719461702788,68.3,25
1719461707738,66.95,25
1719461707738,66.95,25
1719461707738,66.95,25
1719461707738,66.95,25
1719461707738,66.95,25
1719461707738,66.95,25
1719461714446,67.5,225
1719461714446,67.5,225
1719461716764,67.2,50
1719461716764,67.2,50
1719461718105,67.65,100
1719461718105,67.65,100
1719461720351,68.45,50
1719461720351,68.45,50
1719461720351,68.45,50
1719461747413,70.1,425
1719461749552,70.2,25
1719461751123,70.35,25
1719461752373,71.1,225
1719461752373,71.1,225
1719461753447,70.7,25
1719461753447,70.7,25
1719461753447,70.7,25
1719461753447,70.7,25
1719461758281,70.2,75
1719461759134,70.4,75
1719461759134,70.4,75
1719461759865,70.45,75
1719461760500,70.45,25
1719461760500,70.45,25
1719461760500,70.45,25
1719461761820,71.0,50
1719461762239,71.45,100
1719461762911,71.3,25
1719461763605,71.1,25
1719461764244,71.4,25
1719461764244,71.4,25
1719461764244,71.4,25
1719461764244,71.4,25
1719461764244,71.4,25
1719461769633,71.0,200
1719461770266,71.05,225
1719461770266,71.05,225
1719461771306,71.15,25
1719461772448,70.35,175
1719461772448,70.35,175
1719461774103,70.6,25
1719461774103,70.6,25
1719461774618,70.4,75
1719461774618,70.4,75
1719461777630,70.8,150
1719461777630,70.8,150
1719461779606,70.4,200
1719461779606,70.4,200
1719461782416,70.95,25
1719461782721,71.3,25
1719461782721,71.3,25
1719461783356,70.7,200
1719461783356,70.7,200
1719461783356,70.7,200
1719461786392,72.0,50
1719461786715,72.2,50
1719461787391,72.4,150
1719461788785,73.2,25
1719461788785,73.2,25
1719461788785,73.2,25
1719461790564,73.25,25
1719461790564,73.25,25
1719461790564,73.25,25
1719461791198,72.45,75
1719461792525,72.55,75
1719461792525,72.55,75
1719461796059,72.8,25
1719461797537,72.55,25
1719461797537,72.55,25
1719461798645,73.0,25
1719461798645,73.0,25
1719461801162,72.55,250
1719461801162,72.55,250
1719461803674,72.95,25
1719461804148,73.05,25
1719461804148,73.05,25
1719461805728,72.65,125
1719461805728,72.65,125
1719461806177,72.95,25
1719461806177,72.95,25
1719461808344,72.85,25
1719461808895,72.55,75
1719461809520,72.9,75
1719461809520,72.9,75
1719461810800,73.0,75
1719461811036,72.9,200
1719461811635,73.05,25
1719461812590,72.5,25
1719461813515,72.65,75
1719461814123,72.85,25
1719461814123,72.85,25
1719461814895,72.55,50
1719461814895,72.55,50
1719461816333,72.55,275
1719461817701,71.8,25
1719461817701,71.8,25
1719461817701,71.8,25
1719461817701,71.8,25
1719461821142,71.85,100
1719461821142,71.85,100
1719461824580,71.7,200
1719461824580,71.7,200
1719461827734,71.4,25
1719461827734,71.4,25
1719461827734,71.4,25
1719461829895,71.35,50
1719461829895,71.35,50
1719461831033,70.8,25
1719461831753,70.7,25
1719461831753,70.7,25
1719461833076,71.5,25
1719461834138,72.25,100
1719461834138,72.25,100
1719461834138,72.25,100
1719461837145,72.45,50
1719461837308,72.25,25
1719461837308,72.25,25
1719461837308,72.25,25
1719461837308,72.25,25
1719461837308,72.25,25
1719461837308,72.25,25
1719461837308,72.25,25
1719461846424,72.05,25
1719461846424,72.05,25
1719461848395,72.3,50
1719461848395,72.3,50
1719461848395,72.3,50
1719461848395,72.3,50
1719461848395,72.3,50
1719461848395,72.3,50
1719461848395,72.3,50
1719461848395,72.3,50
1719461848395,72.3,50
1719461859477,72.15,25
1719461860569,71.8,25
1719461860569,71.8,25
1719461860569,71.8,25
1719461863462,72.25,25
1719461863462,72.25,25
1719461865319,72.05,50
1719461865319,72.05,50
1719461866835,72.3,825
1719461866835,72.3,825
1719461868725,72.05,50
1719461868725,72.05,50
1719461870409,72.0,200
1719461870409,72.0,200
1719461871885,71.6,150
1719461872266,71.45,75
1719461872266,71.45,75
1719461873805,71.25,275
1719461874195,71.25,150
1719461874195,71.25,150
1719461875564,70.9,300
1719461875564,70.9,300
1719461877012,70.9,25
1719461877012,70.9,25
1719461877012,70.9,25
1719461877012,70.9,25
1719461877012,70.9,25
1719461881549,70.65,50
1719461881892,70.25,400
1719461882680,70.3,25
1719461882779,70.55,150
1719461884238,70.95,25
1719461884238,70.95,25
1719461884238,70.95,25
1719461884238,70.95,25
1719461884238,70.95,25
1719461889717,70.95,25
1719461889717,70.95,25
1719461892872,70.0,25
1719461892937,70.0,25
1719461892937,70.0,25
1719461892937,70.0,25
1719461896231,70.35,25
1719461897020,70.4,75
1719461897172,70.2,125
1719461897172,70.2,125
1719461897172,70.2,125
1719461901946,70.95,25
1719461901946,70.95,25
1719461901946,70.95,25
1719461901946,70.95,25
1719461901946,70.95,25
1719461901946,70.95,25
1719461910656,70.0,25
1719461910961,69.8,125
1719461911106,69.75,175
1719461911429,69.55,25
1719461911429,69.55,25
1719461911429,69.55,25
1719461915325,69.9,225
1719461915325,69.9,225
1719461916977,69.0,150
1719461916977,69.0,150
1719461919451,69.65,25
1719461919451,69.65,25
1719461919769,69.65,375
1719461920853,70.1,75
1719461920853,70.1,75
1719461920853,70.1,75
1719461920853,70.1,75
1719461925770,70.75,150
1719461925770,70.75,150
1719461925770,70.75,150
1719461928286,70.5,125
1719461928286,70.5,125
1719461931081,70.9,50
1719461931081,70.9,50
1719461931081,70.9,50
1719461931081,70.9,50
1719461931081,70.9,50
1719461931081,70.9,50
1719461931081,70.9,50
1719461940805,70.9,75
1719461940805,70.9,75
1719461940805,70.9,75
1719461940805,70.9,75
1719461940805,70.9,75
1719461940805,70.9,75
1719461940805,70.9,75
1719461940805,70.9,75
1719461940805,70.9,75
1719461954370,71.6,300
1719461954370,71.6,300
1719461954864,71.55,25
1719461954864,71.55,25
1719461958013,71.9,50
1719461958557,72.2,25
1719461959130,72.3,950
1719461959130,72.3,950
1719461960110,72.8,100
1719461961365,73.0,150
1719461961970,73.3,25
1719461961970,73.3,25
1719461963573,73.65,150
1719461963992,73.8,175
1719461963992,73.8,175
1719461965670,73.65,75
1719461965670,73.65,75
1719461966974,73.15,200
1719461967566,73.6,100
1719461968693,73.4,50
1719461969404,73.5,250
1719461969404,73.5,250
1719461969404,73.5,250
1719461969404,73.5,250
1719461969404,73.5,250
1719461974054,73.35,25
1719461974226,73.25,225
1719461974226,73.25,225
1719461974226,73.25,225
1719461974226,73.25,225
1719461978570,73.2,325
1719461978570,73.2,325
1719461978570,73.2,325
1719461982114,73.15,25
1719461982114,73.15,25
1719461982114,73.15,25
1719461982114,73.15,25
1719461982114,73.15,25
1719461982114,73.15,25
1719461982114,73.15,25
1719461982114,73.15,25
1719461982114,73.15,25
1719461994917,74.25,50
1719461995984,74.2,100
1719461995984,74.2,100
1719461997143,73.8,25
1719461997769,73.8,500
1719461999366,73.7,25
1719461999366,73.7,25
1719462000932,73.65,250
1719462000932,73.65,250
1719462000932,73.65,250
1719462002010,74.2,75
1719462002352,74.95,50
1719462002352,74.95,50
1719462003261,74.15,1425
1719462003261,74.15,1425
1719462005048,74.2,100
1719462005048,74.2,100
1719462007066,74.95,50
1719462008002,74.8,25
1719462009049,75.25,25
1719462009304,75.05,150
1719462009304,75.05,150
1719462011044,74.8,25
1719462011044,74.8,25
1719462011558,74.6,25
1719462012740,74.6,25
1719462013301,74.8,100
1719462014241,74.75,250
1719462014812,74.7,200
1719462015985,74.85,225
1719462015985,74.85,225
1719462016734,74.7,25
1719462017899,75.3,50
1719462018987,75.25,25
1719462019711,75.25,25
1719462019752,75.25,25
1719462020218,75.6,50
1719462020218,75.6,50
1719462022026,74.7,75
1719462022026,74.7,75
1719462023294,73.9,125
1719462024000,74.35,25
1719462024000,74.35,25
1719462024844,73.9,125
1719462024844,73.9,125
1719462026559,74.15,25
1719462026559,74.15,25
1719462029478,74.05,25
1719462029478,74.05,25
1719462029478,74.05,25
1719462029478,74.05,25
1719462029478,74.05,25
1719462034112,74.25,25
1719462034112,74.25,25
1719462036122,74.2,200
1719462036709,74.35,25
1719462036709,74.35,25
1719462038138,74.0,50
1719462038958,74.05,225
1719462038958,74.05,225
1719462038958,74.05,225
1719462041503,74.1,25
1719462042203,74.0,25
1719462042203,74.0,25
1719462044516,73.9,25
1719462044516,73.9,25
1719462044763,73.95,25
1719462044763,73.95,25
1719462044763,73.95,25
1719462044763,73.95,25
1719462050855,74.85,100
1719462050855,74.85,100
1719462052608,75.2,25
1719462052608,75.2,25
1719462054402,75.05,50
1719462054614,75.1,50
1719462054614,75.1,50
1719462056356,74.55,25
1719462056356,74.55,25
1719462056356,74.55,25
1719462059330,74.4,50
1719462059330,74.4,50
1719462060249,74.4,50
1719462060249,74.4,50
1719462060249,74.4,50
1719462062134,75.25,50
1719462062813,75.3,50
1719462062813,75.3,50
1719462063547,74.9,50
1719462064175,74.75,50
1719462065080,74.5,25
1719462065186,74.5,25
1719462065186,74.5,25
1719462065186,74.5,25
1719462069669,74.55,25
1719462070631,74.5,25
1719462070631,74.5,25
1719462070631,74.5,25
1719462073656,74.3,100
1719462073656,74.3,100
1719462076240,74.2,150
1719462076240,74.2,150
1719462076240,74.2,150
1719462076240,74.2,150
1719462082263,74.0,300
1719462082829,73.2,25
1719462083259,73.15,50
1719462083259,73.15,50
1719462083259,73.15,50
1719462086655,73.15,300
1719462087491,73.25,100
1719462087491,73.25,100
1719462088453,73.55,400
1719462088453,73.55,400
1719462088453,73.55,400
1719462088453,73.55,400
1719462088453,73.55,400
1719462088453,73.55,400
1719462094913,72.4,25
1719462095793,72.75,50
1719462096270,72.8,25
1719462096846,72.5,175
1719462098151,72.25,25
1719462098151,72.25,25
1719462098151,72.25,25
1719462102358,72.85,75
1719462102358,72.85,75
1719462102358,72.85,75
1719462128534,71.6,50
1719462128534,71.6,50
1719462128534,71.6,50
1719462132413,71.45,100
1719462132413,71.45,100
1719462132413,71.45,100
1719462132413,71.45,100
1719462132413,71.45,100
1719462132413,71.45,100
1719462140130,71.15,100
1719462140580,71.35,50
1719462141401,71.45,25
1719462141401,71.45,25
1719462142899,71.05,25
1719462142899,71.05,25
1719462142899,71.05,25
1719462144861,71.0,25
1719462145707,71.4,25
1719462145707,71.4,25
1719462147411,71.85,100
1719462147411,71.85,100
1719462148342,72.0,150
1719462149373,71.7,75
1719462149589,71.9,50
1719462149589,71.9,50
1719462149589,71.9,50
1719462149589,71.9,50
1719462149589,71.9,50
1719462149589,71.9,50
1719462149589,71.9,50
1719462157835,72.0,25
1719462157835,72.0,25
1719462157835,72.0,25
1719462157835,72.0,25
1719462157835,72.0,25
1719462164031,71.2,125
1719462164324,71.25,25
1719462164324,71.25,25
1719462164324,71.25,25
1719462167520,71.05,50
1719462167520,71.05,50
1719462169222,71.0,25
1719462169575,70.7,50
1719462170506,70.7,125
1719462170506,70.7,125
1719462170506,70.7,125
1719462173394,71.5,75
1719462174399,71.8,150
1719462174399,71.8,150
1719462175146,72.1,75
1719462175146,72.1,75
1719462175146,72.1,75
1719462175146,72.1,75
1719462175146,72.1,75
1719462175146,72.1,75
1719462175146,72.1,75
1719462175146,72.1,75
1719462175146,72.1,75
1719462187084,70.35,150
1719462187084,70.35,150
1719462187084,70.35,150
1719462190159,70.15,175
1719462190807,70.15,25
1719462191611,70.6,100
1719462191611,70.6,100
1719462191611,70.6,100
1719462191611,70.6,100
1719462191611,70.6,100
1719462191611,70.6,100
1719462198452,70.25,25
1719462199687,70.35,75
1719462199687,70.35,75
1719462200768,70.4,250
1719462200768,70.4,250
1719462200768,70.4,250
1719462204136,71.4,100
1719462204372,71.65,100
1719462205051,71.4,75
1719462205051,71.4,75
1719462207156,71.25,25
1719462207756,71.1,75
1719462207756,71.1,75
1719462208714,70.65,100
1719462208714,70.65,100
1719462210789,70.6,100
1719462210789,70.6,100
1719462210789,70.6,100
1719462212068,70.4,25
1719462212726,70.6,25
1719462212726,70.6,25
1719462212726,70.6,25
1719462212726,70.6,25
1719462217876,70.7,25
1719462218322,70.65,25
1719462218450,70.75,25
1719462218450,70.75,25
1719462221119,70.8,25
1719462221119,70.8,25
1719462221119,70.8,25
1719462221119,70.8,25
1719462225083,70.5,25
1719462225083,70.5,25
1719462227442,70.75,75
1719462228354,71.0,50
1719462228354,71.0,50
1719462228354,71.0,50
1719462228354,71.0,50
1719462232341,70.7,25
1719462232341,70.7,25
1719462232341,70.7,25
1719462235119,70.75,50
1719462235119,70.75,50
1719462235119,70.75,50
1719462235119,70.75,50
1719462235119,70.75,50
1719462235119,70.75,50
1719462235119,70.75,50
1719462235119,70.75,50
1719462246612,71.1,25
1719462246732,71.35,100
1719462246956,71.3,25
1719462246956,71.3,25
1719462246956,71.3,25
1719462251241,71.05,25
1719462251636,71.35,150
1719462252258,71.4,25
1719462252879,71.2,150
1719462252879,71.2,150
1719462252879,71.2,150
1719462252879,71.2,150
1719462252879,71.2,150
1719462252879,71.2,150
1719462261020,71.3,125
1719462261584,71.25,25
1719462261584,71.25,25
1719462261584,71.25,25
1719462261584,71.25,25
1719462261584,71.25,25
1719462267015,71.5,50
1719462267128,71.65,100
1719462268289,71.65,50
1719462268289,71.65,50
1719462268289,71.65,50
1719462268289,71.65,50
1719462268289,71.65,50
1719462268289,71.65,50
1719462268289,71.65,50
1719462275816,72.0,25
1719462275816,72.0,25
1719462277507,72.5,100
1719462277507,72.5,100
1719462277507,72.5,100
1719462277507,72.5,100
1719462277507,72.5,100
1719462283643,72.35,25
1719462284968,72.0,25
1719462284968,72.0,25
1719462284968,72.0,25
1719462289860,72.85,50
1719462291059,73.05,25
1719462291738,73.15,25
1719462291965,73.45,25
1719462292950,73.2,25
1719462292950,73.2,25
1719462292950,73.2,25
1719462295909,72.8,50
1719462296328,72.4,50
1719462296328,72.4,50
1719462296328,72.4,50
1719462299785,73.15,25
1719462299785,73.15,25
1719462299785,73.15,25
1719462301470,73.35,25
1719462301470,73.35,25
1719462301470,73.35,25
1719462301470,73.35,25
1719462301470,73.35,25
1719462307983,73.75,50
1719462307983,73.75,50
1719462308746,73.35,25
1719462308746,73.35,25
1719462308746,73.35,25
1719462312112,73.85,75
1719462312849,74.1,250
1719462312849,74.1,250
1719462314201,73.8,25
1719462314201,73.8,25
1719462316248,73.95,75
1719462316370,73.45,75
1719462316370,73.45,75
1719462316370,73.45,75
1719462316370,73.45,75
1719462320350,73.65,100
1719462320350,73.65,100
1719462321975,73.55,75
1719462322670,73.6,50
1719462322670,73.6,50
1719462322670,73.6,50
1719462322670,73.6,50
1719462327986,74.0,25
1719462327986,74.0,25
1719462327986,74.0,25
1719462330489,74.2,25
1719462330489,74.2,25
1719462330489,74.2,25
1719462330489,74.2,25
1719462330489,74.2,25
1719462336001,74.3,175
1719462336001,74.3,175
1719462337845,73.65,125
1719462337845,73.65,125
1719462337845,73.65,125
1719462341425,73.5,50
1719462341668,73.65,50
1719462341668,73.65,50
1719462342707,73.9,50
1719462342707,73.9,50
1719462344919,74.0,25
1719462346096,73.85,25
1719462346096,73.85,25
1719462346096,73.85,25
1719462346096,73.85,25
1719462346096,73.85,25
1719462346096,73.85,25
1719462346096,73.85,25
1719462356753,73.45,25
1719462356753,73.45,25
1719462356753,73.45,25
1719462356753,73.45,25
1719462356753,73.45,25
1719462361117,73.0,25
1719462361117,73.0,25
1719462361117,73.0,25
1719462363759,73.25,25
1719462364832,72.9,75
1719462364832,72.9,75
1719462364832,72.9,75
1719462367184,72.35,75
1719462367707,72.5,50
1719462367707,72.5,50
1719462367707,72.5,50
1719462367707,72.5,50
1719462367707,72.5,50
1719462367707,72.5,50
1719462375417,73.35,25
1719462375417,73.35,25
1719462375417,73.35,25
1719462375417,73.35,25
1719462375417,73.35,25
1719462375417,73.35,25
1719462383906,72.95,50
1719462383906,72.95,50
1719462385379,72.95,25
1719462385379,72.95,25
1719462385379,72.95,25
1719462385379,72.95,25
1719462385379,72.95,25
1719462385379,72.95,25
1719462385379,72.95,25
1719462394438,73.05,25
1719462394438,73.05,25
1719462395764,73.5,50
1719462395764,73.5,50
1719462397046,73.6,125
1719462397288,73.75,25
1719462397288,73.75,25
1719462399062,73.7,50
1719462400169,74.45,25
1719462400169,74.45,25
1719462401116,75.55,50
1719462401438,76.0,25
1719462402256,76.2,125
1719462403137,76.0,25
1719462403137,76.0,25
1719462403662,75.95,25
1719462403662,75.95,25
1719462406845,75.75,75
1719462406845,75.75,75
1719462407777,76.25,50
1719462408150,76.55,125
1719462408459,77.0,25
1719462409149,77.25,25
1719462409708,76.65,50
1719462409708,76.65,50
1719462411071,77.0,200
1719462411071,77.0,200
1719462412183,77.05,50
1719462412613,77.0,50
1719462412613,77.0,50
1719462413824,77.0,50
1719462413824,77.0,50
1719462415451,77.9,50
1719462416111,78.4,575
1719462416369,78.2,25
1719462417189,78.6,225
1719462417965,78.65,50
1719462417965,78.65,50
1719462419484,79.0,150
1719462420116,79.0,50
1719462420175,79.25,25
1719462420920,79.9,25
1719462421183,80.0,75
1719462421898,81.15,75
1719462422131,81.05,25
1719462423478,81.05,75
1719462423558,81.0,75
1719462424486,81.05,75
1719462425236,81.15,200
1719462425473,80.9,25
1719462426397,80.75,25
1719462426397,80.75,25
1719462427028,80.9,50
1719462428101,80.15,50
1719462429107,80.95,25
1719462429107,80.95,25
1719462429107,80.95,25
1719462432920,80.3,25
1719462432920,80.3,25
1719462434708,81.05,25
1719462434708,81.05,25
1719462436518,81.0,50
1719462436518,81.0,50
1719462437149,80.6,175
1719462438157,81.2,50
1719462438157,81.2,50
1719462439064,80.85,25
1719462440130,80.1,50
1719462440177,80.05,200
1719462441148,79.65,100
1719462441214,79.8,50
1719462441214,79.8,50
1719462441214,79.8,50
1719462441214,79.8,50
1719462445454,80.75,25
1719462445454,80.75,25
1719462447429,79.95,100
1719462447820,80.25,25
1719462447820,80.25,25
1719462449975,79.95,150
1719462449975,79.95,150
1719462450938,79.65,25
1719462451296,80.05,50
1719462451426,79.9,75
1719462451426,79.9,75
1719462452861,79.15,50
1719462452861,79.15,50
1719462453711,79.65,200
1719462453711,79.65,200
1719462453711,79.65,200
1719462453711,79.65,200
1719462453711,79.65,200
1719462453711,79.65,200
1719462462358,80.4,250
1719462463151,80.6,25
1719462463485,80.55,25
1719462464563,80.7,25
1719462465128,80.35,25
1719462466080,81.05,150
1719462466643,81.3,50
1719462466643,81.3,50
1719462468335,81.95,25
1719462468909,82.05,150
1719462470165,82.2,150
1719462470195,82.1,175
1719462471867,83.4,50
1719462472097,83.15,150
1719462473300,83.45,75
1719462473577,83.7,25
1719462473922,83.05,50
1719462473922,83.05,50
1719462476108,83.15,50
1719462476607,83.7,25
1719462477264,84.0,100
1719462478298,83.65,25
1719462478298,83.65,25
1719462479276,83.2,25
1719462479852,83.05,25
1719462480391,83.65,150
1719462480391,83.65,150
1719462481215,84.55,150
1719462481215,84.55,150
1719462482524,85.4,25
1719462483093,85.9,150
1719462483093,85.9,150
1719462484297,84.9,25
1719462484867,85.2,25
1719462484867,85.2,25
1719462485723,85.3,75
1719462486636,85.2,75
1719462487074,85.45,125
1719462488347,84.55,25
1719462489326,85.25,150
1719462489326,85.25,150
1719462490920,84.9,25
1719462490920,84.9,25
1719462493158,85.05,150
1719462493158,85.05,150
1719462493752,84.65,100
1719462495017,85.1,50
1719462495017,85.1,50
1719462496322,84.0,475
1719462496322,84.0,475
1719462497230,84.75,125
1719462498263,84.1,75
1719462498263,84.1,75
1719462498949,84.3,75
1719462500109,83.15,25
1719462500537,83.45,150
1719462501799,83.3,50
1719462502203,83.6,25
1719462502738,83.7,50
1719462502738,83.7,50
1719462504182,83.45,25
1719462504637,84.25,150
1719462506517,85.0,350
1719462506517,85.0,350
1719462507381,84.65,50
1719462508272,85.15,25
1719462508272,85.15,25
1719462508654,84.85,25
1719462508654,84.85,25
1719462508654,84.85,25
1719462508654,84.85,25
1719462513156,85.7,75
1719462513847,85.15,25
1719462514994,85.05,25
1719462515904,84.9,75
1719462515904,84.9,75
1719462517800,84.85,25
1719462517800,84.85,25
1719462518961,84.75,50
1719462519152,84.75,25
1719462519945,84.85,150
1719462521351,84.35,25
1719462521739,84.1,25
1719462521892,84.0,25
1719462523121,84.0,25
1719462523121,84.0,25
1719462524273,83.9,25
1719462524273,83.9,25
1719462526619,83.75,25
1719462527081,83.85,150
1719462528478,83.0,50
1719462528478,83.0,50
1719462529130,83.0,50
1719462530062,83.15,25
1719462530360,82.95,25
1719462531566,83.05,75
1719462531566,83.05,75
1719462532103,83.0,150
1719462532629,83.25,500
1719462534827,83.25,25
1719462534827,83.25,25
1719462534827,83.25,25
1719462534827,83.25,25
1719462538911,84.0,25
1719462539637,84.4,50
1719462539637,84.4,50
1719462539637,84.4,50
1719462542007,84.5,25
1719462542138,84.9,50
1719462542604,84.75,25
1719462542604,84.75,25
1719462544095,84.2,225
1719462544095,84.2,225
1719462546015,84.25,25
1719462546776,83.75,25
1719462546776,83.75,25
1719462547384,83.35,25
1719462547845,83.5,25
1719462548264,83.7,25
1719462548734,83.95,25
1719462548734,83.95,25
1719462548734,83.95,25
1719462552766,84.3,25
1719462552766,84.3,25
1719462552766,84.3,25
1719462555574,84.95,25
1719462556182,85.3,150
1719462556182,85.3,150
1719462558014,85.6,25
1719462558014,85.6,25
1719462560079,85.35,200
1719462561419,85.35,25
1719462561599,85.5,100
1719462561599,85.5,100
1719462562996,85.05,100
1719462563528,84.75,50
1719462564145,85.2,150
1719462564145,85.2,150
1719462564145,85.2,150
1719462567808,85.35,50
1719462567808,85.35,50
1719462567808,85.35,50
1719462567808,85.35,50
1719462567808,85.35,50
1719462572981,85.45,50
1719462572981,85.45,50
1719462573684,85.75,25
1719462574155,85.4,50
1719462575041,85.45,25
1719462575041,85.45,25
1719462575932,85.0,150
1719462576654,84.85,25
1719462576654,84.85,25
1719462578261,84.35,200
1719462578261,84.35,200
1719462578956,84.15,25
1719462580054,84.0,25
1719462580352,84.35,175
1719462581001,84.45,25
1719462581001,84.45,25
1719462583290,84.45,75
1719462583290,84.45,75
1719462583705,84.4,25
1719462583705,84.4,25
1719462586771,85.45,150
1719462586771,85.45,150
1719462587644,85.45,25
1719462587644,85.45,25
1719462587644,85.45,25
1719462591057,85.35,25
1719462591057,85.35,25
1719462592013,85.3,25
1719462592721,85.2,50
1719462592721,85.2,50
1719462594733,85.4,75
1719462594733,85.4,75
1719462594733,85.4,75
1719462597462,84.95,25
1719462598053,84.9,25
1719462598053,84.9,25
1719462598800,85.3,175
1719462600378,86.1,75
1719462600478,85.9,25
1719462600928,86.4,25
1719462601258,86.45,25
1719462601790,86.55,25
1719462602191,86.4,75
1719462603312,85.9,25
1719462603594,85.5,200
1719462603892,85.4,200
1719462604917,85.95,25
1719462604917,85.95,25
1719462605881,85.7,150
1719462605881,85.7,150
1719462608097,85.05,25
1719462608097,85.05,25
1719462609297,85.6,50
1719462609297,85.6,50
1719462611347,85.2,25
1719462611743,85.45,25
1719462612072,85.35,25
1719462612793,85.3,25
1719462612793,85.3,25
1719462614732,85.55,25
1719462614948,85.7,25
1719462616380,85.4,250
1719462616806,85.2,225
1719462617242,85.2,25
1719462617629,85.3,25
1719462618674,85.05,25
1719462619435,84.45,100
1719462620322,83.4,50
1719462621109,84.35,50
1719462621109,84.35,50
1719462622611,83.75,25
1719462622611,83.75,25
1719462622611,83.75,25
1719462625728,83.35,25
1719462626254,83.8,25
1719462626753,83.75,25
1719462626753,83.75,25
1719462628450,84.8,25
1719462628649,84.8,50
1719462628840,84.7,25
1719462629753,84.6,25
1719462629753,84.6,25
1719462630793,84.7,25
1719462630793,84.7,25
1719462631753,85.2,25
1719462631753,85.2,25
1719462633253,85.65,25
1719462633548,85.6,25
1719462634168,85.95,25
1719462635429,86.4,100
1719462636475,86.6,25
1719462637004,86.3,25
1719462637004,86.3,25
1719462638055,86.7,25
1719462638840,86.3,75
1719462638840,86.3,75
1719462640254,86.2,25
1719462640753,86.2,25
1719462642043,86.35,200
1719462642254,86.2,25
1719462642503,86.2,25
1719462643758,85.35,150
1719462644254,85.55,25
1719462645267,86.0,25
1719462646503,86.5,25
1719462646817,86.3,200
1719462646817,86.3,200
1719462648254,86.45,25
1719462648753,86.8,25
1719462649253,86.85,25
1719462650040,86.35,25
1719462650040,86.35,25
1719462650703,86.3,75
1719462652040,86.75,25
1719462652040,86.75,25
1719462653394,86.3,75
1719462653753,86.6,25
1719462654038,86.6,25
1719462654964,86.15,25
1719462654964,86.15,25
1719462654964,86.15,25
1719462657982,87.25,25
1719462658879,87.0,125
1719462659284,87.3,25
1719462660386,88.2,75
1719462661009,88.5,175
1719462661009,88.5,175
1719462661946,88.6,50
1719462662156,88.6,50
1719462663588,89.1,250
1719462704717,91.4,25
1719462705451,91.7,25
1719462706940,91.6,25
1719462707207,91.65,25
1719462707390,91.7,75
1719462708642,91.85,75
1719462709156,91.8,25
1719462710256,91.2,25
1719462710256,91.2,25
1719462711637,92.15,100
1719462711637,92.15,100
1719462712362,92.1,25
1719462713311,92.1,250
1719462713703,92.15,25
1719462714016,92.95,150
1719462714016,92.95,150
1719462715638,93.3,75
1719462715808,92.8,25
1719462715808,92.8,25
1719462717758,93.05,150
1719462718186,93.0,75
1719462718186,93.0,75
1719462719125,93.8,25
1719462720199,93.5,100
1719462720199,93.5,100
1719462720759,93.3,75
1719462720759,93.3,75
1719462722051,95.0,125
1719462722430,95.4,25
1719462723277,95.65,25
1719462723277,95.65,25
1719462724468,95.5,25
1719462725338,95.3,25
1719462725469,95.2,25
1719462725916,95.65,25
1719462727166,95.6,100
1719462727246,95.6,75
1719462728716,96.0,50
1719462729482,95.7,25
1719462729598,95.65,25
1719462730547,95.25,25
1719462731522,96.55,75
1719462731875,96.15,25
1719462732466,95.95,25
1719462732849,95.9,25
1719462733564,95.45,75
1719462733564,95.45,75
1719462735389,95.3,50
1719462735528,95.55,25
1719462736329,95.5,25
1719462736644,95.4,25
1719462737273,95.1,100
1719462738270,95.0,25
1719462738758,95.3,25
1719462739311,95.2,300
1719462740160,95.35,25
1719462740160,95.35,25
1719462741142,95.05,25
1719462741776,94.7,50
1719462741776,94.7,50
1719462742448,94.85,25
1719462742448,94.85,25
1719462745066,95.1,50
1719462745066,95.1,50
1719462746788,94.65,125
1719462746788,94.65,125
1719462747789,94.8,50
1719462748336,95.05,150
1719462748336,95.05,150
1719462748893,94.65,25
1719462749487,94.95,25
1719462749487,94.95,25
1719462749487,94.95,25
1719462752102,94.8,100
1719462752921,95.3,25
1719462753271,95.45,150
1719462753749,95.7,100
1719462754461,95.5,150
1719462755089,94.7,25
1719462755409,94.8,50
1719462755409,94.8,50
1719462756968,95.55,100
1719462757742,95.25,25
1719462758529,94.85,25
1719462758529,94.85,25
1719462759421,94.6,50
1719462759998,94.4,50
1719462761308,94.2,50
1719462761308,94.2,50
1719462762956,94.3,25
1719462763345,94.1,50
1719462763345,94.1,50
1719462764629,93.3,325
1719462765134,93.65,100
1719462765484,93.45,25
1719462766219,93.8,25
1719462766604,93.6,25
1719462767241,93.7,175
1719462768521,93.05,25
1719462768706,93.2,25
1719462769755,93.6,25
1719462769755,93.6,25
1719462771929,95.2,100
1719462771929,95.2,100
1719462772258,95.35,25
1719462773141,96.0,25
1719462773808,95.9,25
1719462773948,95.75,25
1719462775396,95.5,25
1719462775973,95.85,50
1719462775973,95.85,50
1719462777823,94.1,75
1719462778426,94.35,25
1719462778426,94.35,25
1719462779939,94.75,150
1719462780307,95.05,150
1719462780501,95.1,50
1719462780806,95.2,50
1719462780806,95.2,50
1719462781715,95.8,100
1719462782134,95.95,25
1719462783593,96.25,25
1719462784182,96.5,100
1719462785364,96.2,75
1719462785544,96.2,100
1719462785544,96.2,100
1719462788274,96.5,100
1719462788274,96.5,100
1719462789491,96.6,25
1719462789911,96.55,75
1719462789911,96.55,75
1719462792147,96.7,150
1719462792423,97.0,75
1719462793758,96.2,50
1719462794428,96.4,125
1719462795244,96.55,200
1719462795244,96.55,200
1719462795647,96.15,300
1719462795647,96.15,300
1719462798147,95.85,200
1719462798430,95.65,25
1719462798430,95.65,25
1719462800160,96.3,150
1719462800160,96.3,150
1719462800607,96.55,750
1719462801984,96.45,25
1719462802135,96.4,25
1719462802216,96.7,25
1719462803579,96.85,50
1719462803730,96.75,25
1719462804350,96.5,150
1719462804694,96.35,50
1719462805438,96.55,25
1719462806254,96.2,150
1719462806422,96.0,75
1719462807202,95.9,25
1719462808381,95.8,100
1719462808883,95.4,25
1719462809547,95.0,25
1719462810358,94.6,50
1719462810358,94.6,50
1719462810993,94.35,25
1719462811552,94.35,25
1719462811962,94.0,75
1719462812947,93.3,25
1719462813318,93.8,100
1719462813883,94.2,25
1719462814208,93.55,200
1719462814686,93.0,100
1719462816097,93.1,25
1719462816097,93.1,25
1719462817215,93.05,50
1719462817896,93.0,25
1719462817896,93.0,25
1719462820091,92.45,25
1719462820204,92.2,50
1719462820204,92.2,50
1719462821366,91.85,50
1719462821996,91.75,25
1719462821996,91.75,25
1719462823196,92.7,25
1719462823651,92.5,25
1719462824155,92.45,25
1719462825292,92.35,25
1719462825292,92.35,25
1719462825292,92.35,25
1719462825292,92.35,25
1719462829452,92.15,150
1719462830597,92.7,100
1719462831337,92.5,25
1719462831337,92.5,25
1719462832725,93.2,25
1719462833404,92.75,25
1719462833404,92.75,25
1719462834047,92.6,25
1719462835057,93.1,50
1719462835490,93.3,25
1719462835625,93.0,25
1719462837096,93.1,25
1719462837345,93.2,50
1719462837345,93.2,50
1719462839431,93.2,25
1719462840182,94.25,25
1719462840182,94.25,25
1719462840182,94.25,25
1719462840182,94.25,25
1719462840182,94.25,25
1719462844256,94.1,25
1719462845326,94.65,150
1719462845733,94.25,50
1719462846170,94.25,75
1719462846170,94.25,75
1719462847796,93.9,150
1719462848352,93.4,50
1719462848352,93.4,50
1719462848352,93.4,50
1719462851554,94.1,25
1719462851554,94.1,25
1719462851554,94.1,25
1719462854436,94.4,50
1719462854436,94.4,50
1719462856015,94.55,50
1719462856446,94.35,25
1719462856446,94.35,25
1719462856446,94.35,25
1719462858830,93.7,25
1719462858830,93.7,25
1719462861232,94.0,125
1719462861232,94.0,125
1719462862740,94.5,200
1719462863264,94.5,25
1719462863264,94.5,25
1719462865524,95.0,125
1719462866993,94.5,300
1719462866993,94.5,300
1719462867925,94.45,25
1719462868737,94.7,25
1719462869285,93.85,25
1719463135986,97.5,50
1719463135986,97.5,50
1719463135986,97.5,50
1719463139942,98.65,50
1719463320633,100.55,75
1719463320633,100.55,75
1719463320633,100.55,75
1719463321209,101.0,100
1719463322743,101.85,50
1719463323306,101.4,100
1719463324451,101.55,100
1719463324451,101.55,100
1719463324451,101.55,100
1719463327130,101.35,25
1719463327130,101.35,25
1719463328050,101.25,25
1719463328050,101.25,25
1719463330674,101.2,75
1719463330674,101.2,75
1719463331945,101.35,25
1719463331945,101.35,25
1719463332971,101.15,100
1719463334200,101.35,25
1719463334200,101.35,25
1719463335827,100.65,25
1719463335827,100.65,25
1719463336649,101.2,50
1719463336955,101.3,25
1719463338342,101.3,25
1719463338812,101.0,25
1719463340548,100.8,25
1719463341131,101.4,75
1719463341131,101.4,75
1719463341131,101.4,75
1719463343032,101.05,25
1719463343513,101.25,25
1719463344179,100.9,25
1719463345669,100.85,25
1719463345794,101.1,25
1719463345794,101.1,25
1719463347048,100.7,50
1719463347048,100.7,50
1719463348169,100.9,25
1719463348169,100.9,25
1719463348169,100.9,25
1719463348169,100.9,25
1719463351998,100.9,75
1719463352884,101.35,25
1719463352884,101.35,25
1719463353486,101.4,150
1719463353486,101.4,150
1719463355197,102.1,50
1719463356260,101.85,25
1719463357028,102.85,50
1719463357360,103.0,25
1719463357360,103.0,25
1719463358448,102.75,100
1719463358448,102.75,100
1719463358448,102.75,100
1719463361510,102.95,50
1719463362314,102.8,25
1719463362974,102.75,25
1719463362974,102.75,25
1719463364820,103.15,25
1719463365109,103.2,25
1719463366315,103.2,25
1719463366690,102.8,25
1719463367286,103.2,25
1719463367286,103.2,25
1719463368790,103.1,25
1719463368946,103.3,175
1719463368946,103.3,175
1719463370237,103.7,25
1719463370237,103.7,25
1719463371575,103.6,25
1719463372877,104.15,50
1719463372924,104.2,100
1719463373205,103.8,25
1719463373788,104.25,50
1719463373788,104.25,50
1719463375753,104.2,25
1719463375753,104.2,25
1719463376695,103.95,25
1719463376920,103.8,25
1719463377889,103.8,200
1719463377889,103.8,200
1719463378770,104.0,75
1719463379889,103.0,450
1719463380680,103.25,50
1719463381004,102.55,75
1719463381191,102.85,25
1719463381443,102.75,125
1719463381443,102.75,125
1719463383109,102.6,50
1719463384048,101.2,225
1719463384677,101.4,100
1719463384677,101.4,100
1719463385234,101.45,175
1719463386303,101.45,100
1719463386303,101.45,100
1719463387742,101.85,25
1719463387742,101.85,25
1719463387742,101.85,25
1719463387742,101.85,25
1719463391560,101.25,75
1719463392281,101.45,100
1719463392281,101.45,100
1719463393240,101.45,25
1719463393731,101.05,50
1719463393731,101.05,50
1719463393731,101.05,50
1719463396532,100.85,25
1719463396532,100.85,25
1719463396532,100.85,25
1719463399586,101.25,25
1719463399586,101.25,25
1719463399586,101.25,25
1719463404282,100.7,200
1719463404282,100.7,200
1719463404282,100.7,200
1719463406497,100.35,25
1719463406817,100.35,25
1719463407949,99.5,25
1719463408055,99.55,50
1719463408802,99.25,25
1719463409084,99.0,75
1719463409084,99.0,75
1719463410858,98.0,50
1719463411118,98.15,50
1719463411831,98.5,50
1719463411831,98.5,50
1719463413457,98.15,25
1719463413457,98.15,25
1719463414707,98.8,50
1719463414707,98.8,50
1719463417111,98.25,25
1719463417715,97.85,50
1719463417715,97.85,50
1719463418585,97.9,25
1719463419600,97.7,25
1719463419832,98.0,125
1719463419832,98.0,125
1719463421697,98.0,75
1719463422208,98.0,25
1719463422208,98.0,25
1719463423063,97.65,25
1719463423063,97.65,25
1719463425222,97.05,25
1719463425573,97.3,50
1719463425573,97.3,50
1719463426619,97.05,25
1719463427709,96.65,175
1719463427709,96.65,175
1719463428884,94.0,50
1719463429155,94.0,100
1719463429873,93.6,25
1719463430269,94.55,25
1719463430269,94.55,25
1719463431640,94.05,125
1719463432770,92.6,25
1719463433125,92.75,125
1719463433866,93.3,50
1719463434435,93.6,75
1719463434435,93.6,75
1719463435982,92.85,25
1719463435982,92.85,25
1719463436611,92.85,25
1719463436611,92.85,25
1719463438815,93.35,25
1719463438815,93.35,25
1719463439805,93.7,125
1719463440340,93.9,25
1719463440932,94.3,125
1719463440932,94.3,125
1719463441948,93.95,25
1719463442521,94.2,25
1719463443046,94.15,25
1719463443046,94.15,25
1719463443046,94.15,25
1719463445125,94.65,150
1719463445510,95.1,25
1719463445510,95.1,25
1719463446302,95.25,25
1719463447505,94.85,25
1719463447505,94.85,25
1719463447505,94.85,25
1719463449839,95.2,25
1719463450592,95.0,25
1719463450592,95.0,25
1719463450592,95.0,25
1719463453058,95.8,25
1719463453945,95.05,25
1719463453945,95.05,25
1719463454943,96.0,25
1719463454943,96.0,25
1719463456327,95.75,25
1719463456889,95.55,25
1719463457044,95.7,25
1719463457044,95.7,25
1719463458287,95.85,125
1719463459260,95.0,125
1719463459260,95.0,125
1719463460468,95.05,25
1719463460468,95.05,25
1719463461731,94.5,125
1719463462368,95.15,50
1719463463962,95.0,25
1719463463962,95.0,25
1719463463962,95.0,25
1719463466002,94.75,25
1719463467354,95.0,25
1719463467354,95.0,25
1719463468898,95.25,200
1719463469176,95.55,50
1719463469176,95.55,50
1719463470565,96.25,325
1719463470565,96.25,325
1719463470565,96.25,325
1719463473420,96.9,50
1719463474122,97.05,225
1719463474122,97.05,225
1719463477200,97.15,25
1719463477200,97.15,25
1719463478691,96.0,225
1719463478691,96.0,225
1719463480224,95.55,25
1719463480224,95.55,25
1719463481433,95.2,25
1719463482028,95.3,25
1719463482587,95.05,25
1719463482587,95.05,25
1719463483484,94.75,150
1719463483484,94.75,150
1719463484831,94.7,75
1719463486033,95.0,50
1719463486110,95.15,25
1719463486110,95.15,25
1719463489165,94.5,75
1719463489165,94.5,75
1719463490505,94.9,100
1719463490505,94.9,100
1719463491278,94.6,25
1719463491619,94.2,350
1719463492672,94.0,25
1719463493191,94.4,25
1719463493191,94.4,25
1719463495288,94.2,100
1719463495505,94.0,100
1719463495505,94.0,100
1719463496933,94.2,25
1719463497281,94.25,250
1719463497281,94.25,250
1719463498776,94.6,25
1719463498776,94.6,25
1719463498776,94.6,25
1719463501604,94.8,75
1719463501604,94.8,75
1719463503193,94.7,25
1719463503193,94.7,25
1719463506140,93.45,150
1719463506906,93.15,50
1719463507609,93.85,50
1719463507913,94.25,50
1719463508064,94.05,50
1719463508064,94.05,50
1719463510887,94.0,50
1719463510887,94.0,50
1719463512643,93.5,50
1719463512643,93.5,50
1719463513867,93.6,25
1719463513867,93.6,25
1719463513867,93.6,25
1719463516754,93.0,25
1719463517785,93.2,100
1719463517785,93.2,100
1719463518004,93.6,25
1719463519324,93.3,100
1719463519324,93.3,100
1719463520507,93.8,200
1719463521334,93.9,50
1719463521334,93.9,50
1719463521334,93.9,50
1719463521334,93.9,50
1719463521334,93.9,50
1719463521334,93.9,50
1719463528347,95.25,25
1719463528347,95.25,25
1719463528347,95.25,25
1719463528347,95.25,25
1719463531740,96.1,50
1719463531740,96.1,50
1719463531740,96.1,50
1719463535580,96.5,650
1719463535580,96.5,650
1719463537009,96.95,75
1719463537009,96.95,75
1719463537009,96.95,75
1719463540273,97.25,25
1719463540273,97.25,25
1719463541718,96.95,75
1719463542833,97.3,25
1719463542833,97.3,25
1719463544268,97.5,75
1719463544268,97.5,75
1719463545627,97.3,25
1719463545627,97.3,25
1719463545627,97.3,25
1719463545627,97.3,25
1719463549734,98.5,25
1719463549734,98.5,25
1719463552330,98.2,25
1719463552330,98.2,25
1719463554467,97.75,25
1719463556104,97.6,75
1719463556104,97.6,75
1719463557534,97.45,50
1719463557534,97.45,50
1719463559061,97.6,25
1719463559061,97.6,25
1719463559061,97.6,25
1719463559061,97.6,25
1719463559061,97.6,25
1719463564101,96.7,50
1719463564101,96.7,50
1719463564737,96.7,50
1719463565514,97.1,25
1719463565973,96.85,25
1719463565973,96.85,25
1719463565973,96.85,25
1719463565973,96.85,25
1719463570832,96.15,25
1719463571402,96.65,175
1719463571569,96.8,25
1719463571569,96.8,25
1719463573425,95.95,25
1719463573440,95.85,25
1719463573440,95.85,25
1719463575453,96.5,25
1719463575676,96.3,200
1719463576083,96.25,25
1719463576083,96.25,25
1719463576083,96.25,25
1719463576083,96.25,25
1719463579728,95.8,25
1719463580829,95.85,25
1719463580829,95.85,25
1719463581951,95.65,25
1719463582728,95.3,25
1719463582966,95.3,25
1719463583951,94.8,25
1719463584664,94.55,25
1719463584811,94.55,25
1719463585948,94.95,25
1719463586380,95.05,25
1719463586736,95.25,200
1719463587292,95.1,25
1719463587292,95.1,25
1719463589463,95.25,100
1719463589463,95.25,100
1719463589940,95.45,25
1719463590417,95.4,75
1719463590417,95.4,75
1719463590417,95.4,75
1719463591745,95.65,25
1719463592186,95.4,100
1719463592186,95.4,100
1719463593131,95.15,25
1719463594400,95.15,50
1719463594400,95.15,50
1719463594400,95.15,50
1719463594400,95.15,50
1719463599006,94.6,225
1719463599110,94.85,50
1719463599110,94.85,50
1719463599110,94.85,50
1719463602389,95.1,25
1719463602909,95.9,75
1719463603690,95.8,75
1719463603690,95.8,75
1719463605157,97.15,75
1719463605157,97.15,75
1719463605157,97.15,75
1719463608703,97.0,250
1719463609239,96.7,100
1719463609239,96.7,100
1719463609239,96.7,100
1719463609239,96.7,100
1719463609239,96.7,100
1719463609239,96.7,100
1719463616972,96.65,25
1719463616972,96.65,25
1719463619474,96.25,25
1719463619474,96.25,25
1719463619474,96.25,25
1719463621070,95.6,25
1719463621070,95.6,25
1719463622119,95.3,50
1719463622666,95.55,50
1719463623031,95.7,25
1719463623245,95.25,50
1719463623245,95.25,50
1719463623245,95.25,50
1719463627359,95.55,50
1719463627599,95.2,25
1719463627599,95.2,25
1719463627599,95.2,25
1719463627599,95.2,25
1719463632594,95.7,100
1719463632594,95.7,100
1719463632594,95.7,100
1719463632594,95.7,100
1719463637030,96.65,25
1719463637030,96.65,25
1719463637030,96.65,25
1719463637030,96.65,25
1719463637030,96.65,25
1719463644594,97.2,25
1719463644594,97.2,25
1719463645804,97.5,50
1719463645942,97.15,25
1719463645942,97.15,25
1719463647256,97.0,25
1719463647256,97.0,25
1719463649223,96.0,100
1719463649594,96.25,225
1719463649594,96.25,225
1719463649594,96.25,225
1719463649594,96.25,225
1719463649594,96.25,225
1719463654335,95.7,100
1719463654335,95.7,100
1719463654335,95.7,100
1719463658146,95.0,100
1719463658146,95.0,100
1719463658146,95.0,100
1719463661452,95.4,50
1719463661452,95.4,50
1719463662034,95.15,25
1719463662916,95.0,25
1719463663114,95.15,75
1719463663262,95.15,300
1719463663262,95.15,300
1719463665902,94.7,150
1719463666437,95.3,125
1719463666437,95.3,125
1719463666437,95.3,125
1719463668244,94.7,25
1719463668244,94.7,25
1719463670474,94.8,25
1719463670799,95.1,150
1719463670799,95.1,150
1719463670799,95.1,150
1719463674639,96.35,25
1719463674639,96.35,25
1719463674639,96.35,25
1719463674639,96.35,25
1719463674639,96.35,25
1719463674639,96.35,25
1719463674639,96.35,25
1719463674639,96.35,25
1719463674639,96.35,25
1719463685792,95.2,100
1719463685792,95.2,100
1719463685792,95.2,100
1719463685792,95.2,100
1719463691546,95.5,25
1719463691546,95.5,25
1719463691546,95.5,25
1719463691546,95.5,25
1719463695677,95.5,50
1719463695998,95.0,25
1719463695998,95.0,25
1719463698049,96.0,25
1719463698049,96.0,25
1719463698360,96.4,25
1719463698360,96.4,25
1719463699899,96.45,75
1719463700801,96.3,25
1719463701154,96.25,25
1719463701154,96.25,25
1719463701154,96.25,25
1719463703688,96.25,75
1719463703688,96.25,75
1719463704519,95.9,25
1719463704519,95.9,25
1719463705296,95.65,25
1719463706227,95.95,75
1719463706227,95.95,75
1719463706227,95.95,75
1719463708680,95.95,50
1719463709422,95.95,25
1719463709833,96.1,25
1719463709833,96.1,25
1719463711271,95.95,25
1719463711271,95.95,25
1719463713019,96.95,75
1719463713019,96.95,75
1719463713469,97.0,100
1719463713469,97.0,100
1719463716444,96.95,25
1719463716444,96.95,25
1719463716691,97.2,25
1719463717709,97.0,100
1719463717709,97.0,100
1719463718330,97.15,25
1719463719549,97.4,25
1719463719549,97.4,25
1719463720915,97.6,50
1719463721492,97.65,50
1719463721746,97.8,50
1719463722641,98.0,100
1719463722641,98.0,100
1719463722641,98.0,100
1719463726432,97.4,25
1719463726432,97.4,25
1719463727591,97.0,150
1719463728138,96.65,25
1719463728138,96.65,25
1719463728138,96.65,25
1719463732659,96.25,25
1719463732659,96.25,25
1719463732659,96.25,25
1719463735148,96.15,25
1719463735148,96.15,25
1719463735148,96.15,25
1719463738675,97.1,25
1719463738675,97.1,25
1719463738675,97.1,25
1719463738675,97.1,25
1719463743193,96.65,25
1719463744027,96.25,25
1719463744027,96.25,25
1719463744027,96.25,25
1719463744027,96.25,25
1719463744027,96.25,25
1719463744027,96.25,25
1719463744027,96.25,25
1719463754264,96.8,25
1719463754264,96.8,25
1719463754264,96.8,25
1719463757082,97.0,100
1719463757082,97.0,100
1719463758833,97.4,25
1719463759398,97.7,25
1719463759398,97.7,25
1719463760569,98.0,25
1719463760569,98.0,25
1719463762416,97.95,25
1719463762858,97.85,25
1719463762858,97.85,25
1719463763854,97.7,25
1719463763854,97.7,25
1719463765652,97.75,50
1719463765652,97.75,50
1719463765652,97.75,50
1719463769628,96.5,25
1719463769628,96.5,25
1719463769628,96.5,25
1719463771200,96.75,100
1719463771200,96.75,100
1719463771200,96.75,100
1719463773737,97.0,300
1719463773737,97.0,300
1719463773737,97.0,300
1719463776987,98.0,25
1719463776987,98.0,25
1719463778482,97.6,100
1719463778482,97.6,100
1719463778482,97.6,100
1719463782462,97.35,150
1719463782462,97.35,150
1719463782462,97.35,150
1719463782462,97.35,150
1719463782462,97.35,150
1719463788376,97.25,25
1719463788376,97.25,25
1719463788376,97.25,25
1719463792072,97.4,25
1719463792072,97.4,25
1719463793609,97.45,75
1719463793859,97.4,25
1719463793859,97.4,25
1719463793859,97.4,25
1719463797507,97.25,25
1719463797507,97.25,25
1719463798561,97.5,25
1719463799227,97.35,25
1719463799227,97.35,25
1719463800110,96.95,50
1719463800797,97.2,25
1719463800797,97.2,25
1719463801091,96.55,25
1719463801091,96.55,25
1719463803223,96.45,25
1719463803223,96.45,25
1719463803223,96.45,25
1719463803223,96.45,25
1719463803223,96.45,25
1719463803223,96.45,25
1719463803223,96.45,25
1719463803223,96.45,25
1719463803223,96.45,25
1719463803223,96.45,25
1719463803223,96.45,25
1719463820231,97.55,50
1719463820231,97.55,50
1719463820231,97.55,50
1719463824064,98.05,50
1719463824064,98.05,50
1719463825626,98.25,25
1719463825626,98.25,25
1719463825626,98.25,25
1719463829911,97.0,25
1719463829911,97.0,25
1719463829911,97.0,25
1719463829911,97.0,25
1719463832697,97.9,50
1719463832697,97.9,50
1719463834325,97.4,25
1719463834325,97.4,25
1719463835361,97.5,25
1719463836112,97.5,50
1719463836112,97.5,50
1719463837254,97.25,25
1719463837741,96.95,25
1719463837741,96.95,25
1719463837741,96.95,25
1719463840914,97.0,200
1719463840914,97.0,200
1719463842962,96.95,25
1719463843057,96.5,50
1719463843057,96.5,50
1719463844658,96.5,25
1719463844658,96.5,25
1719463845799,96.85,25
1719463845799,96.85,25
1719463845799,96.85,25
1719463845799,96.85,25
1719463850986,96.5,50
1719463850986,96.5,50
1719463850986,96.5,50
1719463854145,96.5,125
1719463854145,96.5,125
1719463854145,96.5,125
1719463854145,96.5,125
1719463858900,97.4,25
1719463860240,97.85,75
1719463860240,97.85,75
1719463861517,97.1,25
1719463861517,97.1,25
1719463861517,97.1,25
1719463861517,97.1,25
1719463865798,97.15,25
1719463865798,97.15,25
1719463865798,97.15,25
1719463865798,97.15,25
1719463865798,97.15,25
1719463865798,97.15,25
1719463865798,97.15,25
1719463865798,97.15,25
1719463877725,97.75,25
1719463877725,97.75,25
1719463878707,97.95,25
1719463879378,97.55,50
1719463880056,97.6,25
1719463880919,98.0,50
1719463881324,98.05,25
1719463881324,98.05,25
1719463885000,98.05,25
1719463885000,98.05,25
1719463885000,98.05,25
1719463888159,98.45,25
1719463888159,98.45,25
1719463888840,98.1,75
1719463889973,98.05,25
1719463889973,98.05,25
1719463889973,98.05,25
1719463889973,98.05,25
1719463892052,98.05,25
1719463892052,98.05,25
1719463892052,98.05,25
1719463896567,96.6,25
1719463896567,96.6,25
1719463897266,97.0,200
1719463897266,97.0,200
1719463898765,97.1,25
1719463898765,97.1,25
1719463900638,97.65,25
1719463900638,97.65,25
1719463902985,98.05,50
1719463902985,98.05,50
1719463903885,98.0,50
1719463903885,98.0,50
1719463905246,97.35,50
1719463906157,97.75,75
1719463906157,97.75,75
1719463906157,97.75,75
1719463906157,97.75,75
1719463906157,97.75,75
1719463912493,97.75,25
1719463912493,97.75,25
1719463914413,98.0,25
1719463914751,98.0,150
1719463914751,98.0,150
1719463915377,97.9,75
1719463915377,97.9,75
1719463918141,97.8,175
1719463918141,97.8,175
1719463919801,97.85,25
1719463919801,97.85,25
1719463919801,97.85,25
1719463919801,97.85,25
1719463922226,97.45,50
1719463922226,97.45,50
1719463922226,97.45,50
1719463922226,97.45,50
1719463928430,97.25,200
1719463928430,97.25,200
1719463930929,97.3,50
1719463930929,97.3,50
1719463932689,97.5,125
1719463932689,97.5,125
1719463934933,98.0,75
1719463934933,98.0,75
1719463936375,98.25,25
1719463936518,98.3,25
1719463937077,97.55,25
1719463938263,97.5,25
1719463938263,97.5,25
1719463938263,97.5,25
1719463938263,97.5,25
1719463938263,97.5,25
1719463944637,97.35,25
1719463944637,97.35,25
1719463946180,97.65,25
1719463946180,97.65,25
1719463946180,97.65,25
1719463946180,97.65,25
1719463950440,97.0,75
1719463950983,97.25,75
1719463950983,97.25,75
1719463953066,97.15,25
1719463953066,97.15,25
1719463953066,97.15,25
1719463956567,96.45,25
1719463956909,96.15,25
1719463957024,96.3,50
1719463957222,96.65,25
1719463957222,96.65,25
1719463959016,96.45,25
1719463959649,96.35,100
1719463959649,96.35,100
1719463959649,96.35,100
1719463962106,95.9,75
1719463962922,96.3,25
1719463962922,96.3,25
1719463962922,96.3,25
1719463966050,96.7,50
1719463966050,96.7,50
1719463967373,97.0,25
1719463967373,97.0,25
1719463967373,97.0,25
1719463971147,96.6,25
1719463971147,96.6,25
1719463971147,96.6,25
1719463971147,96.6,25
1719463971147,96.6,25
1719463977174,96.65,100
1719463978332,96.8,150
1719463978332,96.8,150
1719463979589,96.9,25
1719463980044,97.35,175
1719463980044,97.35,175
1719463980044,97.35,175
1719463980044,97.35,175
1719463980044,97.35,175
1719463980044,97.35,175
1719463980044,97.35,175
1719463989016,96.4,25
1719463989016,96.4,25
1719463991621,96.85,50
1719463991621,96.85,50
1719463991621,96.85,50
1719463991621,96.85,50
1719463991621,96.85,50
1719463991621,96.85,50
1719463999120,96.0,50
1719463999120,96.0,50
1719464000720,95.45,25
1719464000720,95.45,25
1719464002370,95.7,150
1719464003403,95.85,25
1719464003403,95.85,25
1719464005562,95.4,25
1719464005562,95.4,25
1719464007979,95.45,25
1719464008194,95.45,25
1719464008194,95.45,25
1719464008194,95.45,25
1719464010608,95.3,50
1719464010608,95.3,50
1719464011641,95.0,500
1719464011641,95.0,500
1719464012120,95.0,175
1719464012120,95.0,175
1719464014061,94.75,50
1719464014061,94.75,50
1719464014061,94.75,50
1719464014061,94.75,50
1719464014061,94.75,50
1719464021464,95.95,25
1719464021464,95.95,25
1719464023120,96.2,25
1719464023439,96.2,25
1719464024011,95.95,25
1719464025053,95.6,25
1719464025053,95.6,25
1719464026052,95.45,25
1719464026712,95.1,25
1719464027082,95.1,25
1719464027082,95.1,25
1719464027082,95.1,25
1719464027082,95.1,25
1719464027082,95.1,25
1719464032683,95.1,25
1719464032683,95.1,25
1719464034365,94.8,25
1719464035187,94.75,25
1719464035187,94.75,25
1719464035715,94.8,25
1719464035715,94.8,25
1719464037613,94.45,25
1719464037613,94.45,25
1719464037613,94.45,25
1719464040892,93.95,25
1719464041139,94.05,50
1719464041139,94.05,50
1719464041139,94.05,50
1719464041139,94.05,50
1719464041139,94.05,50
1719464047564,94.15,25
1719464047759,94.15,25
1719464047759,94.15,25
1719464047759,94.15,25
1719464051072,93.45,125
1719464051072,93.45,125
1719464051072,93.45,125
1719464055365,94.5,25
1719464055947,94.5,25
1719464055947,94.5,25
1719464058092,95.0,25
1719464058344,94.95,50
1719464058344,94.95,50
1719464058344,94.95,50
1719464058344,94.95,50
1719464058344,94.95,50
1719464064186,93.7,75
1719464064564,93.55,25
1719464064564,93.55,25
1719464064564,93.55,25
1719464068470,93.95,25
1719464068470,93.95,25
1719464068470,93.95,25
1719464068470,93.95,25
1719464068470,93.95,25
1719464073733,93.75,25
1719464073733,93.75,25
1719464073733,93.75,25
1719464073733,93.75,25
1719464073733,93.75,25
1719464073733,93.75,25
1719464073733,93.75,25
1719464083939,93.0,100
1719464083939,93.0,100
1719464083939,93.0,100
1719464087033,93.05,25
1719464087935,92.7,25
1719464087935,92.7,25
1719464089042,92.95,25
1719464090268,92.85,25
1719464090268,92.85,25
1719464091187,92.8,100
1719464091693,92.9,25
1719464092388,93.6,100
1719464093392,93.7,50
1719464093392,93.7,50
1719464094990,94.65,50
1719464095368,94.5,100
1719464095368,94.5,100
1719464095368,94.5,100
1719464095368,94.5,100
1719464095368,94.5,100
1719464095368,94.5,100
1719464095368,94.5,100
1719464102423,94.35,75
1719464102423,94.35,75
1719464102423,94.35,75
1719464105547,94.4,25
1719464106573,94.35,25
1719464106908,94.3,25
1719464107817,94.0,25
1719464108170,94.05,25
1719464108170,94.05,25
1719464108170,94.05,25
1719464108170,94.05,25
1719464108170,94.05,25
1719464108170,94.05,25
1719464116855,94.55,25
1719464116855,94.55,25
1719464116855,94.55,25
1719464116855,94.55,25
1719464120894,94.9,150
1719464121140,95.0,50
1719464121140,95.0,50
1719464121140,95.0,50
1719464121140,95.0,50
1719464121140,95.0,50
1719464128161,94.5,25
1719464128161,94.5,25
1719464128161,94.5,25
1719464128161,94.5,25
1719464128161,94.5,25
1719464133236,94.1,75
1719464133236,94.1,75
1719464133907,94.0,25
1719464133907,94.0,25
1719464136539,94.2,100
1719464136539,94.2,100
1719464138136,93.8,25
1719464138136,93.8,25
1719464139185,93.85,25
1719464139185,93.85,25
1719464139185,93.85,25
1719464143206,94.2,25
1719464143206,94.2,25
1719464143206,94.2,25
1719464143206,94.2,25
1719464143206,94.2,25
1719464143206,94.2,25
1719464143206,94.2,25
1719464143206,94.2,25
1719464143206,94.2,25
1719464143206,94.2,25
1719464143206,94.2,25
1719464159961,93.95,25
1719464159961,93.95,25
1719464159961,93.95,25
1719464161828,94.2,25
1719464161828,94.2,25
1719464161828,94.2,25
1719464161828,94.2,25
1719464161828,94.2,25
1719464161828,94.2,25
1719464161828,94.2,25
1719464173556,95.45,50
1719464173556,95.45,50
1719464173556,95.45,50
1719464176681,94.5,25
1719464176681,94.5,25
1719464178488,94.8,25
1719464178488,94.8,25
1719464178488,94.8,25
1719464178488,94.8,25
1719464178488,94.8,25
1719464184194,96.0,75
1719464184194,96.0,75
1719464184194,96.0,75
1719464187367,95.95,25
1719464187367,95.95,25
1719464187367,95.95,25
1719464187367,95.95,25
1719464187367,95.95,25
1719464187367,95.95,25
1719464196233,95.85,25
1719464196233,95.85,25
1719464196233,95.85,25
1719464196233,95.85,25
1719464196233,95.85,25
1719464196233,95.85,25
1719464205108,94.85,25
1719464205567,95.15,150
1719464205648,94.85,25
1719464205648,94.85,25
1719464208556,95.75,175
1719464208556,95.75,175
1719464210177,95.8,25
1719464210209,96.05,50
1719464210209,96.05,50
1719464210209,96.05,50
1719464210209,96.05,50
1719464210209,96.05,50
1719464217142,96.0,50
1719464217142,96.0,50
1719464218877,96.3,25
1719464219078,96.95,150
1719464220296,97.35,25
1719464220296,97.35,25
1719464220296,97.35,25
1719464220296,97.35,25
1719464220296,97.35,25
1719464225060,97.35,225
1719464225060,97.35,225
1719464226148,97.7,25
1719464226557,97.65,25
1719464227977,98.0,25
1719464227977,98.0,25
1719464228809,98.75,75
1719464229971,98.7,50
1719464229971,98.7,50
1719464232807,98.7,100
1719464232807,98.7,100
1719464234179,98.8,25
1719464234179,98.8,25
1719464234179,98.8,25
1719464234179,98.8,25
1719464234179,98.8,25
1719464241150,99.05,25
1719464241721,99.0,150
1719464242200,99.0,1325
1719464242349,98.9,200
1719464242349,98.9,200
1719464242349,98.9,200
1719464246058,98.9,25
1719464246966,100.1,25
1719464247110,99.8,100
1719464248335,100.4,100
1719464248335,100.4,100
1719464249375,101.0,25
1719464250087,100.7,50
1719464250087,100.7,50
1719464251012,100.6,25
1719464251611,100.45,50
1719464251611,100.45,50
1719464252511,100.8,25
1719464253244,101.4,25
1719464254156,101.9,25
1719464255460,101.0,100
1719464255791,100.95,50
1719464255791,100.95,50
1719464255791,100.95,50
1719464259761,100.95,25
1719464260380,100.45,175
1719464260380,100.45,175
1719464261221,100.7,25
1719464261221,100.7,25
1719464262341,101.0,25
1719464263070,101.4,125
1719464263599,101.45,25
1719464263599,101.45,25
1719464263599,101.45,25
1719464265595,101.6,25
1719464265595,101.6,25
1719464267573,101.35,25
1719464267907,101.45,50
1719464268646,101.3,25
1719464269353,101.5,125
1719464269840,101.75,100
1719464270466,101.4,300
1719464270732,101.1,150
1719464271858,101.45,25
1719464272301,100.75,125
1719464272775,101.25,100
1719464272775,101.25,100
1719464274072,101.0,125
1719464274664,101.35,50
1719464274664,101.35,50
1719464276107,101.75,25
1719464276107,101.75,25
1719464277855,101.25,125
1719464278218,101.25,25
1719464278433,101.25,1150
1719464278433,101.25,1150
1719464279925,100.35,75
1719464279925,100.35,75
1719464279925,100.35,75
1719464279925,100.35,75
1719464282197,101.8,275
1719464282696,101.35,100
1719464283482,101.6,25
1719464284114,101.4,1375
1719464284114,101.4,1375
1719464286711,101.35,250
1719464286832,100.95,25
1719464286832,100.95,25
1719464287364,101.35,25
1719464288282,101.3,25
1719464288912,101.4,25
1719464289447,101.1,25
1719464289447,101.1,25
1719464290841,101.55,75
1719464292095,102.35,50
1719464292253,103.25,125
1719464292952,102.6,25
1719464292952,102.6,25
1719464295379,102.55,75
1719464295961,102.4,75
1719464296988,101.9,75
1719464296988,101.9,75
1719464298655,102.1,25
1719464299378,102.8,50
1719464299698,102.7,350
1719464300437,102.4,25
1719464301214,101.95,25
1719464301214,101.95,25
1719464302771,102.15,25
1719464303205,102.05,50
1719464303575,102.55,125
1719464303918,102.05,25
1719464304368,102.6,25
1719464304368,102.6,25
1719464306093,102.0,25
1719464306093,102.0,25
1719464307808,102.6,25
1719464307808,102.6,25
1719464309675,103.6,75
1719464310008,103.25,75
1719464310008,103.25,75
1719464310956,103.5,25
1719464311172,103.45,25
1719464311834,103.35,125
1719464312403,103.85,100
1719464312614,103.6,50
1719464313727,104.0,100
1719464313727,104.0,100
1719464315159,104.3,25
1719464315159,104.3,25
1719464316239,104.45,25
1719464316611,104.45,200
1719464317371,105.05,125
1719464317670,105.05,125
1719464318254,104.7,25
1719464319216,104.5,25
1719464319698,105.05,25
1719464320918,105.1,175
1719464320918,105.1,175
1719464323339,105.75,50
1719464323339,105.75,50
1719464324154,105.6,25
1719464324273,105.4,50
1719464324273,105.4,50
1719464325653,104.4,50
1719464327157,104.6,100
1719464327157,104.6,100
1719464328204,103.9,75
1719464328359,103.8,100
1719464329309,103.15,100
1719464330023,102.85,1000
1719464330525,103.6,25
1719464331259,104.05,25
1719464331872,104.15,400
1719464331872,104.15,400
1719464332970,104.45,25
1719464332970,104.45,25
1719464334307,104.4,25
1719464334307,104.4,25
1719464337089,104.4,50
1719464337089,104.4,50
1719464338008,104.55,50
1719464338771,104.75,50
1719464339128,104.3,25
1719464340471,104.7,50
1719464340471,104.7,50
1719464341870,104.4,75
1719464343607,104.5,1000
1719464343607,104.5,1000
1719464344085,104.9,125
1719464345142,104.6,25
1719464345552,104.7,25
1719464346107,104.9,50
1719464346869,105.3,25
1719464348314,104.9,100
1719464348649,105.2,25
1719464349451,104.8,25
1719464350268,105.1,25
1719464350268,105.1,25
1719464350268,105.1,25
1719464351631,105.25,50
1719464351631,105.25,50
1719464352484,105.05,125
1719464353698,104.8,50
1719464353698,104.8,50
1719464354739,104.8,25
1719464355517,104.8,25
1719464355746,104.55,125
1719464355746,104.55,125
1719464355746,104.55,125
1719464360236,104.75,75
1719464360376,104.95,25
1719464361425,105.25,450
1719464362129,105.3,25
1719464362129,105.3,25
1719464362129,105.3,25
1719464366932,104.75,25
1719464366932,104.75,25
1719464367387,104.65,25
1719464367387,104.65,25
1719464369076,104.6,200
1719464369212,104.75,25
1719464369212,104.75,25
1719464370893,104.95,25
1719464371693,104.9,25
1719464371693,104.9,25
1719464372702,104.8,100
1719464372702,104.8,100
1719464374788,104.95,25
1719464375514,104.9,25
1719464375514,104.9,25
1719464375514,104.9,25
1719464377320,104.85,100
1719464377320,104.85,100
1719464379386,104.65,25
1719464379386,104.65,25
1719464381473,104.55,25
1719464381473,104.55,25
1719464382700,105.0,25
1719464382700,105.0,25
1719464384271,103.9,25
1719464385262,104.0,25
1719464385570,103.85,25
1719464385570,103.85,25
1719464386973,103.6,100
1719464387342,103.55,100
1719464387342,103.55,100
1719464389067,104.2,50
1719464389067,104.2,50
1719464391963,104.7,50
1719464391963,104.7,50
1719464391963,104.7,50
1719464395456,104.05,25
1719464395456,104.05,25
1719464395456,104.05,25
1719464395456,104.05,25
1719464399230,104.7,100
1719464400295,104.75,50
1719464400607,104.45,25
1719464400724,104.05,25
1719464401338,103.8,25
1719464401966,103.5,25
1719464403410,103.75,25
1719464403410,103.75,25
1719464403410,103.75,25
1719464405963,104.85,25
1719464406500,105.15,200
1719464407139,104.6,100
1719464407139,104.6,100
1719464410203,104.65,25
1719464410203,104.65,25
1719464410766,104.5,50
1719464411489,104.65,25
1719464412561,104.1,25
1719464412561,104.1,25
1719464414501,103.8,275
1719464414501,103.8,275
1719464414501,103.8,275
1719464418048,104.15,25
1719464418476,104.4,25
1719464419070,104.45,25
1719464419070,104.45,25
1719464420126,104.7,25
1719464420126,104.7,25
1719464420126,104.7,25
1719464422527,104.25,250
1719464422527,104.25,250
1719464424241,104.0,75
1719464424327,104.3,25
1719464424327,104.3,25
1719464424327,104.3,25
1719464428525,104.3,25
1719464428525,104.3,25
1719464429493,104.3,25
1719464429493,104.3,25
1719464429493,104.3,25
1719464432303,104.45,75
1719464432303,104.45,75
1719464434240,104.85,125
1719464434240,104.85,125
1719464434240,104.85,125
1719464438052,105.45,150
1719464438052,105.45,150
1719464440291,105.5,500
1719464440456,105.75,25
1719464440456,105.75,25
1719464441401,105.45,200
1719464443617,105.5,25
1719464443617,105.5,25
1719464444428,104.4,50
1719464444428,104.4,50
1719464445871,105.0,100
1719464446478,104.7,25
1719464446478,104.7,25
1719464448104,104.35,25
1719464448464,104.75,25
1719464448464,104.75,25
1719464449841,104.65,25
1719464449841,104.65,25
1719464449841,104.65,25
1719464452515,104.8,75
1719464453584,104.2,25
1719464453958,104.3,50
1719464453958,104.3,50
1719464455364,104.1,25
1719464455364,104.1,25
1719464455364,104.1,25
1719464457890,104.2,25
1719464457890,104.2,25
1719464460105,103.8,25
1719464460105,103.8,25
1719464461065,103.3,50
1719464461211,103.35,25
1719464462196,103.35,200
1719464462196,103.35,200
1719464463098,102.2,100
1719464463670,102.0,25
1719464463670,102.0,25
1719464465708,101.65,25
1719464465708,101.65,25
1719464467864,101.95,225
1719464467864,101.95,225
1719464467864,101.95,225
1719464467864,101.95,225
1719464467864,101.95,225
1719464474579,103.05,25
1719464474579,103.05,25
1719464474579,103.05,25
1719464474579,103.05,25
1719464474579,103.05,25
1719464482202,102.05,75
1719464482571,102.3,25
1719464483010,102.3,25
1719464483010,102.3,25
1719464484540,102.2,25
1719464484672,102.2,25
1719464484672,102.2,25
1719464487588,102.0,25
1719464487588,102.0,25
1719464487588,102.0,25
1719464487588,102.0,25
1719464487588,102.0,25
1719464491044,101.85,25
1719464491044,101.85,25
1719464626568,86.3,50
1719464627018,86.1,50
1719464627557,85.8,50
1719464627767,86.05,25
1719464629317,88.8,150
1719464629506,88.25,25
1719464629853,88.75,25
1719464631032,88.65,50
1719464631345,88.75,100
1719464631731,88.05,25
1719464633391,87.45,25
1719464634218,87.2,25
1719464635432,85.7,50
1719464635988,84.4,250
1719464636516,84.0,25
1719464637623,83.6,50
1719464638136,84.65,25
1719464639219,84.2,50
1719464639560,84.7,25
1719464640146,85.0,25
1719464640146,85.0,25
1719464641638,84.1,25
1719464642259,84.6,50
1719464642763,85.2,150
1719464643500,84.8,25
1719464643500,84.8,25
1719464644672,84.9,325
1719464645280,85.75,75
1719464645808,85.5,50
1719464646097,85.45,25
1719464647359,87.25,200
1719464647595,87.25,250
1719464647595,87.25,250
1719464649454,87.75,50
1719464649683,87.65,175
1719464650396,87.25,75
1719464650986,86.7,100
1719464650986,86.7,100
1719464652385,86.3,25
1719464652385,86.3,25
1719464652385,86.3,25
1719464652385,86.3,25
1719464656337,85.8,25
1719464657212,85.9,175
1719464657212,85.9,175
1719464658414,86.15,25
1719464659341,87.15,150
1719464659341,87.15,150
1719464660463,88.1,50
1719464660463,88.1,50
1719464661434,88.2,100
1719464662507,88.15,25
1719464662507,88.15,25
1719464663132,86.8,75
1719464664469,85.8,25
1719464664469,85.8,25
1719464665453,86.3,50
1719464666208,86.85,100
1719464666208,86.85,100
1719464667706,86.85,25
1719464667852,87.2,50
1719464668121,87.15,25
1719464669034,86.05,50
1719464669034,86.05,50
1719464670330,86.85,200
1719464670738,87.75,25
1719464670738,87.75,25
1719464670738,87.75,25
1719464671795,88.05,50
1719464672822,88.45,250
1719464673054,87.6,25
1719464673921,87.9,150
1719464673921,87.9,150
1719464674670,88.15,75
1719464676194,88.2,200
1719464676194,88.2,200
1719464677494,88.25,75
1719464677494,88.25,75
1719464677494,88.25,75
1719464680015,87.15,25
1719464680227,87.0,125
1719464680850,86.7,25
1719464680850,86.7,25
1719464682718,87.55,25
1719464683046,86.85,25
1719464684411,87.35,50
1719464684580,87.5,25
1719464686125,87.35,150
1719464686125,87.35,150
1719464687839,86.45,175
1719464688366,86.4,25
1719464689090,87.1,50
1719464689090,87.1,50
1719464690944,86.6,100
1719464690944,86.6,100
1719464691379,86.0,100
1719464692447,86.0,25
1719464692757,85.9,100
1719464692757,85.9,100
1719464694485,85.55,175
1719464694485,85.55,175
1719464695451,85.0,200
1719464695451,85.0,200
1719464695451,85.0,200
1719464698612,85.0,250
1719464699173,84.4,50
1719464699633,83.95,250
1719464700376,83.95,25
1719464701021,83.3,75
1719464701116,83.45,25
1719464701116,83.45,25
1719464702312,83.1,25
1719464702312,83.1,25
1719464703571,83.35,225
1719464703964,83.45,25
1719464704579,82.45,25
1719464705561,83.5,25
1719464705862,83.95,25
1719464705862,83.95,25
1719464707417,83.5,50
1719464707708,83.85,25
1719464708271,83.55,25
1719464708604,83.85,75
1719464710627,84.5,50
1719464710627,84.5,50
1719464711461,84.5,100
1719464712307,85.0,150
1719464712910,84.75,200
1719464712910,84.75,200
1719464712910,84.75,200
1719464715498,86.1,100
1719464716085,85.75,100
1719464716607,85.7,100
1719464716607,85.7,100
1719464718971,85.7,25
1719464718971,85.7,25
1719464719715,85.2,50
1719464721133,84.8,125
1719464721229,84.8,75
1719464721603,84.85,25
1719464722627,84.0,50
1719464722627,84.0,50
1719464723270,84.0,350
1719464724300,83.85,25
1719464724865,84.65,75
1719464725497,84.1,50
1719464725497,84.1,50
1719464727385,84.0,25
1719464727385,84.0,25
1719464729401,83.25,75
1719464729401,83.25,75
1719464730403,84.0,50
1719464730634,84.0,25
1719464730634,84.0,25
1719464730634,84.0,25
1719464732829,83.35,25
1719464732829,83.35,25
1719464733490,84.5,25
1719464733490,84.5,25
1719464733490,84.5,25
1719464733490,84.5,25
1719464738238,84.15,75
1719464738238,84.15,75
1719464739694,83.9,25
1719464741190,84.9,250
1719464741357,84.8,75
1719464741796,84.65,100
1719464741796,84.65,100
1719464743185,84.05,25
1719464743951,84.45,50
1719464743951,84.45,50
1719464743951,84.45,50
1719464746345,84.3,25
1719464747539,85.0,25
1719464747923,84.9,25
1719464747923,84.9,25
1719464749137,85.05,150
1719464749137,85.05,150
1719464749905,85.05,100
1719464750859,84.95,100
1719464750859,84.95,100
1719464752466,85.1,50
1719464752466,85.1,50
1719464752466,85.1,50
1719464755125,85.55,25
1719464755881,86.25,75
1719464755881,86.25,75
1719464756643,87.0,25
1719464757124,86.7,100
1719464757124,86.7,100
1719464758516,86.35,25
1719464759252,86.45,25
1719464759252,86.45,25
1719464759935,86.65,50
1719464759935,86.65,50
1719464759935,86.65,50
1719464761693,86.4,50
1719464762410,85.7,25
1719464762925,85.85,25
1719464763338,85.75,25
1719464763701,85.6,25
1719464765682,84.3,150
1719464766189,84.6,50
1719464766189,84.6,50
1719464767211,85.15,25
1719464767800,84.9,25
1719464767800,84.9,25
1719464769133,85.9,25
1719464769933,86.4,50
1719464769933,86.4,50
1719464772478,86.4,25
1719464772478,86.4,25
1719464773396,87.05,75
1719464774199,86.5,25
1719464774199,86.5,25
1719464774199,86.5,25
1719464776590,85.7,100
1719464777887,85.75,50
1719464777887,85.75,50
1719464778086,85.65,50
1719464778673,85.65,75
1719464779571,85.35,50
1719464779571,85.35,50
1719464780932,85.8,250
1719464780932,85.8,250
1719464782450,85.6,25
1719464782450,85.6,25
1719464784536,86.3,150
1719464784536,86.3,150
1719464784536,86.3,150
1719464786383,87.3,150
1719464787117,88.15,25
1719464787117,88.15,25
1719464788074,87.5,200
1719464788972,87.95,50
1719464788972,87.95,50
1719464789680,87.45,25
1719464791027,87.3,25
1719464791192,87.1,150
1719464791426,86.6,50
1719464792406,86.25,150
1719464792406,86.25,150
1719464792406,86.25,150
1719464795171,86.45,250
1719464795848,85.7,25
1719464795848,85.7,25
1719464797713,86.95,25
1719464797713,86.95,25
1719464798199,87.0,75
1719464799095,87.25,75
1719464799095,87.25,75
1719464799095,87.25,75
1719464802146,86.75,25
1719464802725,87.55,75
1719464802725,87.55,75
1719464804425,86.65,25
1719464804425,86.65,25
1719464804425,86.65,25
1719464804425,86.65,25
1719464808451,87.5,25
1719464809376,87.35,75
1719464809376,87.35,75
1719464810788,87.05,25
1719464810788,87.05,25
1719464811591,86.65,25
1719464812634,86.0,75
1719464812634,86.0,75
1719464813749,86.55,100
1719464813749,86.55,100
1719464815768,86.85,25
1719464815768,86.85,25
1719464815768,86.85,25
1719464818480,86.65,25
1719464818561,86.5,900
1719464818561,86.5,900
1719464820856,86.25,50
1719464820856,86.25,50
1719464820856,86.25,50
1719464822508,87.3,25
1719464822508,87.3,25
1719464823395,87.15,25
1719464824671,86.55,25
1719464825282,86.5,100
1719464825282,86.5,100
1719464826660,86.0,50
1719464826712,85.6,100
1719464826712,85.6,100
1719464826712,85.6,100
1719464829827,87.5,100
1719464831196,89.0,25
1719464832565,89.55,100
1719464832784,89.5,25
1719464832784,89.5,25
1719464834693,88.9,50
1719464835234,88.8,25
1719464836159,87.75,200
1719464836552,87.75,25
1719464837087,87.9,150
1719464837087,87.9,150
1719464837087,87.9,150
1719464840805,88.35,75
1719464840805,88.35,75
1719464842376,88.2,125
1719464842376,88.2,125
1719464842376,88.2,125
1719464845360,89.25,50
1719464845360,89.25,50
1719464846895,89.3,25
1719464846895,89.3,25
1719464848969,88.8,75
1719464849630,89.1,75
1719464850341,89.0,25
1719464850688,89.0,25
1719464850688,89.0,25
1719464850688,89.0,25
1719464850688,89.0,25
1719464853823,89.4,250
1719464854468,89.9,250
1719464854468,89.9,250
1719464856199,89.2,150
1719464857903,90.45,300
1719464857903,90.45,300
1719464859301,90.05,75
1719464859301,90.05,75
1719464860160,89.9,25
1719464860588,89.65,25
1719464860588,89.65,25
1719464862198,89.0,25
1719464862198,89.0,25
1719464863230,89.15,25
1719464864190,88.3,150
1719464864190,88.3,150
1719464864190,88.3,150
1719464864190,88.3,150
1719464864190,88.3,150
1719464864190,88.3,150
1719464864190,88.3,150
1719464864190,88.3,150
1719464876314,90.6,200
1719464876314,90.6,200
1719464876314,90.6,200
1719464879301,90.15,100
1719464879301,90.15,100
1719464880588,89.55,100
1719464881017,89.5,50
1719464881017,89.5,50
1719464881017,89.5,50
1719464881017,89.5,50
1719464881017,89.5,50
1719464881017,89.5,50
1719464886937,89.1,75
1719464888268,89.3,25
1719464888268,89.3,25
1719464888268,89.3,25
1719464891946,88.55,175
1719464892495,88.0,150
1719464892495,88.0,150
1719464893905,87.9,25
1719464894231,87.55,25
1719464894231,87.55,25
1719464894231,87.55,25
1719464894231,87.55,25
1719464894231,87.55,25
1719464899927,87.75,25
1719464901266,87.05,50
1719464901266,87.05,50
1719464902617,87.3,25
1719464902617,87.3,25
1719464903432,87.6,25
1719464904523,88.4,25
1719464905015,89.15,150
1719464905799,90.05,425
1719464905799,90.05,425
1719464905799,90.05,425
1719464909496,89.75,25
1719464909496,89.75,25
1719464910513,91.6,25
1719464910513,91.6,25
1719464911549,91.5,25
1719464911804,90.95,150
1719464911804,90.95,150
1719464911804,90.95,150
1719464911804,90.95,150
1719464917644,89.1,75
1719464917644,89.1,75
1719464917644,89.1,75
1719464917644,89.1,75
1719464917644,89.1,75
1719464917644,89.1,75
1719464917644,89.1,75
1719464917644,89.1,75
1719464929831,90.3,500
1719464929831,90.3,500
1719464929831,90.3,500
1719464931968,90.15,25
1719464931968,90.15,25
1719464934724,89.2,50
1719464934724,89.2,50
1719464934952,88.8,25
1719464934952,88.8,25
1719464934952,88.8,25
1719464939149,89.85,250
1719464939780,90.0,500
1719464939780,90.0,500
1719464939780,90.0,500
1719464939780,90.0,500
1719464942760,89.85,150
1719464942760,89.85,150
1719464943130,89.65,25
1719464943130,89.65,25
1719464945092,90.25,250
1719464945092,90.25,250
1719464947175,89.9,50
1719464947175,89.9,50
1719464947175,89.9,50
1719464949187,89.55,100
1719464949187,89.55,100
1719464949187,89.55,100
1719464952337,87.8,100
1719464952606,88.3,25
1719464952606,88.3,25
1719464952606,88.3,25
1719464952606,88.3,25
1719464957653,89.35,25
1719464957653,89.35,25
1719464958217,89.3,50
1719464959790,89.8,25
1719464959790,89.8,25
1719464959790,89.8,25
1719464959790,89.8,25
1719464959790,89.8,25
1719464959790,89.8,25
1719464968640,89.25,50
1719464968640,89.25,50
1719464970317,88.9,25
1719464970473,88.8,25
1719464970860,88.8,25
1719464970860,88.8,25
1719464970860,88.8,25
1719464970860,88.8,25
1719464970860,88.8,25
1719464970860,88.8,25
1719464970860,88.8,25
1719464980451,88.6,50
1719464980451,88.6,50
1719464980451,88.6,50
1719464980451,88.6,50
1719464985574,89.5,25
1719464985574,89.5,25
1719464985574,89.5,25
1719464989704,88.55,25
1719464989990,88.8,225
1719464989990,88.8,225
1719464991392,88.4,25
1719464992472,88.6,75
1719464992593,88.65,75
1719464992593,88.65,75
1719464994741,88.75,150
1719464994741,88.75,150
1719464994741,88.75,150
1719464997611,88.25,75
1719464997611,88.25,75
1719464998879,88.1,25
1719464998879,88.1,25
1719465000865,88.55,25
1719465000865,88.55,25
1719465001165,88.35,50
1719465001165,88.35,50
1719465001922,88.75,100
1719465001922,88.75,100
1719465001922,88.75,100
1719465001922,88.75,100
1719465001922,88.75,100
1719465009264,89.2,25
1719465009264,89.2,25
1719465009264,89.2,25
1719465009264,89.2,25
1719465009264,89.2,25
1719465009264,89.2,25
1719465018052,88.8,75
1719465020821,89.15,25
1719465020821,89.15,25
1719465020821,89.15,25
1719465024610,87.0,25
1719465024819,86.95,25
1719465025744,86.0,25
1719465026141,85.65,50
1719465026141,85.65,50
1719465027287,87.0,150
1719465027287,87.0,150
1719465029994,89.0,150
1719465029994,89.0,150
1719465029994,89.0,150
1719465029994,89.0,150
1719465029994,89.0,150
1719465036553,89.3,150
1719465037280,89.95,125
1719465037948,88.85,50
1719465037948,88.85,50
1719465038658,88.9,25
1719465038658,88.9,25
1719465038658,88.9,25
1719465038658,88.9,25
1719465038658,88.9,25
1719465046614,88.8,150
1719465046614,88.8,150
1719465046614,88.8,150
1719465049063,89.05,100
1719465049063,89.05,100
1719465051119,89.5,75
1719465051119,89.5,75
1719465052520,88.95,25
1719465052520,88.95,25
1719465053948,90.25,175
1719465054112,90.0,25
1719465054112,90.0,25
1719465056587,88.5,200
1719465056587,88.5,200
1719465057709,87.65,200
1719465058176,87.15,25
1719465058176,87.15,25
1719465059375,86.3,25
1719465059375,86.3,25
1719465059375,86.3,25
1719465059375,86.3,25
1719465059375,86.3,25
1719465063347,86.85,75
1719465063347,86.85,75
1719465065534,87.15,25
1719465066036,86.9,25
1719465066036,86.9,25
1719465067515,87.0,25
1719465068019,86.35,50
1719465068019,86.35,50
1719465068019,86.35,50
1719465070721,86.5,50
1719465070721,86.5,50
1719465070721,86.5,50
1719465073907,86.7,175
1719465073907,86.7,175
1719465073907,86.7,175
1719465073907,86.7,175
1719465079942,87.75,150
1719465079942,87.75,150
1719465080680,87.9,25
1719465080680,87.9,25
1719465082401,87.4,25
1719465083017,87.4,50
1719465083017,87.4,50
1719465085337,87.4,25
1719465086195,87.4,25
1719465086630,87.45,75
1719465086630,87.45,75
1719465086630,87.45,75
1719465086630,87.45,75
1719465086630,87.45,75
1719465090716,87.0,50
1719465090716,87.0,50
1719465091177,87.1,25
1719465092524,86.5,25
1719465092524,86.5,25
1719465093655,85.9,200
1719465093655,85.9,200
1719465093655,85.9,200
1719465093655,85.9,200
1719465098875,86.15,375
1719465099537,85.7,125
1719465099537,85.7,125
1719465101567,85.2,100
1719465101567,85.2,100
1719465102570,84.15,25
1719465103263,84.3,25
1719465103263,84.3,25
1719465104819,85.9,25
1719465104819,85.9,25
1719465105495,85.35,25
1719465105495,85.35,25
1719465107904,85.0,50
1719465107904,85.0,50
1719465107904,85.0,50
1719465111473,86.05,150
1719465112857,85.15,25
1719465113100,84.65,25
1719465113100,84.65,25
1719465115036,84.6,250
1719465115036,84.6,250
1719465117053,84.9,25
1719465117806,84.45,75
1719465118135,84.0,50
1719465118135,84.0,50
1719465120233,84.8,25
1719465120233,84.8,25
1719465120233,84.8,25
1719465121626,84.9,25
1719465121626,84.9,25
1719465122249,85.35,25
1719465123142,85.45,50
1719465123392,85.7,25
1719465124595,85.75,25
1719465124595,85.75,25
1719465125871,85.55,200
1719465125871,85.55,200
1719465126873,85.45,25
1719465127177,85.55,25
1719465127949,85.25,25
1719465128640,85.2,25
1719465129648,85.3,25
1719465129648,85.3,25
1719465129648,85.3,25
1719465131573,85.1,75
1719465131656,85.1,25
1719465132585,84.1,25
1719465133277,84.15,25
1719465133277,84.15,25
1719465134648,84.3,25
1719465134648,84.3,25
1719465134648,84.3,25
1719465136566,83.7,25
1719465137687,83.6,25
1719465137687,83.6,25
1719465138823,84.0,25
1719465139774,84.05,25
1719465139885,84.25,25
1719465140068,84.25,25
1719465141240,84.15,25
1719465141706,84.05,25
1719465142242,83.8,25
1719465142242,83.8,25
1719465143877,83.35,25
1719465144403,83.2,25
1719465144821,83.4,25
1719465145649,84.15,25
1719465146395,84.3,25
1719465146395,84.3,25
1719465147412,84.2,25
1719465148416,84.15,25
1719465148416,84.15,25
1719465149112,84.2,25
1719465149112,84.2,25
1719465150424,84.95,25
1719465150424,84.95,25
1719465150424,84.95,25
1719465151987,84.75,25
1719465152160,85.0,25
1719465153101,84.9,25
1719465153101,84.9,25
1719465153101,84.9,25
1719465155491,84.7,25
1719465155491,84.7,25
1719465157046,84.7,25
1719465157046,84.7,25
1719465157046,84.7,25
1719465158907,84.2,25
1719465158907,84.2,25
1719465160208,84.6,25
1719465161240,84.75,25
1719465161840,84.8,25
1719465162133,85.1,25
1719465162735,85.1,25
1719465162735,85.1,25
1719465164184,85.2,25
1719465164947,85.2,25
1719465164947,85.2,25
1719465164947,85.2,25
1719465167527,85.0,75
1719465167527,85.0,75
1719465168526,84.5,25
1719465169421,84.2,25
1719465170073,84.0,150
1719465170735,84.05,25
1719465171157,84.3,25
1719465171807,84.0,50
1719465171807,84.0,50
1719465171807,84.0,50
1719465174652,83.35,25
1719465174926,83.55,25
1719465175526,83.6,25
1719465176246,83.85,25
1719465176726,83.9,75
1719465176962,83.85,25
1719465176962,83.85,25
1719465179744,83.5,25
1719465179744,83.5,25
1719465179744,83.5,25
1719465181822,83.85,25
1719465182097,83.85,25
1719465183288,83.9,25
1719465183288,83.9,25
1719465183852,84.0,225
1719465184998,83.3,25
1719465184998,83.3,25
1719465185875,83.65,75
1719465185875,83.65,75
1719465187532,84.0,25
1719465188486,83.4,25
1719465188521,83.45,25
1719465189841,83.5,25
1719465189841,83.5,25
1719465190930,83.15,50
1719465191474,83.15,25
1719465192421,83.85,50
1719465193471,83.85,25
1719465193471,83.85,25
1719465193471,83.85,25
1719465195392,83.55,25
1719465196473,83.55,25
1719465197622,83.45,50
1719465197622,83.45,50
1719465198848,82.8,25
1719465200119,82.0,25
1719465200448,82.1,50
1719465201692,81.3,250
1719465201758,81.4,25
1719465202864,80.85,25
1719465203444,79.85,25
1719465203802,80.05,25
1719465226695,74.6,25
1719465226860,73.95,50
1719465228045,72.5,25
1719465228290,71.9,300
1719465228870,70.6,250
1719465229192,69.7,50
1719465229192,69.7,50
1719465230664,72.0,150
1719465231502,72.3,150
1719465231955,72.1,25
1719465232498,72.5,50
1719465232498,72.5,50
1719465234159,72.65,25
1719465234691,72.9,100
1719465234702,72.8,25
1719465235740,72.45,50
1719465236755,70.65,25
1719465236755,70.65,25
1719465237857,69.65,25
1719465238547,70.5,25
1719465238547,70.5,25
1719465239845,70.65,25
1719465239908,70.55,50
1719465240868,68.95,50
1719465240977,68.75,25
1719465241859,68.95,150
1719465242862,69.0,25
1719465242862,69.0,25
1719465243759,69.0,125
1719465244837,69.95,25
1719465245068,70.0,1000
1719465245647,70.05,25
1719465246502,69.0,25
1719465246891,69.7,50
1719465247977,69.75,50
1719465248332,70.2,50
1719465248520,70.5,25
1719465249680,69.35,25
1719465250065,68.95,125
1719465251229,69.0,25
1719465252698,69.0,25
1719465253312,68.3,50
1719465253831,68.75,25
1719465254081,68.5,25
1719465254081,68.5,25
1719465255891,70.7,75
1719465256177,70.4,25
1719465257884,69.9,25
1719465258372,68.75,25
1719465258539,68.55,200
1719465259070,68.35,25
1719465259070,68.35,25
1719465260215,68.45,200
1719465261746,69.0,25
1719465261938,69.05,150
1719465263096,68.6,50
1719465263415,68.25,50
1719465263679,68.4,50
1719465264293,68.7,200
1719465265013,69.35,25
1719465265525,68.6,25
1719465266651,69.15,25
1719465266799,69.3,200
1719465267450,69.0,175
1719465267450,69.0,175
1719465268472,69.2,50
1719465269695,68.1,250
1719465269695,68.1,250
1719465271114,66.95,50
1719465271699,67.2,25
1719465271699,67.2,25
1719465272629,66.75,25
1719465273016,66.7,25
1719465273690,66.55,50
1719465274459,65.85,25
1719465274459,65.85,25
1719465275800,66.75,1025
1719465276599,66.6,50
1719465276599,66.6,50
1719465277650,67.1,50
1719465277650,67.1,50
1719465278743,67.35,50
1719465279621,66.85,75
1719465279621,66.85,75
1719465280410,67.25,25
1719465281532,67.7,50
1719465281532,67.7,50
1719465282374,67.9,25
1719465283240,68.35,150
1719465283240,68.35,150
1719465284688,68.5,50
1719465284688,68.5,50
1719465285441,68.0,25
1719465286728,68.1,25
1719465286728,68.1,25
1719465289179,68.5,25
1719465289814,68.55,175
1719465290102,68.55,175
1719465290406,68.2,50
1719465291029,68.4,25
1719465291875,68.7,25
1719465292869,69.7,50
1719465292869,69.7,50
1719465294766,70.0,175
1719465294766,70.0,175
1719465298064,68.85,75
1719465298064,68.85,75
1719465298792,68.7,25
1719465298792,68.7,25
1719465301011,68.25,125
1719465301284,68.15,25
1719465301284,68.15,25
1719465302541,68.1,25
1719465303466,67.3,75
1719465304080,66.5,125
1719465304401,66.4,50
1719465305269,65.15,25
1719465305760,64.35,25
1719465306905,64.2,250
1719465307724,64.55,25
1719465308374,65.1,200
1719465308700,65.6,200
1719465309251,65.6,100
1719465309251,65.6,100
1719465310745,66.2,50
1719465310745,66.2,50
1719465312159,65.3,25
1719465312814,65.25,25
1719465313487,65.3,25
1719465313878,65.5,25
1719465314504,65.45,25
1719465315262,65.4,50
1719465315545,65.95,25
1719465316855,65.45,250
1719465316855,65.45,250
1719465317801,64.7,50
1719465318255,64.6,25
1719465318832,64.25,25
1719465319283,64.0,125
1719465319946,64.9,25
1719465319946,64.9,25
1719465319946,64.9,25
1719465322560,65.1,25
1719465323276,64.3,50
1719465323276,64.3,50
1719465324687,64.8,25
1719465324687,64.8,25
1719465325838,64.6,100
1719465326856,64.45,25
1719465327754,64.65,25
1719465328060,64.25,25
1719465328060,64.25,25
1719465328060,64.25,25
1719465330658,66.0,75
1719465330658,66.0,75
1719465330658,66.0,75
1719465332275,65.5,200
1719465332624,65.25,225
1719465332624,65.25,225
1719465333879,65.85,75
1719465335137,65.4,25
1719465335232,65.45,150
1719465335232,65.45,150
1719465336794,66.0,125
1719465337609,64.7,25
1719465338384,64.45,50
1719465338384,64.45,50
1719465339149,64.3,25
1719465339965,64.0,75
1719465340708,64.4,25
1719465340708,64.4,25
1719465340708,64.4,25
1719465344770,66.0,25
1719465345247,66.25,150
1719465345247,66.25,150
1719465345247,66.25,150
1719465345247,66.25,150
1719465345247,66.25,150
1719465350921,66.85,150
1719465350921,66.85,150
1719465352075,66.55,25
1719465353035,66.9,75
1719465353205,66.95,75
1719465353760,67.0,50
1719465354492,67.15,75
1719465354492,67.15,75
1719465355517,67.25,25
1719465356944,66.25,125
1719465357873,65.4,50
1719465358151,65.1,25
1719465359003,65.4,25
1719465359294,65.4,75
1719465359294,65.4,75
1719465359294,65.4,75
1719465359294,65.4,75
1719465359294,65.4,75
1719465363711,65.4,450
1719465364053,65.75,75
1719465365263,65.85,50
1719465365768,65.7,250
1719465366951,66.3,25
1719465366951,66.3,25
1719465368255,66.4,25
1719465368504,66.35,25
1719465368941,66.35,325
1719465369005,66.4,25
1719465369005,66.4,25
1719465370675,66.25,25
1719465371150,66.3,25
1719465371150,66.3,25
1719465372627,66.25,75
1719465372786,66.1,25
1719465372786,66.1,25
1719465374705,66.15,25
1719465374705,66.15,25
1719465374705,66.15,25
1719465377133,66.5,25
1719465377834,66.0,75
1719465377975,66.2,300
1719465378797,66.3,25
1719465379702,66.7,75
1719465380626,66.0,50
1719465380626,66.0,50
1719465382748,66.35,75
1719465383078,66.6,50
1719465383973,66.35,25
1719465384757,66.1,25
1719465384959,66.0,200
1719465385388,65.85,25
1719465386893,66.2,125
1719465386893,66.2,125
1719465387506,66.0,250
1719465387506,66.0,250
1719465389015,66.25,75
1719465389637,66.1,25
1719465389637,66.1,25
1719465390838,65.0,25
1719465390838,65.0,25
1719465391102,64.8,25
1719465391102,64.8,25
1719465393109,64.0,25
1719465393109,64.0,25
1719465394399,64.4,25
1719465394399,64.4,25
1719465396486,64.5,125
1719465396486,64.5,125
1719465397116,64.6,300
1719465397874,65.5,150
1719465398527,66.15,75
1719465398527,66.15,75
1719465398527,66.15,75
1719465398527,66.15,75
1719465402061,66.6,275
1719465402061,66.6,275
1719465403970,66.5,25
1719465403970,66.5,25
1719465403970,66.5,25
1719465408347,66.65,50
1719465408347,66.65,50
1719465408767,66.55,25
1719465409876,66.0,50
1719465409876,66.0,50
1719465410359,66.75,50
1719465411887,67.4,25
1719465411887,67.4,25
1719465413045,67.1,400
1719465413470,66.4,25
1719465413957,66.05,200
1719465414271,66.1,25
1719465415235,66.15,25
1719465415465,66.0,150
1719465416985,65.5,75
1719465416985,65.5,75
1719465416985,65.5,75
1719465416985,65.5,75
1719465416985,65.5,75
1719465416985,65.5,75
1719465416985,65.5,75
1719465423909,66.15,50
1719465425123,65.8,50
1719465425123,65.8,50
1719465426699,66.3,100
1719465426699,66.3,100
1719465428114,66.2,100
1719465428504,66.2,25
1719465428504,66.2,25
1719465429717,65.7,25
1719465430416,65.65,75
1719465430416,65.65,75
1719465430416,65.65,75
1719465432436,66.7,50
1719465433119,66.45,25
1719465433119,66.45,25
1719465434238,66.45,25
1719465434957,66.15,25
1719465434957,66.15,25
1719465436444,65.25,25
1719465436899,65.7,175
1719465436899,65.7,175
1719465437239,65.8,25
1719465438161,66.05,25
1719465440364,66.3,175
1719465440538,65.85,150
1719465441727,65.25,375
1719465441727,65.25,375
1719465441727,65.25,375
1719465444260,64.75,25
1719465444703,65.35,25
1719465444703,65.35,25
1719465444703,65.35,25
1719465448132,65.65,50
1719465448132,65.65,50
1719465449527,65.9,25
1719465449527,65.9,25
1719465450869,65.7,200
1719465450869,65.7,200
1719465450869,65.7,200
1719465450869,65.7,200
1719465450869,65.7,200
1719465455652,65.95,25
1719465456880,65.4,125
1719465456880,65.4,125
1719465458014,65.5,25
1719465458241,65.5,125
1719465458241,65.5,125
1719465460006,64.5,150
1719465460413,64.15,475
1719465460932,64.0,300
1719465461657,64.55,50
1719465463527,64.85,75
1719465463527,64.85,75
1719465464100,65.45,125
1719465465105,65.7,25
1719465465202,65.8,150
1719465465202,65.8,150
1719465465202,65.8,150
1719465468709,65.55,25
1719465468709,65.55,25
1719465468709,65.55,25
1719465468709,65.55,25
1719465468709,65.55,25
1719465468709,65.55,25
1719465476352,65.8,275
1719465476352,65.8,275
1719465476352,65.8,275
1719465476352,65.8,275
1719465476352,65.8,275
1719465481699,66.55,25
1719465482075,66.45,25
1719465482776,65.9,100
1719465483006,66.0,200
1719465483006,66.0,200
1719465483006,66.0,200
1719465485640,65.05,25
1719465486229,64.9,25
1719465486229,64.9,25
1719465488255,64.65,25
1719465488255,64.65,25
1719465488255,64.65,25
1719465488255,64.65,25
1719465492421,65.6,150
1719465492421,65.6,150
1719465494510,65.35,25
1719465494510,65.35,25
1719465495781,65.5,25
1719465497164,65.15,50
1719465497296,64.95,25
1719465497296,64.95,25
1719465497296,64.95,25
1719465501111,65.1,25
1719465501111,65.1,25
1719465502530,65.0,100
1719465502716,64.85,175
1719465503764,65.35,25
1719465504086,65.7,375
1719465504086,65.7,375
1719465505890,65.8,100
1719465505890,65.8,100
1719465507998,65.7,100
1719465507998,65.7,100
1719465508936,65.7,25
1719465508936,65.7,25
1719465508936,65.7,25
1719465512318,65.1,25
1719465512318,65.1,25
1719465514589,65.55,25
1719465514589,65.55,25
1719465514589,65.55,25
1719465517319,65.0,50
1719465517319,65.0,50
1719465519003,65.95,25
1719465519003,65.95,25
1719465519003,65.95,25
1719465519003,65.95,25
1719465519003,65.95,25
1719465525735,66.15,50
1719465525735,66.15,50
1719465527716,66.0,50
1719465527716,66.0,50
1719465529032,65.7,50
1719465529032,65.7,50
1719465532080,65.1,25
1719465532080,65.1,25
1719465534861,64.5,50
1719465535428,64.65,225
1719465535428,64.65,225
1719465536042,64.6,25
1719465536042,64.6,25
1719465537789,65.1,25
1719465537789,65.1,25
1719465539176,64.0,25
1719465539665,64.0,500
1719465539665,64.0,500
1719465539665,64.0,500
1719465541492,63.95,25
1719465541492,63.95,25
1719465542704,63.85,25
1719465543622,64.45,25
1719465544484,64.4,25
1719465544484,64.4,25
1719465546318,65.0,175
1719465546318,65.0,175
1719465547390,64.95,25
1719465548508,65.0,1625
1719465548508,65.0,1625
1719465548508,65.0,1625
1719465552181,64.9,25
1719465552181,64.9,25
1719465552181,64.9,25
1719465556863,64.85,25
1719465556863,64.85,25
1719465556863,64.85,25
1719465559670,65.0,50
1719465559670,65.0,50
1719465561982,65.95,150
1719465561982,65.95,150
1719465561982,65.95,150
1719465561982,65.95,150
1719465567052,65.65,50
1719465567539,65.6,25
1719465567539,65.6,25
1719465570648,65.8,25
1719465570648,65.8,25
1719465571538,65.75,25
1719465572253,65.8,75
1719465572866,65.3,75
1719465573829,65.9,100
1719465573829,65.9,100
1719465573829,65.9,100
1719465575606,65.25,25
1719465575652,65.25,25
1719465576582,65.7,25
1719465576582,65.7,25
1719465578391,65.4,25
1719465578780,65.35,25
1719465578928,65.0,225
1719465580018,65.8,50
1719465580106,65.8,25
1719465580106,65.8,25
1719465580106,65.8,25
1719465582951,65.6,100
1719465582951,65.6,100
1719465583976,65.35,350
1719465583976,65.35,350
1719465585704,65.25,100
1719465586834,65.4,50
1719465586834,65.4,50
1719465587368,65.65,75
1719465588472,65.9,150
1719465588472,65.9,150
1719465589378,66.1,150
1719465590210,66.45,575
1719465590210,66.45,575
1719465591794,66.95,25
1719465591794,66.95,25
1719465593721,66.7,25
1719465593721,66.7,25
1719465594946,66.55,25
1719465594946,66.55,25
1719465594946,66.55,25
1719465597683,67.65,50
1719465598753,69.45,25
1719465598948,70.0,50
1719465600304,68.7,25
1719465600534,69.15,100
1719465600534,69.15,100
1719465601799,68.15,125
1719465602488,68.4,25
1719465602978,68.05,250
1719465603899,68.45,25
1719465603899,68.45,25
1719465606081,68.6,50
1719465606712,68.55,25
1719465606712,68.55,25
1719465607437,69.15,75
1719465608551,69.0,150
1719465609028,69.2,75
1719465609028,69.2,75
1719465609028,69.2,75
1719465609028,69.2,75
1719465609028,69.2,75
1719465609028,69.2,75
1719465617450,69.0,25
1719465617974,68.4,25
1719465618473,68.65,75
1719465618473,68.65,75
1719465620363,68.3,25
1719465620363,68.3,25
1719465622033,68.2,25
1719465622178,68.25,50
1719465622862,68.4,25
1719465623875,68.9,25
1719465624656,69.8,25
1719465624656,69.8,25
1719465626233,70.0,25
1719465626731,70.8,50
1719465627334,72.25,25
1719465627808,72.1,350
1719465628339,72.55,25
1719465628921,72.95,125
1719465629842,72.6,25
1719465630427,72.5,75
1719465630427,72.5,75
1719465630427,72.5,75
1719465630427,72.5,75
1719465632870,71.8,250
1719465632870,71.8,250
1719465634033,72.15,25
1719465634206,72.0,25
1719465634206,72.0,25
1719465636296,72.45,50
1719465637346,72.7,100
1719465637346,72.7,100
1719465637938,73.45,50
1719465638112,73.7,250
1719465640005,74.95,150
1719465640786,74.45,25
1719465642031,74.1,25
1719465642384,73.8,75
1719465643926,73.8,225
1719465643926,73.8,225
1719465643926,73.8,225
1719465646347,73.45,50
1719465646977,73.5,75
1719465647094,73.5,125
1719465647094,73.5,125
1719465648604,73.75,25
1719465649202,73.55,50
1719465650402,74.1,75
1719465650849,74.05,50
1719465651931,73.35,150
1719465651931,73.35,150
1719465652438,73.4,50
1719465653777,73.7,25
1719465653777,73.7,25
1719465654087,73.55,25
1719465655565,73.0,150
1719465655984,73.35,75
1719465656778,73.5,25
1719465656778,73.5,25
1719465659090,73.5,50
1719465659877,74.2,50
1719465660148,74.15,75
1719465660148,74.15,75
1719465661954,73.7,25
1719465661954,73.7,25
1719465662889,74.0,50
1719465663230,73.95,25
1719465664299,73.65,25
1719465664299,73.65,25
1719465666696,73.35,50
1719465667168,73.55,25
1719465667168,73.55,25
1719465667168,73.55,25
1719465669815,73.9,50
1719465669815,73.9,50
1719465669815,73.9,50
1719465672266,73.95,25
1719465673042,73.85,75
1719465673798,73.4,25
1719465673798,73.4,25
1719465674985,73.8,50
1719465675240,73.65,25
1719465675240,73.65,25
1719465676984,74.0,925
1719465676984,74.0,925
1719465678712,74.05,25
1719465678712,74.05,25
1719465679989,73.8,25
1719465680267,74.0,250
1719465680974,74.2,50
1719465682007,73.95,25
1719465682007,73.95,25
1719465682297,73.65,50
1719465683833,73.7,50
1719465683833,73.7,50
1719465684703,73.55,50
1719465685074,74.25,25
1719465685959,74.5,250
1719465686859,76.9,25
1719465686859,76.9,25
1719465687265,77.05,25
1719465687265,77.05,25
1719465689289,75.5,25
1719465689773,74.8,250
1719465690608,75.2,150
1719465690844,75.35,75
1719465690844,75.35,75
1719465692074,75.65,25
1719465692171,75.9,25
1719465692489,75.45,25
1719465693581,75.45,25
1719465693581,75.45,25
1719465694596,75.25,50
1719465694596,75.25,50
1719465697268,75.45,225
1719465697829,75.55,75
1719465698651,74.95,100
1719465698651,74.95,100
1719465699873,75.45,25
1719465700375,75.4,25
1719465700716,75.35,25
1719465700716,75.35,25
1719465703070,75.3,25
1719465703070,75.3,25
1719465704526,75.65,100
1719465705005,75.95,25
1719465705005,75.95,25
1719465706479,75.2,325
1719465706775,75.25,25
1719465706775,75.25,25
1719465707700,75.65,225
1719465707700,75.65,225
1719465709854,75.4,100
1719465710557,75.2,100
1719465710850,75.35,100
1719465710850,75.35,100
1719465712313,75.15,75
1719465712934,74.15,100
1719465712934,74.15,100
1719465715274,75.0,700
1719465715274,75.0,700
1719465715274,75.0,700
1719465718564,75.1,25
1719465718564,75.1,25
1719465720074,75.3,25
1719465720350,75.15,25
1719465720350,75.15,25
1719465720350,75.15,25
1719465721200,74.75,150
1719465721200,74.75,150
1719465722822,74.3,25
1719465723407,74.0,500
1719465723407,74.0,500
1719465726551,73.9,25
1719465726551,73.9,25
1719465726551,73.9,25
1719465729782,73.6,75
1719465729782,73.6,75
1719465731165,73.45,25
1719465731165,73.45,25
1719465732567,73.7,75
1719465733033,73.4,25
1719465733033,73.4,25
1719465733033,73.4,25
1719465733033,73.4,25
1719465737758,74.15,25
1719465739053,74.2,150
1719465739053,74.2,150
1719465739053,74.2,150
1719465742644,74.0,125
1719465742644,74.0,125
1719465744234,73.15,25
1719465744234,73.15,25
1719465747321,73.6,100
1719465747321,73.6,100
1719465749548,73.3,75
1719465749548,73.3,75
1719465750767,74.0,25
1719465750767,74.0,25
1719465752653,74.1,25
1719465752808,74.15,25
1719465752808,74.15,25
1719465754270,73.05,25
1719465754270,73.05,25
1719465757249,73.6,25
1719465757249,73.6,25
1719465757249,73.6,25
1719465757249,73.6,25
1719465762322,73.45,25
1719465762387,73.5,425
1719465762387,73.5,425
1719465762387,73.5,425
1719465764493,73.4,25
1719465765521,72.25,25
1719465765566,72.0,100
1719465765566,72.0,100
1719465766477,71.75,25
1719465766477,71.75,25
1719465766477,71.75,25
1719465770295,73.5,75
1719465770345,73.7,75
1719465770345,73.7,75
1719465771275,73.7,50
1719465771275,73.7,50
1719465771275,73.7,50
1719465774794,73.0,375
1719465775734,73.3,50
1719465775734,73.3,50
1719465775734,73.3,50
1719465775734,73.3,50
1719465775734,73.3,50
1719465775734,73.3,50
1719465782319,72.7,50
1719465782319,72.7,50
1719465782319,72.7,50
1719465782319,72.7,50
1719465782319,72.7,50
1719465782319,72.7,50
1719465789757,73.35,25
1719465789757,73.35,25
1719465792153,72.5,225
1719465792882,72.85,250
1719465792963,72.9,175
1719465794021,73.1,25
1719465794666,72.55,50
1719465794666,72.55,50
1719465796096,73.05,50
1719465796556,72.7,50
1719465797088,72.15,50
1719465797088,72.15,50
1719465798712,72.0,50
1719465798712,72.0,50
1719465798712,72.0,50
1719465801456,71.05,50
1719465801902,70.85,25
1719465801902,70.85,25
1719465802629,71.05,50
1719465803264,71.15,75
1719465803264,71.15,75
1719465804276,71.7,50
1719465804276,71.7,50
1719465807313,71.25,75
1719465807918,71.25,275
1719465808937,70.9,75
1719465809200,70.95,300
1719465809904,71.15,25
1719465810139,71.25,50
1719465810139,71.25,50
1719465810139,71.25,50
1719465811194,72.05,25
1719465811194,72.05,25
1719465811194,72.05,25
1719465811194,72.05,25
1719465811194,72.05,25
1719465811194,72.05,25
1719465819639,71.2,75
1719465820139,71.5,250
1719465820154,71.7,25
1719465820855,71.6,25
1719465821917,71.5,50
1719465821917,71.5,50
1719465823095,72.0,975
1719465823095,72.0,975
1719465823095,72.0,975
1719465823095,72.0,975
1719465823095,72.0,975
1719465830209,71.7,25
1719465830209,71.7,25
1719465830209,71.7,25
1719465830209,71.7,25
1719465830209,71.7,25
1719465830209,71.7,25
1719465839339,71.7,25
1719465839339,71.7,25
1719465839339,71.7,25
1719465841398,71.95,25
1719465841398,71.95,25
1719465843118,71.5,25
1719465843118,71.5,25
1719465843118,71.5,25
1719465846247,71.1,50
1719465846885,70.7,50
1719465846885,70.7,50
1719465847492,71.4,75
1719465848931,71.85,25
1719465848966,71.8,25
1719465849941,71.8,25
1719465850521,71.6,25
1719465850521,71.6,25
1719465850521,71.6,25
1719465852906,71.25,175
1719465852906,71.25,175
1719465852906,71.25,175
1719465856749,70.05,25
1719465857450,69.4,75
1719465857605,69.5,50
1719465858831,68.65,50
1719465859063,68.0,25
1719465860130,68.65,50
1719465860130,68.65,50
1719465863049,69.35,50
1719465863049,69.35,50
1719465863049,69.35,50
1719465866511,69.1,250
1719465866799,68.75,25
1719465866799,68.75,25
1719465868034,68.95,25
1719465868034,68.95,25
1719465870809,68.7,50
1719465870809,68.7,50
1719465870809,68.7,50
1719465870809,68.7,50
1719465870809,68.7,50
1719465875202,68.95,25
1719465875202,68.95,25
1719465875202,68.95,25
1719465877751,68.5,25
1719465877751,68.5,25
1719465879759,68.7,50
1719465880677,68.2,25
1719465880677,68.2,25
1719465881552,68.05,25
1719465882039,67.9,50
1719465882039,67.9,50
1719465884158,67.05,25
1719465884158,67.05,25
1719465885126,68.0,100
1719465885126,68.0,100
1719465886894,66.55,25
1719465887087,66.5,25
1719465887087,66.5,25
1719465889246,67.15,150
1719465889844,68.05,25
1719465890453,68.05,125
