time,price,volume
1719461503417,132.15,75
1719461504424,132.6,50
1719461504745,132.5,25
1719461505423,131.85,75
1719461505635,132.1,25
1719461506445,132.9,25
1719461506760,132.9,25
1719461507526,132.45,25
1719461507882,132.2,25
1719461508528,131.1,25
1719461509095,132.2,75
1719461509095,132.2,75
1719461509569,131.75,100
1719461510190,132.25,25
1719461510733,132.5,25
1719461511251,132.4,100
1719461511527,132.05,50
1719461512519,131.45,50
1719461512721,132.8,100
1719461513544,131.8,250
1719461513707,131.85,200
1719461514492,131.05,450
1719461514873,131.45,50
1719461515542,130.9,100
1719461516072,129.9,25
1719461516276,129.05,100
1719461516609,128.45,150
1719461517489,130.0,125
1719461517731,130.25,25
1719461518755,132.0,100
1719461518897,132.95,150
1719461519533,132.4,150
1719461519779,131.8,100
1719461520059,131.9,275
1719461520542,131.95,50
1719461520887,131.5,25
1719461521516,131.55,50
1719461521904,132.25,25
1719461522085,132.65,25
1719461522529,133.1,25
1719461523540,132.65,125
1719461523727,132.8,175
1719461524556,133.8,175
1719461524712,133.95,25
1719461525505,133.15,50
1719461525790,133.5,25
1719461526540,134.3,50
1719461526902,135.85,25
1719461527739,137.15,325
1719461528099,136.95,75
1719461528322,136.75,25
1719461528371,136.95,25
1719461529323,136.15,75
1719461529547,136.4,25
1719461530499,135.95,25
1719461531495,136.45,25
1719461532377,135.95,25
1719461533450,136.15,500
1719461534463,135.25,25
1719461535500,135.9,75
1719461535500,135.9,75
1719461536529,135.8,100
1719461536684,135.85,25
1719461537558,136.0,25
1719461537754,135.7,75
1719461538568,135.8,125
1719461538590,135.75,25
1719461539549,136.0,325
1719461539883,136.45,25
1719461540205,137.05,50
1719461540562,137.3,275
1719461541437,137.8,25
1719461542556,137.6,75
1719461543765,138.45,75
1719461544487,138.65,25
1719461544754,138.65,50
1719461545563,139.25,25
1719461545775,140.0,500
1719461546557,140.5,100
1719461547153,139.15,25
1719461547347,138.7,100
1719461547556,138.8,75
1719461548373,138.3,25
1719461548564,138.4,200
1719461549490,137.95,25
1719461550000,138.4,25
1719461550537,137.8,125
1719461551559,138.35,25
1719461552278,137.9,75
1719461552759,138.4,25
1719461553516,138.45,25
1719461553665,138.8,75
1719461554556,137.5,250
1719461554976,137.4,25
1719461555529,137.85,100
1719461555985,137.35,25
1719461556558,137.95,25
1719461556840,137.95,25
1719461557332,137.3,200
1719461557470,137.0,175
1719461558368,136.75,200
1719461558442,136.6,150
1719461559363,136.75,25
1719461560472,137.4,25
1719461561577,137.5,250
1719461562579,138.05,25
1719461562662,138.35,350
1719461563554,139.15,75
1719461563783,139.45,100
1719461564549,140.35,25
1719461564976,140.9,25
1719461565494,140.35,50
1719461566189,139.8,200
1719461566337,139.95,50
1719461566506,140.0,25
1719461567397,140.65,25
1719461567556,140.4,75
1719461568411,140.35,25
1719461568534,140.2,75
1719461569573,140.3,125
1719461569573,140.3,125
1719461570592,140.45,25
1719461570987,139.65,25
1719461571571,138.55,25
1719461571967,138.45,25
1719461572277,138.45,50
1719461573202,139.2,25
1719461573259,138.95,50
1719461573576,138.9,25
1719461574511,139.2,25
1719461574750,139.35,25
1719461575567,139.0,500
1719461575567,139.0,500
1719461576600,137.65,25
1719461577595,137.4,250
1719461577751,137.75,25
1719461578083,137.05,25
1719461578873,137.15,25
1719461579240,137.0,250
1719461580040,136.65,100
1719461580460,137.15,125
1719461581029,137.65,25
1719461581472,137.5,50
1719461581973,137.6,25
1719461582419,137.3,200
1719461582425,137.35,25
1719461583486,137.25,100
1719461583668,136.8,50
1719461584455,136.8,25
1719461585042,137.5,350
1719461585529,137.85,25
1719461585995,138.35,25
1719461586595,139.2,25
1719461587009,138.75,25
1719461587433,138.6,25
1719461587433,138.6,25
1719461588561,139.35,75
1719461588721,139.5,400
1719461589480,139.15,225
1719461589825,139.25,25
1719461590526,140.15,125
1719461590659,140.15,25
1719461591543,140.35,25
1719461591708,140.1,175
1719461592543,140.5,50
1719461592844,140.85,25
1719461593507,140.65,25
1719461594028,139.75,25
1719461594447,138.9,250
1719461594606,139.35,25
1719461595577,138.85,100
1719461595700,139.1,50
1719461596579,138.0,425
1719461596800,138.1,50
1719461597412,138.35,50
1719461598378,138.4,50
1719461598573,138.0,25
1719461599505,138.1,75
1719461600124,138.05,50
1719461600544,137.65,25
1719461601436,137.65,375
1719461601599,136.85,25
1719461602380,138.65,300
1719461602380,138.65,300
1719461603475,138.45,25
1719461603475,138.45,25
1719461604300,139.4,75
1719461604300,139.4,75
1719461605610,137.65,400
1719461606453,137.0,25
1719461606453,137.0,25
1719461607572,138.8,25
1719461607626,139.35,75
1719461608564,139.5,25
1719461608866,139.5,25
1719461609560,138.7,50
1719461610052,138.75,50
1719461610434,139.25,25
1719461610434,139.25,25
1719461610870,138.65,125
1719461611568,138.3,25
1719461612443,138.5,25
1719461612443,138.5,25
1719461613436,138.95,75
1719461613436,138.95,75
1719461614267,138.85,75
1719461615030,139.0,25
1719461615376,139.85,75
1719461616061,139.05,25
1719461616581,138.6,25
1719461617045,139.3,25
1719461617340,139.25,25
1719461618491,140.1,325
1719461618612,140.2,25
1719461619555,138.85,25
1719461619778,138.95,425
1719461620524,138.75,75
1719461621035,137.75,25
1719461621566,137.3,25
1719461621998,137.5,50
1719461622246,137.4,50
1719461622246,137.4,50
1719461623643,136.75,50
1719461624696,135.2,50
1719461625088,134.25,25
1719461625558,134.2,25
1719461626297,134.35,25
1719461626453,134.7,100
1719461626580,135.05,25
1719461627437,134.7,25
1719461627567,134.3,75
1719461628357,133.15,50
1719461628526,133.3,25
1719461629697,134.2,250
1719461630582,133.75,25
1719461630723,133.75,50
1719461631536,134.7,25
1719461631954,135.8,25
1719461632606,134.8,150
1719461632948,134.15,100
1719461633518,134.85,50
1719461634297,134.1,250
1719461634380,134.5,50
1719461634531,134.25,25
1719461635263,135.1,250
1719461635513,134.6,50
1719461636625,134.65,25
1719461637663,134.5,25
1719461637893,134.55,25
1719461638159,134.5,100
1719461638656,135.1,225
1719461639500,135.4,275
1719461639870,134.85,50
1719461639870,134.85,50
1719461640526,135.0,50
1719461641089,134.55,25
1719461641420,135.05,25
1719461641420,135.05,25
1719461642720,135.45,25
1719461643073,135.1,25
1719461643495,135.2,25
1719461643495,135.2,25
1719461644408,135.05,75
1719461644582,134.85,25
1719461645153,135.4,25
1719461645685,136.05,50
1719461646743,135.65,175
1719461647577,135.25,25
1719461647821,135.95,25
1719461648614,135.05,125
1719461648900,135.05,25
1719461649513,135.7,25
1719461650292,135.65,25
1719461650518,135.8,25
1719461650518,135.8,25
1719461651588,134.9,25
1719461652527,134.6,50
1719461652527,134.6,50
1719461653605,133.45,500
1719461654524,133.2,100
1719461654683,133.25,50
1719461655309,133.05,25
1719461655827,133.6,25
1719461656583,133.4,25
1719461656863,133.25,50
1719461657573,133.0,100
1719461657870,133.35,75
1719461658529,134.3,75
1719461659119,135.65,25
1719461659526,134.65,25
1719461659561,134.55,50
1719461660557,135.45,25
1719461661447,136.1,200
1719461661447,136.1,200
1719461662128,137.0,75
1719461662887,137.85,25
1719461663636,138.3,25
1719461663876,136.55,50
1719461664547,137.1,25
1719461664727,137.8,25
1719461665435,136.8,25
1719461666033,136.9,25
1719461666615,136.65,50
1719461667099,136.0,25
1719461667241,135.9,25
1719461668131,134.5,50
1719461668619,134.55,25
1719461669360,135.3,25
1719461669420,135.3,75
1719461669753,134.95,25
1719461670548,135.05,25
1719461670548,135.05,25
1719461671452,134.75,25
1719461671452,134.75,25
1719461672017,135.2,25
1719461673436,135.4,25
1719461673436,135.4,25
1719461674682,136.5,50
1719461674682,136.5,50
1719461675597,135.85,150
1719461675597,135.85,150
1719461676605,134.9,25
1719461676665,135.0,75
1719461677624,134.5,75
1719461677907,134.45,25
1719461678623,136.0,50
1719461678667,135.45,50
1719461679498,136.6,25
1719461680078,137.25,175
1719461680561,137.15,25
1719461681174,135.95,25
1719461681439,136.15,100
1719461682295,135.6,75
1719461682575,135.8,250
1719461683527,134.45,25
1719461683527,134.45,25
1719461684613,134.0,25
1719461685391,134.45,25
1719461685720,134.6,25
1719461686640,134.1,75
1719461686905,134.0,500
1719461687519,134.35,50
1719461688054,134.65,25
1719461688632,134.95,25
1719461689121,135.3,100
1719461689565,134.25,25
1719461689818,134.35,25
1719461690585,133.9,50
1719461690585,133.9,50
1719461691344,133.35,50
1719461691944,133.45,25
1719461692390,134.05,100
1719461693211,134.1,150
1719461693618,134.15,25
1719461694152,133.85,25
1719461694622,133.75,25
1719461695234,133.25,25
1719461695234,133.25,25
1719461696510,134.05,25
1719461697435,133.55,25
1719461697759,133.6,25
1719461698414,134.6,225
1719461698974,135.55,50
1719461699647,135.15,25
1719461699917,135.0,25
1719461700657,133.95,25
1719461701207,132.75,25
1719461701786,132.7,25
1719461702148,132.75,50
1719461702668,132.1,75
1719461703393,133.15,25
1719461703641,133.0,75
1719461704414,132.55,25
1719461704678,132.7,25
1719461704784,132.5,25
1719461705686,134.15,75
1719461706589,135.1,50
1719461706839,134.7,25
1719461707601,135.85,25
1719461707988,136.75,25
1719461708621,135.7,25
1719461709021,135.7,50
1719461709521,136.4,25
1719461710013,135.4,75
1719461710377,134.15,25
1719461710851,133.65,50
1719461711656,133.35,75
1719461712030,134.15,25
1719461712574,134.1,50
1719461713334,134.7,50
1719461713632,135.6,25
1719461714353,135.65,25
1719461714353,135.65,25
1719461715052,135.6,25
1719461715802,135.6,200
1719461716500,135.45,25
1719461716760,135.9,100
1719461717550,135.95,25
1719461717741,135.45,75
1719461718504,135.3,25
1719461718504,135.3,25
1719461719659,133.85,25
1719461719969,132.95,50
1719461720656,132.35,75
1719461721003,132.7,125
1719461721679,132.9,75
1719461722055,133.2,50
1719461722628,133.1,50
1719461723144,133.15,25
1719461723576,133.4,25
1719461723909,133.05,25
1719461724558,132.0,25
1719461724915,132.2,25
1719461725602,132.0,25
1719461726186,132.15,25
1719461726612,132.1,75
1719461726612,132.1,75
1719461727767,132.9,100
1719461728606,132.1,175
1719461728701,132.2,75
1719461729456,132.7,25
1719461729755,132.15,25
1719461729904,132.25,75
1719461730503,131.45,25
1719461731020,132.15,25
1719461731661,130.9,25
1719461732010,130.15,25
1719461732869,128.55,50
1719461733254,128.35,25
1719461733677,128.05,200
1719461734432,125.45,25
1719461734620,125.3,375
1719461735436,125.65,50
1719461735889,124.0,25
1719461736442,123.5,25
1719461736682,123.7,50
1719461737659,125.35,25
1719461738034,125.8,50
1719461738615,126.2,25
1719461739037,127.1,50
1719461739617,127.45,25
1719461740234,127.3,50
1719461740662,127.5,50
1719461741323,127.9,50
1719461741680,127.75,75
1719461742218,128.0,25
1719461742677,128.75,25
1719461743019,128.45,100
1719461743859,128.2,25
1719461744449,127.9,25
1719461744571,128.2,50
1719461745647,127.9,75
1719461745862,127.45,225
1719461746614,127.85,25
1719461746866,127.55,150
1719461747841,127.0,25
1719461748039,126.5,25
1719461748606,126.5,25
1719461749045,126.3,50
1719461749690,126.15,50
1719461750269,126.55,50
1719461750640,125.6,375
1719461751285,125.0,600
1719461751700,123.9,175
1719461752250,123.9,25
1719461752677,124.1,75
1719461753493,124.3,100
1719461753859,125.05,50
1719461754473,125.55,25
1719461754686,125.25,25
1719461755675,125.0,25
1719461755864,124.7,25
1719461756646,125.15,25
1719461757234,125.3,25
1719461757781,125.65,25
1719461758272,126.0,1000
1719461758684,125.95,25
1719461759427,125.5,50
1719461759427,125.5,50
1719461760041,125.35,25
1719461760586,124.85,250
1719461761840,124.5,25
1719461762707,123.3,50
1719461763632,124.45,50
1719461764100,124.5,25
1719461764703,123.0,25
1719461765096,123.1,25
1719461765770,124.95,50
1719461766441,124.55,25
1719461766681,124.4,25
1719461767290,124.35,25
1719461767673,124.4,25
1719461768255,124.8,100
1719461768861,124.0,25
1719461769170,124.25,125
1719461769688,124.2,25
1719461770508,124.15,25
1719461770632,124.4,75
1719461771688,124.8,125
1719461771873,125.0,25
1719461772864,125.05,25
1719461773058,125.0,25
1719461773537,125.15,25
1719461774103,125.8,75
1719461774697,126.0,25
1719461775306,125.35,25
1719461775656,125.4,25
1719461776214,125.85,25
1719461776676,125.95,25
1719461777304,125.55,25
1719461777477,125.7,50
1719461778197,125.75,25
1719461778706,125.75,25
1719461779313,125.85,100
1719461779702,125.85,50
1719461780494,125.7,175
1719461780677,125.8,150
1719461781862,125.65,25
1719461782662,124.1,100
1719461782901,124.75,25
1719461783717,123.95,25
1719461784052,124.25,200
1719461784637,125.0,25
1719461785103,124.2,75
1719461785713,123.8,50
1719461786327,122.75,25
1719461786723,121.15,25
1719461787323,121.65,25
1719461787658,120.55,25
1719461792886,122.4,50
1719461793072,122.1,25
1719461793653,121.8,25
1719461794121,121.95,25
1719461794696,122.25,25
1719461795319,122.05,175
1719461795696,122.5,25
1719461796301,121.65,25
1719461796658,122.3,25
1719461797197,122.75,25
1719461797691,122.25,175
1719461797858,121.8,25
1719461798685,120.5,25
1719461798940,120.65,25
1719461799685,121.3,25
1719461799972,121.75,100
1719461800579,122.2,50
1719461801083,121.85,25
1719461801717,121.5,25
1719461802107,122.15,50
1719461802725,121.7,75
1719461802937,121.7,25
1719461803907,120.65,25
1719461804670,122.1,100
1719461805077,121.7,100
1719461805664,122.25,25
1719461806549,121.6,50
1719461806681,121.45,25
1719461806681,121.45,25
1719461807759,121.4,100
1719461808737,121.75,100
1719461809673,121.8,25
1719461809930,122.4,150
1719461810639,122.0,225
1719461811155,121.5,50
1719461811695,121.95,200
1719461812098,122.25,75
1719461817913,123.7,50
1719461818105,123.6,125
1719461818703,123.9,25
1719461860616,127.1,25
1719461860823,127.0,50
1719461861737,125.8,25
1719461862032,125.7,250
1719461862752,125.8,25
1719461863760,126.1,50
1719461863760,126.1,50
1719461864759,126.0,125
1719461865189,125.5,25
1719461865742,125.55,25
1719461872674,126.75,25
1719461873387,126.95,200
1719461873929,127.1,25
1719461874280,127.45,25
1719461874644,127.65,25
1719461875510,128.0,25
1719461875818,127.7,25
1719461876723,128.0,50
1719461877172,128.05,25
1719461877969,127.85,150
1719461878235,128.05,25
1719461878555,127.75,25
1719461879244,128.15,25
1719461879701,128.0,75
1719461880026,128.1,25
1719461880434,127.65,175
1719461880763,127.45,25
1719461881216,128.2,100
1719461881980,128.7,25
1719461882771,128.4,100
1719461882846,128.3,50
1719461883665,127.95,225
1719461884070,127.8,25
1719461884762,127.7,50
1719461885060,127.85,25
1719461885562,127.5,25
1719461886042,127.45,50
1719461886729,127.35,25
1719461887258,127.25,25
1719461887887,127.45,25
1719461888727,127.65,25
1719461888989,127.15,25
1719461889720,127.6,50
1719461890085,128.1,25
1719461890893,128.35,100
1719461891467,128.6,25
1719461891755,128.65,25
1719461892406,128.95,125
1719461892768,129.3,50
1719461893405,129.25,50
1719461893692,128.8,375
1719461894367,129.05,50
1719461894627,128.85,150
1719461894844,129.05,150
1719461895805,129.05,75
1719461896757,128.5,175
1719461896873,128.5,25
1719461897746,129.15,25
1719461897746,129.15,25
1719461898730,128.65,50
1719461899082,129.6,250
1719461899767,129.05,25
1719461900046,128.75,25
1719461900794,128.7,150
1719461900961,128.5,50
1719461901599,128.25,25
1719461902401,127.6,25
1719461902664,127.4,150
1719461903411,126.75,50
1719461903707,127.55,25
1719461904094,127.35,75
1719461904641,127.1,50
1719461904900,128.15,50
1719461905781,128.35,25
1719461906013,128.5,1475
1719461906736,129.35,25
1719461907282,129.0,25
1719461907784,128.05,200
1719461908354,128.35,25
1719461908723,129.05,50
1719461908723,129.05,50
1719461909659,128.8,25
1719461910058,128.85,50
1719461910699,129.5,25
1719461911306,130.8,25
1719461911917,130.5,200
1719461912394,129.9,100
1719461912627,129.8,25
1719461913286,129.25,25
1719461913684,129.55,50
1719461914477,131.35,25
1719461914553,130.9,25
1719461915516,131.1,25
1719461915800,130.8,25
1719461916168,131.0,25
1719461916725,131.75,75
1719461917514,130.15,25
1719461917786,130.35,25
1719461918104,130.5,25
1719461918693,130.65,150
1719461918905,130.65,125
1719461919646,130.9,25
1719461920267,130.6,25
1719461920761,129.8,125
1719461921239,129.2,100
1719461921937,128.7,25
1719461922302,128.45,25
1719461922792,129.1,100
1719461923191,129.4,100
1719461923556,128.6,125
1719461924518,129.2,25
1719461924826,128.95,175
1719461925774,127.5,125
1719461926072,126.9,75
1719461926685,127.75,50
1719461927331,128.45,25
1719461927693,128.4,25
1719461928230,128.0,25
1719461928784,127.85,25
1719461929322,128.45,125
1719461929702,128.5,75
1719461930334,128.2,25
1719461930748,127.5,25
1719461931344,127.55,50
1719461931655,128.6,25
1719461932394,128.2,25
1719461932742,128.15,25
1719461932921,128.15,25
1719461933698,128.4,25
1719461933957,128.95,25
1719461934704,128.55,50
1719461935016,128.85,25
1719461935756,128.45,25
1719461936353,128.9,25
1719461936759,128.85,100
1719461937344,129.2,50
1719461937793,128.95,25
1719461938489,129.0,25
1719461938700,128.7,200
1719461939751,127.8,25
1719461939896,127.9,25
1719461940808,126.95,275
1719461941156,127.25,50
1719461941793,127.75,25
1719461942130,128.0,25
1719461942779,127.95,25
1719461943159,127.65,50
1719461943820,127.55,25
1719461944338,127.85,25
1719461944820,127.55,25
1719461945556,127.35,75
1719461945760,127.15,25
1719461946330,126.6,25
1719461947010,126.3,25
1719461947555,126.3,25
1719461947779,126.35,25
1719461948465,126.35,25
1719461948728,126.1,25
1719461949575,125.8,25
1719461949654,125.85,175
1719461950517,125.15,25
1719461950814,125.65,50
1719461951537,125.75,250
1719461951829,125.45,25
1719461952023,125.35,125
1719461952809,125.55,25
1719461953062,125.35,100
1719461953786,125.15,25
1719461954173,125.15,25
1719461954770,125.1,25
1719461955590,125.75,25
1719461955808,125.75,250
1719461956783,125.5,25
1719461956945,125.5,25
1719461957670,125.4,100
1719461957900,124.75,25
1719461958812,123.35,100
1719461958982,123.55,250
1719461959724,123.5,125
1719461960159,121.95,25
1719461960812,122.2,25
1719461961176,121.65,25
1719461961915,120.1,25
1719461962350,119.8,150
1719461962811,120.15,25
1719461963324,118.65,25
1719461963798,119.15,125
1719461964366,120.1,125
1719461964777,119.9,75
1719461965342,119.15,200
1719461966001,119.9,25
1719461966337,120.1,25
1719461966824,120.95,25
1719461967522,120.15,25
1719461968005,121.15,25
1719461968803,120.85,75
1719461968950,120.75,100
1719461969747,119.65,150
1719461970009,120.0,200
1719461971020,119.8,125
1719461971819,119.6,50
1719461972187,119.45,50
1719461972749,119.55,75
1719461973005,119.8,275
1719461973809,120.4,125
1719461973959,120.5,25
1719461974791,120.65,25
1719461975194,120.55,125
1719461975817,120.65,50
1719461976126,120.8,125
1719461976818,120.9,25
1719461977368,120.8,100
1719461977817,120.6,25
1719461978622,121.1,25
1719461978622,121.1,25
1719461979840,120.95,350
1719461980012,121.0,75
1719461980770,121.25,50
1719461980996,120.85,150
1719461981659,120.85,25
1719461981965,120.8,100
1719461982589,120.65,50
1719461983017,119.45,25
1719461983787,118.75,25
1719461984402,118.15,25
1719461984829,117.55,25
1719461985430,118.2,50
1719461985821,118.55,50
1719461986620,118.55,50
1719461986701,118.25,75
1719461987642,118.95,75
1719461987790,118.8,125
1719461988623,119.2,25
1719461988826,119.05,150
1719461988880,119.1,25
1719461989620,119.0,25
1719461990163,118.65,175
1719461990832,119.05,25
1719461991210,119.2,50
1719461991833,118.75,25
1719461992033,119.1,125
1719461992812,118.95,50
1719461993034,119.25,25
1719461993800,118.7,25
1719461994389,118.5,150
1719461994825,118.45,25
1719461995428,118.45,25
1719461995812,117.7,50
1719461996508,118.4,25
1719461997002,119.4,25
1719461997720,119.05,50
1719461997720,119.05,50
1719461998575,119.4,25
1719461998930,119.5,50
1719461999757,118.75,100
1719462000037,119.0,150
1719462000238,118.65,75
1719462000820,118.7,50
1719462001429,118.75,25
1719462001843,117.15,75
1719462002829,117.15,25
1719462003866,118.55,50
1719462004047,118.3,50
1719462004785,118.3,25
1719462004947,118.2,25
1719462005846,117.75,50
1719462006203,117.6,25
1719462006841,117.35,25
1719462007636,116.75,25
1719462007778,116.5,25
1719462008481,115.1,50
1719462008844,115.65,50
1719462009653,115.8,25
1719462009842,115.7,75
1719462010853,116.05,25
1719462011059,116.5,25
1719462011059,116.5,25
1719462011844,117.0,25
1719462012046,117.5,25
1719462012857,116.3,25
1719462013061,116.35,250
1719462013822,116.5,50
1719462014270,116.65,25
1719462014763,116.95,75
1719462015253,116.8,25
1719462016073,116.05,75
1719462016785,116.8,25
1719462017004,116.6,125
1719462017857,115.65,25
1719462018437,115.65,75
1719462018805,115.4,25
1719462019451,116.15,25
1719462019835,116.0,25
1719462020425,115.35,25
1719462021015,115.85,25
1719462021612,116.75,25
1719462021833,116.95,25
1719462022669,118.2,175
1719462022833,117.9,100
1719462023671,118.55,75
1719462023864,118.2,75
1719462024056,118.15,225
1719462024826,119.2,75
1719462025242,118.9,50
1719462025821,118.35,150
1719462026251,118.3,25
1719462026825,118.95,25
1719462027488,119.25,25
1719462027775,119.6,25
1719462028848,118.9,100
1719462029024,118.45,200
1719462029913,118.6,75
1719462030238,118.7,50
1719462030772,118.4,25
1719462031468,118.2,75
1719462031754,118.2,100
1719462032418,117.95,25
1719462032804,118.35,75
1719462033476,118.45,75
1719462033805,117.95,250
1719462034699,118.35,25
1719462034841,118.55,50
1719462035693,118.8,25
1719462035852,118.8,250
1719462036220,118.65,25
1719462036752,118.0,200
1719462036998,118.25,25
1719462037857,118.9,25
1719462038168,118.9,500
1719462038865,118.55,125
1719462039450,118.3,250
1719462039610,118.6,50
1719462040699,117.85,25
1719462040833,117.8,100
1719462041670,118.7,25
1719462041992,119.15,25
1719462042558,119.7,100
1719462042798,119.4,50
1719462043105,119.0,25
1719462043846,119.5,100
1719462044292,120.25,25
1719462044844,119.25,50
1719462045194,119.3,25
1719462045795,119.4,125
1719462046456,119.35,25
1719462046660,119.3,25
1719462047496,119.55,50
1719462047872,118.85,25
1719462048714,118.55,25
1719462048842,118.4,25
1719462049096,118.5,50
1719462049834,118.35,150
1719462050292,117.55,50
1719462050872,117.25,25
1719462051482,117.75,25
1719462051555,117.55,50
1719462052678,117.05,25
1719462052854,116.85,25
1719462053722,116.0,25
1719462053881,116.15,100
1719462054821,117.55,150
1719462054821,117.55,150
1719462055739,117.15,50
1719462056252,117.85,100
1719462056780,118.3,25
1719462057504,118.55,125
1719462057878,118.95,50
1719462058529,119.5,50
1719462058799,120.0,25
1719462059719,119.65,25
1719462059843,119.4,50
1719462060078,118.9,25
1719462060819,118.9,50
1719462061120,117.9,100
1719462061887,117.35,50
1719462062124,117.75,225
1719462062854,117.75,25
1719462063326,118.0,50
1719462064057,118.9,125
1719462064522,119.75,50
1719462064836,119.8,25
1719462065493,120.15,25
1719462065834,119.85,25
1719462066475,119.7,125
1719462066875,119.85,25
1719462067745,120.0,25
1719462068017,119.85,450
1719462068861,119.35,25
1719462069067,119.3,25
1719462069864,119.4,25
1719462070311,119.8,50
1719462070897,119.85,25
1719462071349,119.8,25
1719462071876,119.95,25
1719462072304,119.6,25
1719462072881,119.6,200
1719462073538,119.65,50
1719462073682,119.45,25
1719462074597,119.15,25
1719462074853,119.1,25
1719462075653,119.2,50
1719462075878,119.4,50
1719462076640,119.05,25
1719462076866,119.7,50
1719462077698,118.95,50
1719462077902,119.0,25
1719462078708,119.25,75
1719462078901,119.1,25
1719462079341,119.1,25
1719462079793,119.2,75
1719462080315,119.3,50
1719462080896,118.9,25
1719462081541,119.3,25
1719462081865,119.7,25
1719462082729,121.1,25
1719462082884,121.45,25
1719462083718,120.75,100
1719462083834,120.4,25
1719462084726,121.4,25
1719462084902,121.55,50
1719462085149,121.6,50
1719462085895,121.6,25
1719462086151,121.05,25
1719462086868,121.15,75
1719462087331,120.85,150
1719462087914,121.0,100
1719462088329,120.65,100
1719462088676,120.7,25
1719462089365,121.1,50
1719462089876,121.2,25
1719462090037,121.25,250
1719462090530,120.8,25
1719462090880,120.9,25
1719462091540,121.3,25
1719462091823,121.3,25
1719462092751,121.35,75
1719462092751,121.35,75
1719462093159,121.35,225
1719462093886,121.95,25
1719462094104,122.05,150
1719462094905,122.95,25
1719462095116,122.55,50
1719462095860,121.55,25
1719462096204,121.75,50
1719462096894,121.95,150
1719462097344,121.85,25
1719462097905,122.0,50
1719462098753,121.75,25
1719462098841,121.95,25
1719462099670,121.4,25
1719462099670,121.4,25
1719462100766,121.85,25
1719462100790,121.55,175
1719462101199,122.0,150
1719462101891,121.8,200
1719462102302,121.35,25
1719462102881,121.65,125
1719462103255,122.05,25
1719462103867,121.8,25
1719462104292,121.75,25
1719462104868,121.15,75
1719462105525,121.95,100
1719462105890,122.0,100
1719462106748,122.1,25
1719462106868,122.2,25
1719462107138,122.45,50
1719462107829,122.2,100
1719462108161,122.05,25
1719462108858,121.05,175
1719462109107,120.6,200
1719462109901,120.35,25
1719462110073,120.0,25
1719462110874,119.45,75
1719462111190,120.0,125
1719462111877,120.7,125
1719462112370,120.4,175
1719462112846,119.3,125
1719462113524,119.5,25
1719462113867,119.7,250
1719462114571,120.45,75
1719462114862,120.1,150
1719462115601,120.5,50
1719462115796,120.85,25
1719462116562,120.65,50
1719462116911,120.9,25
1719462117925,121.15,25
1719462117925,121.15,50
1719462118154,121.0,275
1719462118667,121.75,50
1719462119129,122.0,25
1719462119853,122.55,25
1719462120045,121.65,50
1719462120116,121.55,25
1719462120813,121.95,25
1719462121296,121.95,50
1719462121881,123.15,100
1719462122414,123.5,75
1719462122882,122.9,50
1719462123588,122.8,100
1719462123864,122.6,50
1719462124396,123.15,100
1719462124931,123.05,50
1719462125914,123.2,25
1719462126186,123.1,25
1719462126834,123.35,100
1719462127364,122.9,25
1719462127902,123.0,600
1719462128369,123.5,25
1719462128843,123.55,75
1719462129379,123.15,25
1719462130114,122.9,25
1719462130675,123.8,25
1719462130848,124.0,125
1719462131347,123.75,250
1719462131845,123.45,25
1719462132411,123.65,125
1719462132831,124.0,50
1719462133352,124.3,50
1719462133912,123.25,100
1719462134294,122.8,25
1719462134902,122.0,75
1719462135527,122.9,25
1719462135840,122.9,25
1719462136625,122.45,125
1719462136919,122.55,50
1719462137930,123.1,25
1719462138196,123.35,25
1719462138941,124.1,25
1719462139184,124.3,100
1719462139936,124.25,75
1719462140376,124.35,50
1719462140909,124.45,25
1719462141409,124.0,75
1719462141905,123.9,25
1719462142636,124.65,25
1719462143138,124.75,25
1719462143616,124.65,25
1719462143891,124.6,25
1719462144568,124.3,25
1719462144860,124.8,25
1719462145503,124.9,25
1719462145873,123.95,225
1719462146846,123.55,225
1719462147375,123.2,75
1719462147858,123.25,25
1719462148345,122.6,50
1719462148879,122.6,25
1719462149359,123.25,75
1719462149717,122.8,50
1719462150014,122.8,50
1719462150430,122.8,25
1719462150714,123.0,125
1719462151347,123.35,50
1719462151778,123.9,50
1719462152560,123.85,50
1719462152854,123.9,50
1719462153664,124.05,50
1719462153874,123.8,25
1719462154208,123.75,25
1719462154884,123.3,25
1719462155426,123.5,25
1719462155915,123.1,25
1719462156505,123.35,125
1719462156834,123.7,50
1719462157336,123.65,125
1719462157759,123.2,25
1719462158599,124.25,100
1719462158917,124.25,100
1719462159595,124.15,25
1719462159901,124.25,25
1719462160534,124.45,50
1719462160938,124.75,150
1719462161914,124.7,25
1719462162199,124.65,25
1719462162939,124.7,25
1719462163408,125.15,25
1719462163898,124.9,125
1719462164672,125.25,25
1719462164932,125.55,175
1719462165604,125.2,25
1719462165923,125.0,75
1719462166864,124.85,50
1719462166920,125.1,300
1719462167261,125.35,25
1719462167807,125.55,100
1719462168237,125.4,25
1719462168823,125.75,150
1719462169477,125.95,25
1719462169885,126.7,25
1719462170684,126.05,100
1719462170903,125.85,25
1719462171462,126.15,75
1719462171934,125.75,25
1719462172250,125.5,25
1719462172949,124.85,125
1719462173460,124.15,50
1719462173945,124.2,200
1719462174484,123.6,25
1719462174956,123.45,25
1719462175559,123.05,25
1719462175761,123.1,25
1719462176666,124.6,25
1719462176822,124.75,25
1719462177642,125.5,25
1719462177915,125.5,450
1719462178893,127.15,50
1719462178931,127.05,225
1719462179848,126.35,25
1719462180061,126.2,50
1719462180288,126.05,200
1719462180826,126.6,25
1719462181214,126.6,25
1719462181966,126.7,25
1719462182481,125.9,25
1719462182936,126.05,50
1719462183252,125.6,125
1719462183867,126.55,25
1719462184250,126.2,50
1719462184944,126.5,50
1719462185245,126.45,25
1719462185914,126.1,25
1719462186242,126.45,25
1719462186937,126.8,25
1719462187305,126.6,50
1719462187904,126.65,25
1719462188301,126.6,75
1719462188882,126.65,25
1719462189448,126.6,50
1719462189886,126.45,25
1719462190511,126.9,200
1719462190946,126.35,25
1719462191455,126.0,150
1719462191953,125.15,50
1719462192463,125.0,25
1719462192906,125.8,25
1719462193488,125.8,25
1719462193919,126.35,25
1719462194598,126.3,50
1719462194833,126.1,25
1719462195958,126.1,25
1719462196838,126.3,25
1719462197241,126.55,25
1719462197810,126.05,50
1719462198325,126.3,50
1719462198964,126.05,225
1719462199475,125.95,75
1719462199953,125.8,25
1719462200448,125.45,25
1719462200669,125.85,25
1719462201428,125.3,25
1719462201826,124.4,100
1719462202882,125.1,50
1719462203859,124.1,250
1719462203936,124.55,25
1719462204936,123.15,100
1719462205102,123.6,25
1719462205209,123.15,50
1719462205897,123.1,350
1719462206329,123.0,25
1719462206803,123.55,25
1719462207539,122.95,25
1719462207792,123.7,50
1719462208307,123.85,25
1719462208848,125.0,25
1719462209266,124.9,25
1719462209887,125.05,25
1719462210303,125.05,25
1719462210838,125.4,25
1719462211188,125.55,150
1719462211931,125.6,50
1719462212268,126.05,50
1719462212958,125.25,25
1719462213512,124.6,200
1719462213979,124.75,25
1719462214345,125.3,100
1719462214971,125.35,25
1719462215417,126.0,250
1719462215978,126.2,25
1719462216516,125.75,25
1719462216896,125.65,25
1719462217645,125.0,100
1719462217881,125.55,25
1719462218811,125.0,25
1719462218811,125.0,25
1719462219235,125.15,50
1719462219636,125.35,75
1719462220408,125.0,25
1719462220831,124.7,200
1719462221340,125.4,25
1719462221831,125.55,50
1719462222720,125.85,25
1719462222720,125.85,25
1719462223468,125.5,50
1719462223778,125.55,25
1719462224712,125.6,25
1719462225300,125.55,25
1719462225886,125.0,350
1719462226451,125.05,375
1719462226839,125.35,25
1719462227446,125.65,25
1719462227998,125.45,25
1719462228502,125.3,75
1719462228502,125.3,75
1719462229528,125.4,25
1719462229999,125.7,25
1719462230738,126.6,100
1719462230791,126.6,25
1719462231825,125.8,25
1719462232165,126.15,25
1719462232343,126.2,50
1719462232915,126.65,50
1719462233284,126.45,25
1719462233995,125.85,200
1719462234359,126.15,25
1719462234897,125.65,300
1719462235570,126.0,75
1719462235966,126.25,25
1719462236768,126.45,25
1719462236820,126.45,25
1719462237987,127.3,25
1719462238952,126.1,50
1719462240009,126.25,25
1719462240163,126.05,200
1719462240327,125.7,175
1719462240839,125.55,75
1719462241383,125.0,50
1719462241817,124.8,50
1719462242523,125.15,25
1719462242868,125.15,25
1719462243305,124.65,25
1719462243959,124.3,275
1719462244403,123.9,375
1719462244753,124.1,50
1719462245393,123.7,25
1719462245865,124.1,100
1719462246609,123.55,25
1719462246931,122.55,25
1719462247377,123.8,25
1719462247979,123.3,25
1719462248276,122.95,175
1719462248965,123.1,175
1719462249557,123.55,150
1719462249897,123.7,250
1719462250783,123.85,250
1719462250997,124.05,50
1719462251315,123.8,75
1719462251956,123.85,50
1719462252296,124.05,25
1719462253001,125.4,25
1719462253386,125.0,25
1719462253980,124.35,200
1719462254642,124.15,75
1719462254703,123.95,50
1719462255867,124.5,50
1719462256892,124.15,25
1719462257911,123.9,25
1719462258564,124.6,25
1719462258564,124.6,25
1719462259542,124.7,225
1719462260865,124.3,525
1719462261474,124.5,50
1719462262007,123.95,50
1719462262759,123.85,50
1719462262759,123.85,50
1719462263715,123.7,150
1719462264005,122.95,175
1719462264340,122.9,25
1719462264928,123.4,75
1719462265794,123.0,25
1719462266015,123.15,100
1719462266830,123.0,25
1719462266913,123.0,25
1719462267918,122.2,25
1719462268821,123.0,100
1719462269159,122.95,125
1719462269290,122.55,25
1719462270043,122.4,250
1719462270572,122.55,250
1719462270980,123.1,200
1719462271692,122.95,50
1719462271692,122.95,50
1719462272948,122.8,100
1719462273921,122.9,100
1719462274915,122.55,100
1719462274915,122.55,100
1719462274915,122.55,100
1719462276007,122.4,25
1719462276364,122.45,50
1719462276901,122.2,25
1719462277570,120.75,25
1719462278203,121.0,25
1719462278639,120.5,100
1719462279030,120.65,25
1719462279471,120.5,375
1719462280006,120.7,25
1719462280795,120.0,325
1719462281021,120.1,300
1719462282050,119.4,175
1719462282968,119.95,25
1719462282968,119.95,25
1719462283324,120.05,125
1719462283939,119.8,25
1719462284455,120.45,25
1719462285009,121.35,25
1719462285389,121.15,100
1719462285716,120.3,100
1719462286550,120.55,250
1719462286936,121.05,50
1719462287560,120.9,50
1719462287802,121.15,25
1719462288369,121.25,175
1719462288975,121.1,50
1719462289536,120.7,225
1719462290080,119.75,250
1719462290389,120.05,50
1719462290977,118.75,100
1719462291672,118.9,75
1719462292007,118.1,75
1719462292848,118.5,100
1719462293025,119.0,50
1719462293824,119.5,25
1719462293998,119.6,100
1719462294341,119.95,25
1719462294815,120.5,100
1719462295500,119.85,25
1719462295998,119.6,50
1719462296600,120.35,50
1719462296860,120.1,50
1719462297594,120.15,50
1719462298029,119.85,75
1719462298460,119.75,25
1719462298646,119.7,50
1719462299461,119.75,25
1719462300021,119.45,25
1719462300340,118.75,25
1719462300997,118.9,50
1719462301858,118.95,25
1719462302048,118.9,75
1719462303020,119.15,25
1719462303211,119.55,25
1719462304010,119.25,50
1719462304195,119.15,25
1719462304768,119.25,50
1719462305091,118.85,100
1719462306232,118.3,100
1719462306232,118.3,100
1719462306968,119.05,50
1719462306968,119.05,50
1719462307981,117.9,50
1719462307981,117.9,50
1719462309024,118.6,175
1719462309228,118.95,50
1719462309469,119.25,375
1719462310042,119.9,25
1719462310357,119.5,25
1719462310892,119.2,25
1719462311446,119.05,25
1719462312023,117.35,250
1719462312693,116.15,50
1719462313246,114.65,50
1719462313812,115.75,125
1719462313984,115.95,25
1719462328235,114.8,75
1719462328482,114.4,25
1719462329031,114.3,100
1719462330872,114.65,100
1719462331009,115.05,125
1719462331877,114.8,100
1719462332046,114.35,50
1719462332486,115.1,25
1719462333002,115.7,25
1719462333636,115.35,25
1719462334023,115.15,25
1719462334861,115.7,25
1719462335867,115.45,200
1719462336021,115.4,25
1719462336888,115.2,25
1719462337252,114.95,50
1719462338002,116.0,50
1719462338704,115.9,25
1719462338913,115.8,25
1719462339814,115.2,75
1719462340009,115.45,75
1719462341031,115.25,25
1719462341820,116.15,25
1719462342011,115.75,25
1719462348527,116.45,50
1719462348967,116.2,75
1719462349357,115.8,50
1719462350019,115.6,50
1719462350334,115.9,25
1719462350907,115.9,50
1719462351950,116.0,25
1719462352009,116.0,75
1719462353020,116.45,50
1719462354268,116.75,50
1719462354979,115.9,25
1719462355088,115.95,50
1719462355677,116.1,25
1719462355793,115.75,25
1719462356843,116.6,25
1719462357603,116.0,25
1719462358050,116.3,50
1719462359143,117.0,150
1719462359143,117.0,150
1719462360010,116.6,25
1719462360708,117.05,25
1719462361024,117.25,200
1719462361923,116.4,250
1719462362015,116.4,200
1719462362885,116.9,50
1719462363981,116.75,100
1719462363981,116.75,100
1719462365151,117.95,75
1719462365790,117.4,150
1719462366139,118.0,50
1719462366704,118.3,25
1719462367066,118.25,225
1719462367951,118.5,75
1719462367951,118.5,75
1719462368675,117.85,50
1719462369052,118.4,25
1719462369642,118.05,125
1719462370057,117.55,25
1719462370710,117.25,25
1719462371043,116.85,100
1719462372064,117.0,50
1719462373169,116.75,50
1719462405620,109.75,50
1719462406072,109.35,150
1719462406610,109.5,25
1719462407099,108.4,50
1719462407855,107.55,25
1719462408101,106.85,25
1719462408611,106.2,25
1719462409262,105.65,100
1719462410056,107.05,25
1719462413290,106.1,150
1719462414058,105.7,75
1719462414204,105.6,25
1719462415107,103.35,75
1719462415455,103.25,25
1719462416102,102.7,75
1719462416448,102.3,25
1719462416645,103.2,25
1719462417321,102.85,50
1719462417837,102.35,25
1719462418081,101.7,25
1719462418836,102.0,50
1719462419281,100.85,25
1719462420079,100.45,75
1719462420296,99.7,50
1719462421112,98.5,50
1719462421482,98.75,25
1719462422123,96.75,50
1719462422673,96.6,150
1719462423314,95.85,125
1719462423862,96.45,75
1719462424108,96.6,25
1719462425076,97.1,25
1719462425283,96.55,175
1719462426103,97.35,25
1719462426878,96.8,25
1719462427092,97.05,25
1719462427680,97.8,50
1719462428110,98.3,25
1719462428676,97.95,75
1719462429323,97.2,200
1719462429893,97.95,25
1719462430121,98.0,25
1719462431101,98.3,25
1719462432064,97.45,50
1719462432103,97.35,75
1719462433097,98.25,25
1719462433288,98.5,25
1719462434106,98.05,25
1719462434262,97.9,25
1719462435107,96.8,25
1719462435291,96.5,25
1719462436120,95.95,50
1719462436293,96.5,25
1719462436888,96.2,25
1719462437103,96.25,25
1719462437864,95.85,200
1719462438113,95.25,50
1719462438879,95.5,25
1719462439077,95.7,25
1719462440076,96.45,50
1719462440298,96.85,25
1719462441068,97.0,25
1719462441068,97.0,25
1719462441879,96.2,25
1719462442113,95.8,75
1719462443047,96.15,25
1719462443318,96.0,25
1719462444107,95.4,50
1719462444286,95.9,25
1719462445081,94.75,25
1719462445318,94.4,25
1719462446115,94.0,100
1719462446305,94.05,25
1719462447133,94.45,25
1719462447685,95.25,50
1719462448112,94.8,25
1719462448724,95.45,75
1719462449341,95.25,25
1719462449854,95.6,50
1719462450057,95.55,25
1719462450119,95.25,100
1719462450922,95.95,25
1719462451120,95.75,100
1719462451905,95.55,50
1719462452122,95.7,25
1719462452901,97.1,25
1719462453330,96.0,75
1719462453905,95.6,25
1719462454138,95.4,75
1719462454917,95.75,25
1719462455134,94.75,75
1719462457119,95.2,25
1719462457937,94.9,50
1719462458126,94.9,50
1719462459081,95.4,50
1719462459585,95.5,25
1719462460117,94.7,175
1719462460911,94.5,250
1719462461128,94.85,425
1719462461904,94.9,75
1719462462292,93.4,25
1719462462678,93.35,25
1719462463070,92.6,25
1719462463729,92.4,25
1719462464118,92.5,25
1719462464717,92.65,25
1719462465117,92.7,50
1719462466134,90.85,25
1719462466327,90.4,50
1719462467105,89.9,75
1719462468135,89.8,25
1719462468372,89.75,25
1719462469125,90.0,100
1719462469344,89.45,25
1719462470328,88.5,150
1719462470359,88.45,25
1719462471124,87.8,150
1719462471547,88.1,25
1719462471745,87.9,100
1719462472135,87.6,25
1719462473188,86.1,150
1719462473337,86.85,25
1719462474128,87.6,25
1719462474351,87.7,75
1719462475113,87.7,25
1719462475331,88.0,250
1719462476340,85.65,25
1719462476367,85.75,25
1719462477166,84.6,25
1719462477540,85.55,75
1719462478132,86.15,50
1719462478566,86.95,75
1719462479136,86.9,25
1719462479562,87.3,75
1719462479720,87.2,25
1719462480079,86.7,25
1719462480312,86.45,75
1719462481145,84.35,50
1719462482145,83.85,150
1719462482324,83.4,25
1719462483340,82.3,50
1719462483565,82.5,25
1719462483750,82.9,25
1719462486121,83.45,75
1719462487098,83.55,50
1719462487182,83.7,25
1719462488150,84.4,25
1719462488342,84.65,200
1719462489136,83.9,25
1719462489579,83.55,75
1719462489766,84.2,50
1719462490135,83.5,50
1719462490926,83.5,25
1719462491136,83.95,25
1719462491781,83.2,25
1719462492336,82.45,250
1719462492785,83.2,25
1719462493172,83.5,25
1719462493990,83.95,25
1719462494340,83.7,25
1719462495174,83.45,25
1719462496157,84.1,50
1719462496379,83.7,75
1719462497126,83.2,25
1719462497377,83.75,25
1719462498150,83.8,50
1719462498557,84.1,50
1719462498789,84.15,25
1719462499347,84.7,50
1719462499778,85.45,75
1719462500171,85.15,25
1719462500803,84.45,25
1719462501374,84.5,50
1719462502140,84.05,25
1719462502205,83.8,200
1719462503179,84.1,25
1719462508141,81.9,25
1719462508595,82.0,50
1719462508802,82.7,50
1719462509148,82.7,50
1719462510050,82.4,25
1719462510336,82.6,25
1719462511005,82.25,25
1719462511164,82.05,125
1719462512179,82.0,50
1719462513358,80.65,25
1719462513417,80.6,25
1719462514161,80.7,75
1719462514613,80.7,75
1719462514813,81.0,75
1719462515365,81.0,50
1719462515816,81.1,25
1719462516164,80.85,150
1719462517123,80.5,75
1719462518396,81.0,150
1719462519150,81.85,50
1719462519411,81.8,25
1719462520170,80.55,150
1719462520610,80.9,75
1719462521150,81.6,25
1719462521413,81.5,25
1719462522198,82.55,25
1719462522367,82.8,25
1719462523203,82.2,25
1719462524168,82.6,25
1719462524413,81.9,25
1719462525175,82.05,100
1719462525619,82.4,25
1719462525826,82.75,25
1719462526354,82.5,25
1719462527031,82.15,50
1719462527149,82.1,50
1719462527804,82.5,25
1719462528141,82.9,25
1719462529020,83.6,100
1719462535373,82.45,25
1719462535634,82.4,25
1719462535821,82.2,25
1719462536161,82.2,100
1719462545262,81.75,25
1719462545368,81.55,50
1719462546170,82.0,125
1719462546440,82.3,25
1719462547372,82.5,25
1719462547655,82.2,50
1719462548189,82.65,25
1719462548461,82.3,25
1719462549186,81.7,50
1719462549853,81.8,25
1719462550382,81.9,25
1719462551164,81.55,25
1719462552040,81.65,25
1719462552152,81.45,25
1719462560478,79.85,400
1719462561068,79.35,100
1719462561200,79.3,100
1719462562083,78.8,25
1719462562198,78.8,25
1719462563253,79.7,50
1719462563400,80.0,50
1719462564182,79.05,25
1719462564485,79.05,25
1719462565181,79.15,25
1719462565481,79.1,125
1719462566193,79.1,25
1719462566677,79.15,25
1719462566855,79.15,25
1719462567175,79.05,75
1719462568028,78.3,50
1719462575201,78.15,25
1719462575495,78.15,25
1719462576185,78.45,25
1719462576662,79.25,125
1719462576894,79.35,75
1719462577199,79.6,25
1719462603191,76.25,25
1719462604127,77.25,25
1719462604205,77.05,50
1719462605317,77.8,75
1719462606296,78.3,25
1719462606428,78.25,25
1719462607226,77.95,25
1719462607316,77.7,75
1719462608198,78.8,100
1719462608541,77.55,25
1719462609524,78.05,25
1719462610223,78.6,25
1719462610549,78.45,100
1719462611197,78.1,375
1719462611756,78.15,25
1719462611939,78.0,25
1719462612219,78.2,25
1719462612941,77.15,75
1719462613228,77.45,25
1719462614147,77.5,150
1719462614411,77.4,25
1719462615232,77.15,25
1719462615349,76.55,25
1719462616177,77.45,100
1719462617339,77.6,125
1719462618226,78.05,250
1719462618508,77.95,25
1719462619200,78.35,450
1719462619748,78.8,50
1719462619981,78.6,25
1719462620233,79.3,25
1719462620965,78.95,25
1719462621398,78.85,25
1719462622144,79.5,75
1719462622228,79.65,25
1719462623174,79.7,100
1719462623196,79.75,25
1719462624214,79.9,25
1719462625243,80.2,100
1719462625353,79.85,25
1719462626333,79.9,25
1719462627419,79.2,200
1719462627567,79.05,200
1719462628217,78.25,25
1719462628763,78.65,25
1719462628991,78.55,50
1719462629223,78.15,25
1719462630052,78.75,25
1719462630227,78.55,75
1719462631194,77.7,25
1719462632424,77.3,150
1719462633168,76.85,200
1719462633587,77.15,25
1719462634245,76.75,25
1719462634539,77.0,75
1719462635211,76.9,125
1719462635525,76.9,25
1719462636226,76.9,50
1719462636561,76.85,100
1719462637184,77.0,225
1719462637371,77.2,25
1719462638172,76.65,25
1719462638219,76.45,25
1719462639000,77.0,75
1719462639436,77.55,25
1719462639978,77.55,25
1719462640234,77.5,25
1719462640967,77.5,25
1719462641245,77.55,125
1719462641961,77.15,25
1719462642203,77.15,75
1719462643165,77.85,25
1719462644234,78.15,25
1719462644400,78.2,100
1719462645240,77.65,25
1719462645400,77.45,25
1719462646245,77.1,25
1719462646600,77.2,25
1719462647453,76.45,25
1719462647737,76.5,25
1719462648006,76.45,100
1719462648172,76.8,75
1719462649000,75.85,25
1719462649209,76.15,75
1719462650193,77.1,50
1719462650193,77.1,50
1719462651251,77.55,25
1719462652233,76.8,50
1719462653184,77.0,25
1719462653242,77.0,75
1719462657838,76.0,25
1719462658005,75.35,25
1719462658240,75.0,25
1719462659002,75.7,375
1719462659247,74.9,75
1719462660069,74.0,125
1719462660216,74.05,25
1719462660445,73.45,25
1719462661255,73.3,25
1719462662229,73.05,125
1719462662453,72.65,25
1719462663260,73.2,50
1719462664255,72.45,25
1719462665255,72.65,25
1719462665434,72.8,75
1719462666254,71.85,25
1719462666627,72.25,25
1719462667465,72.4,25
1719462667654,72.05,25
1719462668259,72.15,150
1719462668840,71.65,25
1719462669029,71.85,50
1719462669265,71.7,25
1719462670273,72.8,25
1719462671443,72.55,25
1719462672253,72.2,100
1719462672459,72.3,75
1719462673230,71.75,175
1719462673495,71.55,25
1719462674256,71.75,25
1719462674644,71.95,25
1719462675054,72.45,250
1719462675458,71.85,300
1719462676257,72.9,300
1719462677256,72.15,25
1719462678241,72.75,25
1719462678462,72.95,50
1719462679261,73.0,225
1719462679447,72.45,200
1719462680271,71.65,25
1719462680666,71.15,50
1719462681464,69.95,25
1719462681861,69.0,200
1719462682255,68.15,50
1719462683063,68.75,25
1719462683468,68.4,25
1719462684060,71.1,25
1719462684246,71.65,75
1719462684716,70.9,125
1719462685271,70.7,125
1719462686272,70.75,25
1719462686452,70.75,50
1719462687278,71.25,50
1719462688274,70.8,25
1719462688461,71.0,300
1719462689471,71.15,50
1719462689671,71.45,25
1719462690253,70.9,325
1719462690661,70.75,25
1719462691264,70.5,25
1719462691864,70.75,50
1719462692070,70.9,25
1719462692267,70.85,50
1719462693066,71.55,25
1719462693449,71.55,50
1719462694071,72.0,25
1719462694277,71.85,100
1719462695231,71.45,25
1719462696058,71.5,25
1719462696457,71.3,25
1719462697256,70.85,25
1719462703477,69.8,25
1719462703682,69.9,25
1719462704266,69.6,50
1719462704679,69.3,25
1719462705238,68.9,25
1719462705683,69.2,75
1719462735734,64.05,50
1719462736502,64.05,25
1719462736944,64.65,25
1719462737298,64.5,25
1719462737935,64.6,25
1719462738301,64.6,25
1719462738899,63.9,25
1719462739129,63.85,25
1719462739499,64.2,175
1719462740320,64.45,25
1719462741287,64.6,75
1719462741525,64.85,50
1719462742503,64.75,25
1719462742730,64.6,25
1719462743262,64.45,50
1719462743732,64.65,125
1719462744308,64.9,75
1719462744744,64.6,50
1719462745292,64.4,25
1719462745960,64.5,25
1719462746151,64.25,25
1719462746520,64.6,50
1719462747150,64.85,25
1719462747287,64.65,275
1719462748130,65.25,75
1719462748311,65.0,25
1719462749315,64.6,25
1719462749336,64.45,25
1719462750066,65.35,25
1719462750317,65.4,25
1719462750543,65.75,50
1719462751551,65.5,25
1719462752306,65.0,150
1719462752756,65.0,25
1719462753297,64.55,25
1719462753957,64.2,25
1719462754132,64.5,25
1719462754508,64.8,100
1719462755327,64.95,100
1719462756305,65.0,75
1719462756538,65.25,200
1719462757498,63.95,150
1719462757711,64.15,25
1719462758312,64.6,25
1719462758754,65.1,25
1719462759306,64.75,25
1719462759755,64.6,75
1719462760313,65.0,25
1719462767316,65.35,25
1719462767749,65.4,25
1719462768296,65.3,25
1719462768773,65.4,25
1719462769360,65.0,25
1719462770325,64.8,75
1719462770565,64.6,75
1719462771316,64.4,25
1719462771778,62.0,100
1719462772575,61.5,275
1719462773311,61.35,25
1719462773575,60.85,25
1719462774511,61.45,200
1719462774764,61.05,25
1719462775320,60.65,50
1719462775973,60.85,50
1719462776180,60.95,75
1719462776323,60.75,25
1719462777184,62.0,25
1719462777327,62.05,50
1719462778386,62.35,100
1719462778535,62.3,175
1719462779329,62.25,25
1719462779387,62.4,25
1719462780047,61.85,25
1719462780382,61.85,25
1719462781582,60.15,375
1719462782313,60.2,50
1719462782793,60.6,25
1719462783332,60.15,25
1719462783805,60.5,25
1719462784530,60.2,25
1719462784791,60.25,75
1719462785329,59.9,25
1719462786000,60.6,300
1719462786206,60.35,50
1719462786315,60.35,25
1719462787324,60.05,25
1719462787591,59.85,25
1719462788598,60.15,100
1719462789330,60.2,25
1719462789584,59.85,25
1719462790187,59.2,25
1719462790322,59.15,25
1719462791405,58.9,50
1719462791543,59.0,1000
1719462792327,58.9,50
1719462792606,58.75,50
1719462793342,59.35,25
1719462793797,60.15,75
1719462794319,59.25,25
1719462794795,59.65,50
1719462795534,59.4,100
1719462795771,59.15,50
1719462796337,59.3,50
1719462797007,59.8,25
1719462797334,59.7,200
1719462797395,59.8,150
1719462798341,60.5,25
1719462798815,60.1,25
1719462799337,60.0,25
1719462799598,60.0,25
1719462800516,59.4,50
1719462800816,59.1,50
1719462801351,59.1,150
1719462801786,59.1,50
1719462802349,59.3,50
1719462803017,59.0,75
1719462803346,59.3,175
1719462803405,59.15,50
1719462804507,59.15,50
1719462804611,59.4,250
1719462805344,59.45,25
1719462805618,59.55,25
1719462806325,59.95,25
1719462806822,60.2,25
1719462807538,60.45,25
1719462808025,60.25,25
1719462808337,60.6,100
1719462809038,60.7,25
1719462809332,60.6,50
1719462810062,61.3,25
1719462810536,61.3,25
1719462811033,61.35,25
1719462811442,61.3,25
1719462812352,61.8,25
1719462812630,61.9,25
1719462813543,61.15,50
1719462813843,60.65,25
1719462814352,61.3,75
1719462814836,61.75,25
1719462815542,61.45,25
1719462816037,61.55,25
1719462816364,61.4,25
1719462817037,61.55,25
1719462817233,61.45,50
1719462817345,61.45,50
1719462818344,62.05,25
1719462818417,62.05,25
1719462819636,62.45,25
1719462820359,63.15,125
1719462820828,63.5,25
1719462821341,63.65,25
1719462822031,63.8,25
1719462822223,63.6,25
1719462822364,63.15,125
1719462823234,62.95,25
1719462823547,63.2,25
1719462824323,63.0,150
1719462824445,63.15,25
1719462825637,62.9,25
1719462826357,63.65,25
1719462826762,63.8,25
1719462827354,62.95,200
1719462827647,62.9,25
1719462828550,63.55,25
1719462828849,63.8,50
1719462829365,63.5,325
1719462830019,63.2,25
1719462830351,62.95,200
1719462830858,63.05,25
1719462831556,63.5,125
1719462832018,63.4,25
1719462832271,62.95,100
1719462832349,63.0,25
1719462833460,62.75,25
1719462834343,63.15,150
1719462834668,62.9,275
1719462835562,62.85,125
1719462835863,62.8,25
1719462836388,63.1,25
1719462836821,63.3,125
1719462837363,62.9,25
1719462837880,63.0,25
1719462838360,62.85,25
1719462839042,63.05,50
1719462839282,62.75,25
1719462839344,62.6,25
1719462840064,61.9,50
1719462840456,61.85,25
1719462840554,62.0,25
1719462841265,62.25,25
1719462841384,62.1,25
1719462842266,62.05,25
1719462842370,61.95,25
1719462843376,62.1,25
1719462844362,61.8,25
1719462844667,61.85,25
1719462845463,61.75,50
1719462846343,62.5,50
1719462846673,62.95,125
1719462847545,62.7,225
1719462847868,63.35,25
1719462848360,63.45,25
1719462848875,63.25,25
1719462849363,63.2,525
1719462849672,63.25,25
1719462850337,63.2,200
1719462851086,62.7,75
1719462851372,62.85,75
1719462852074,62.15,50
1719462852369,62.5,25
1719462853273,62.6,425
1719462853321,62.8,25
1719462854261,62.95,25
1719462854579,62.9,25
1719462855355,62.7,150
1719462855688,62.85,150
1719462856325,62.7,25
1719462856858,63.0,400
1719462857358,63.05,50
1719462857886,62.9,25
1719462858385,62.85,25
1719462858894,63.35,175
1719462859572,63.0,175
1719462859872,62.65,25
1719462860484,62.85,25
1719462861364,62.85,25
1719462861462,62.7,25
1719462862374,62.25,25
1719462862707,62.35,75
1719462863569,62.15,25
1719462863905,62.45,25
1719462864378,61.9,50
1719462864876,62.0,150
1719462865361,62.0,50
1719462866109,61.6,50
1719462866282,61.85,25
1719462866578,62.0,50
1719462867337,62.15,25
1719462868371,62.1,50
1719462868477,62.0,75
1719462869378,62.35,25
1719462869698,62.65,50
1719462870066,62.6,25
1719462870706,62.35,125
1719462871379,62.55,25
1719462871689,62.25,25
1719462872328,62.25,150
1719462872918,62.65,25
1719462873563,62.15,25
1719462873850,62.15,75
1719462874385,62.3,50
1719462874907,62.2,125
1719462875298,62.0,1025
1719462875377,61.9,100
1719462876384,61.75,25
1719462876508,61.65,300
1719462877399,61.85,25
1719462877491,61.5,25
1719462878397,61.7,25
1719462878903,61.35,75
1719462879559,61.55,25
1719462880108,61.3,50
1719462880346,61.35,700
1719462881378,60.65,125
1719462881518,60.55,50
1719462882388,61.25,25
1719462882724,61.0,25
1719462883384,60.45,75
1719462883516,60.65,75
1719462884381,61.15,25
1719462884525,61.0,25
1719462885395,61.1,50
1719462885727,61.8,25
1719462886382,61.05,25
1719462886536,61.1,50
1719462887392,61.1,150
1719462887478,60.85,50
1719462888525,61.35,25
1719462888601,61.25,25
1719462889369,61.4,25
1719462889511,61.4,25
1719462890392,60.8,25
1719462890742,60.9,25
1719462891398,61.0,25
1719462891733,61.3,25
1719462892398,60.7,25
1719462892934,60.8,75
1719462893383,60.9,25
1719462893925,61.0,25
1719462894388,60.75,25
1719462895104,60.25,25
1719462895604,60.55,25
1719462896383,60.25,125
1719462896756,60.15,300
1719462897409,60.05,25
1719462897549,59.8,50
1719462898396,59.45,350
1719462898744,58.95,200
1719462899599,58.45,25
1719462900066,58.5,25
1719462900412,58.4,25
1719462900760,57.6,75
1719462901388,58.2,75
1719462901945,58.6,225
1719462902612,59.15,25
1719462903152,59.5,25
1719462903393,60.0,100
1719462904146,60.7,25
1719462904410,61.2,75
1719462905146,61.6,50
1719462905356,61.7,25
1719462905596,62.0,100
1719462906415,61.55,75
1719462906763,61.2,25
1719462907405,60.7,100
1719462907968,60.55,25
1719462908384,60.6,25
1719462908958,60.7,25
1719462909581,60.8,50
1719462910135,60.5,25
1719462910407,60.95,25
1719462911168,61.45,25
1719462911401,61.45,25
1719462911563,61.4,50
1719462912400,61.1,25
1719462912570,61.25,75
1719462913425,61.25,50
1719462913552,61.05,25
1719462914604,61.25,25
1719462914736,61.3,25
1719462915403,61.0,25
1719462915969,60.35,25
1719462916410,60.4,25
1719462916980,60.85,100
1719462917405,61.15,25
1719462918194,61.15,25
1719462918409,61.05,25
1719462919406,60.85,25
1719462919570,60.75,25
1719462920398,60.8,25
1719462920785,61.1,75
1719462921420,60.75,25
1719462921983,59.85,25
1719462922621,59.3,25
1719462922996,59.85,25
1719462923418,59.95,25
1719462923777,60.15,125
1719462924399,60.2,50
1719462924881,59.9,50
1719462925417,59.45,25
1719462925790,59.55,25
1719462926413,60.25,25
1719462927187,59.85,825
1719462927335,59.9,225
1719462927424,60.05,575
1719462928395,60.4,25
1719462929416,60.45,1000
1719462929565,60.65,150
1719462930057,60.9,25
1719462930421,60.9,50
1719462930604,60.75,50
1719462931599,60.65,75
1719462931784,60.7,25
1719462932396,60.55,50
1719462932790,60.75,25
1719462933404,60.5,75
1719462933980,60.5,75
1719462934411,60.35,200
1719462934999,60.5,100
1719462935406,60.4,100
1719462936184,60.3,50
1719462936374,60.0,25
1719462936462,60.05,250
1719462937625,59.25,25
1719462938425,58.55,25
1719462938815,58.95,50
1719462939403,58.7,200
1719462940004,58.8,125
1719462940615,58.95,100
1719462941008,58.9,25
1719462941436,58.55,25
1719462941987,59.1,100
1719462942428,58.6,25
1719462943006,58.95,25
1719462943440,58.55,25
1719462944220,57.85,25
1719462944402,57.9,25
1719462944634,58.05,25
1719462945430,58.6,25
1719462945613,58.45,25
1719462946428,58.7,25
1719462946807,59.0,25
1719462947640,59.25,25
1719462948032,58.9,100
1719462948429,59.05,25
1719462949028,59.1,25
1719462949427,59.45,75
1719462950232,59.65,50
1719462950416,59.75,25
1719462951634,59.8,25
1719462952426,60.5,50
1719462953447,60.15,25
1719462953595,60.05,25
1719462954441,60.3,25
1719462954619,60.3,50
1719462955433,59.9,25
1719462955627,59.85,75
1719462956425,60.3,25
1719462956818,60.55,75
1719462957442,60.25,25
1719462958025,60.75,125
1719462958652,60.65,25
1719462959032,60.85,25
1719462959451,60.95,150
1719462960075,60.6,25
1719462960246,60.1,25
1719462960451,59.95,50
1719462961437,58.9,175
1719462961850,58.85,25
1719462962674,58.4,25
1719462962836,58.6,200
1719462963406,59.05,25
1719462964024,60.15,25
1719462964456,60.2,25
1719462965228,60.3,25
1719462965443,60.35,25
1719462965625,60.45,250
1719462966454,60.05,50
1719462967460,60.45,25
1719462967617,60.45,25
1719462968424,60.6,25
1719462968616,61.1,25
1719462969649,59.8,25
1719462969854,59.85,25
1719462970444,59.15,25
1719462970854,59.75,50
1719462971436,59.7,25
1719462972038,59.75,325
1719462972441,59.35,25
1719462973017,59.4,25
1719462973637,59.5,25
1719462974066,59.45,25
1719462974449,59.3,150
1719462975076,59.55,25
1719462975452,59.2,25
1719462976254,59.35,50
1719462976397,59.25,50
1719462977399,59.3,25
1719462977832,59.4,25
1719462978627,59.75,375
1719462978864,59.95,200
1719462979422,60.15,25
1719462979856,59.9,50
1719462980412,59.75,50
1719462981039,59.85,25
1719462981463,59.75,25
1719462982083,59.65,150
1719462982451,59.6,200
1719462983016,59.8,25
1719462983452,59.95,375
1719462983672,60.25,25
1719462984442,59.7,475
1719462984668,59.75,25
1719462985445,60.05,25
1719462985616,60.15,100
1719462986443,60.7,50
1719462987065,60.65,25
1719462987488,60.15,25
1719462987652,60.3,25
1719462988465,60.6,50
1719462988664,60.9,75
1719462989444,60.85,25
1719462989653,60.8,25
1719462990091,60.55,25
1719462990443,60.3,125
1719462990697,60.7,50
1719462991443,60.8,100
1719462991924,60.9,25
1719462992455,60.55,25
1719462992889,60.6,325
1719462993454,60.45,350
1719462993874,60.5,25
1719462994654,60.5,25
1719462994878,60.65,25
1719462995432,60.75,75
1719462995856,60.8,50
1719462996463,60.8,25
1719462997088,60.35,25
1719462997468,60.7,50
1719462998097,60.75,25
1719462998485,60.7,125
1719462998644,60.85,300
1719462999467,60.45,100
1719462999676,60.45,25
1719463000435,60.45,450
1719463000692,60.6,50
1719463001442,61.0,25
1719463001685,61.0,25
1719463014839,59.75,50
1719463015425,60.1,25
1719463015725,60.1,25
1719463016651,59.75,25
1719463016935,59.6,25
1719463017487,59.2,25
1719463018320,59.15,75
1719463018527,59.0,25
1719463019471,58.25,75
1719463019700,58.45,25
1719463020031,58.15,25
1719463020518,58.1,50
1719463021529,57.15,25
1719463022474,56.85,75
1719463022931,57.5,50
1719463023475,57.5,25
1719463023937,57.4,25
1719463024483,57.0,400
1719463025128,57.2,25
1719463025472,57.3,25
1719463026315,57.35,25
1719463026525,57.45,100
1719463027475,57.7,200
1719463027716,57.2,450
1719463028461,56.95,50
1719463028930,55.8,50
1719463029480,56.25,25
1719463030148,56.05,25
1719463030476,55.9,25
1719463031138,54.75,25
1719463031475,54.6,125
1719463032342,55.45,25
1719463032490,55.5,100
1719463032547,55.35,100
1719463033552,56.0,25
1719463033676,56.05,50
1719463034474,56.7,25
1719463034559,56.95,25
1719463035476,58.15,25
1719463035740,58.45,650
1719463036486,58.6,50
1719463036772,58.95,100
1719463037458,58.65,200
1719463037953,58.65,50
1719463038683,59.05,25
1719463038977,59.1,25
1719463039481,58.55,25
1719463039966,58.75,25
1719463040486,58.9,25
1719463041363,58.85,75
1719463041494,58.85,75
1719463041551,59.15,25
1719463042560,59.15,600
1719463043778,59.45,100
1719463044486,58.65,25
1719463044948,58.55,25
1719463045449,58.9,75
1719463045980,59.0,50
1719463046471,59.1,25
1719463047185,59.1,25
1719463047480,59.0,25
1719463048362,59.05,125
1719463048578,59.2,50
1719463049459,59.1,25
1719463049737,59.35,150
1719463050069,59.15,25
1719463050501,59.15,100
1719463050982,59.3,100
1719463051475,59.5,50
1719463052146,59.85,100
1719463052468,60.5,25
1719463053198,60.25,50
1719463053480,60.2,25
1719463054175,60.25,150
1719463054505,60.3,25
1719463055196,60.45,200
1719463055487,60.3,25
1719463056162,60.4,25
1719463056488,60.2,200
1719463056564,60.4,75
1719463057483,60.4,25
1719463057799,60.8,25
1719463058597,61.05,25
1719463058653,60.85,25
1719463059601,60.85,25
1719463060488,60.95,100
1719463060809,60.75,25
1719463061493,60.3,100
1719463061992,60.25,75
1719463062484,59.9,150
1719463062980,60.45,25
1719463063475,60.7,150
1719463063981,60.8,25
1719463064494,61.0,175
1719463065198,61.05,100
1719463065499,61.2,100
1719463066201,61.15,150
1719463066492,61.0,25
1719463067404,61.0,25
1719463067625,60.85,25
1719463068476,60.2,75
1719463068592,60.05,1625
1719463069551,60.5,25
1719463070513,59.95,25
1719463070804,59.75,50
1719463071717,60.6,200
1719463071991,60.25,50
1719463072515,60.25,200
1719463072988,60.85,25
1719463073512,60.8,200
1719463074211,60.9,50
1719463074492,60.9,75
1719463075212,60.8,25
1719463075494,60.7,75
1719463075600,60.6,100
1719463076514,60.7,50
1719463076817,60.7,50
1719463077719,60.55,25
1719463078014,60.35,50
1719463078510,60.3,75
1719463079023,60.95,25
1719463079496,60.9,25
1719463080070,61.0,50
1719463080240,61.15,25
1719463080706,61.1,25
1719463081399,60.65,50
1719463081502,60.65,50
1719463081634,60.7,500
1719463082639,60.6,25
1719463083502,60.55,25
1719463083809,60.7,50
1719463084503,59.7,50
1719463085027,59.65,150
1719463085511,59.25,75
1719463086029,60.15,100
1719463086519,60.25,25
1719463087238,59.95,25
1719463087664,60.0,25
1719463088256,59.8,25
1719463088494,60.1,75
1719463089511,60.45,25
1719463089605,60.35,25
1719463090514,60.55,25
1719463090629,60.35,200
1719463091471,60.2,25
1719463091799,60.05,25
1719463092524,60.2,25
1719463092794,60.4,75
1719463093525,60.75,25
1719463093996,60.15,25
1719463094526,60.15,150
1719463095247,60.0,25
1719463095497,60.2,25
1719463096451,58.8,75
1719463096736,59.1,50
1719463097439,59.55,50
1719463097533,59.4,100
1719463098246,59.7,50
1719463098513,59.75,75
1719463099451,60.35,25
1719463099533,60.25,25
1719463099643,60.15,75
1719463100515,59.85,100
1719463100826,59.8,325
1719463101515,59.55,25
1719463102047,59.65,25
1719463102509,59.55,50
1719463103059,59.6,50
1719463103496,59.4,100
1719463104245,59.75,275
1719463104520,59.65,50
1719463105016,59.55,25
1719463105530,59.3,25
1719463105650,59.5,25
1719463106534,59.4,50
1719463106681,59.3,375
1719463107498,59.5,200
1719463107847,59.75,25
1719463108487,59.65,25
1719463108850,59.7,1200
1719463109511,59.75,200
1719463109837,59.9,275
1719463110066,60.15,25
1719463110487,59.85,25
1719463110869,59.9,25
1719463111496,59.6,350
1719463111873,59.9,75
1719463112523,60.2,25
1719463112854,60.1,50
1719463113526,59.95,25
1719463114028,60.2,25
1719463114547,60.5,225
1719463115087,60.4,25
1719463115527,60.4,25
1719463116261,60.25,25
1719463116728,60.05,250
1719463117521,60.15,25
1719463117604,60.1,125
1719463118493,59.5,75
1719463118868,60.0,25
1719463119518,59.9,50
1719463119668,60.05,125
1719463120512,59.75,75
1719463120862,59.45,25
1719463121552,57.95,150
1719463121894,58.15,75
1719463122560,57.8,50
1719463122905,57.65,25
1719463123521,58.15,425
1719463123877,57.4,1025
1719463124725,57.8,150
1719463124876,58.0,25
1719463125520,57.6,150
1719463126074,57.4,250
1719463126526,57.55,25
1719463126870,56.75,25
1719463127537,56.15,25
1719463127905,56.7,25
1719463128557,57.6,25
1719463129093,58.0,100
1719463129547,58.85,50
1719463130110,58.85,25
1719463130546,58.6,525
1719463131110,59.25,25
1719463131548,59.55,25
1719463132248,59.25,200
1719463132508,59.4,25
1719463133480,59.05,50
1719463133537,58.95,1000
1719463133687,58.8,75
1719463134528,58.85,25
1719463134849,59.15,25
1719463135528,59.2,675
1719463136097,58.95,25
1719463136544,58.85,25
1719463137292,58.6,25
1719463137502,58.75,25
1719463138271,58.75,25
1719463138539,58.5,25
1719463139542,57.8,25
1719463140092,57.5,50
1719463140504,58.15,25
1719463141286,57.8,25
1719463141533,57.7,50
1719463142539,57.65,250
1719463142724,57.95,25
1719463143591,58.35,25
1719463143916,58.4,50
1719463144514,58.55,25
1719463144851,58.85,25
1719463145545,58.7,200
1719463145863,58.45,25
1719463146546,58.35,25
1719463147079,58.15,25
1719463147558,58.25,225
1719463148112,57.95,25
1719463148543,58.1,25
1719463149118,57.95,50
1719463150319,58.4,25
1719463150553,58.45,125
1719463151538,58.25,25
1719463151710,58.45,225
1719463152552,58.3,25
1719463152682,58.25,25
1719463153537,58.3,25
1719463153720,57.85,25
1719463154546,57.9,25
1719463154917,57.4,25
1719463155567,57.45,75
1719463155742,57.5,50
1719463156541,57.65,25
1719463156901,57.45,50
1719463157568,57.7,25
1719463157738,57.65,25
1719463158563,58.25,75
1719463158724,58.1,50
1719463159562,58.15,25
1719463159911,58.2,25
1719463160550,58.25,325
1719463160931,58.1,75
1719463161557,57.7,25
1719463161911,57.9,25
1719463162555,57.75,75
1719463163116,57.95,25
1719463163562,58.0,50
1719463164129,57.85,25
1719463164552,57.6,325
1719463165136,57.7,50
1719463165559,57.4,25
1719463166160,57.7,25
1719463166559,57.85,25
1719463167169,57.8,25
1719463167534,57.95,25
1719463168309,57.75,25
1719463168541,57.8,500
1719463169300,58.15,50
1719463169521,58.35,25
1719463169984,58.85,25
1719463170353,58.1,50
1719463170483,58.3,850
1719463171349,58.35,25
1719463171565,58.15,75
1719463171754,58.3,50
1719463172566,58.2,50
1719463172971,58.0,25
1719463173556,58.0,525
1719463173899,58.1,25
1719463174563,58.2,75
1719463174930,58.25,50
1719463175535,58.65,25
1719463175972,58.9,25
1719463176563,58.45,150
1719463176955,58.3,25
1719463177626,58.45,425
1719463177956,58.4,25
1719463178541,58.7,25
1719463178960,58.15,75
1719463179506,58.6,25
1719463180187,58.95,25
1719463180772,58.4,100
1719463181164,58.05,50
1719463181536,58.05,25
1719463182371,57.45,25
1719463182552,57.1,50
1719463183369,56.7,25
1719463183550,57.2,100
1719463184368,57.35,50
1719463184567,57.15,25
1719463185372,57.4,25
1719463185577,57.65,50
1719463186577,58.2,25
1719463186770,58.25,25
1719463187570,58.1,50
1719463187974,58.3,25
1719463188586,58.3,25
1719463188996,58.6,50
1719463189589,58.45,25
1719463190144,58.55,50
1719463190588,58.85,50
1719463191369,58.95,25
1719463191562,58.8,25
1719463192583,58.15,25
1719463192773,58.2,25
1719463193570,58.4,25
1719463193743,58.4,25
1719463194413,58.55,25
1719463194948,58.45,50
1719463195584,58.3,175
1719463195996,58.6,50
1719463196608,58.25,125
1719463196686,58.4,25
1719463197582,58.2,25
1719463197797,58.6,25
1719463198578,58.3,25
1719463198942,58.3,200
1719463199600,57.9,100
1719463200047,58.3,75
1719463200169,58.0,25
1719463200777,57.85,50
1719463201400,57.75,25
1719463201583,57.75,50
1719463202545,57.8,75
1719463202794,58.0,50
1719463203555,58.35,25
1719463203777,58.8,975
1719463204591,58.0,200
1719463204804,57.85,25
1719463205571,58.45,175
1719463205803,58.45,300
1719463206594,58.35,25
1719463206819,58.25,150
1719463207588,57.8,200
1719463207790,57.65,25
1719463208582,58.05,125
1719463209013,57.9,25
1719463209565,58.3,25
1719463209994,58.4,25
1719463210594,57.4,300
1719463211203,57.3,100
1719463211586,56.9,150
1719463212354,56.6,25
1719463212587,56.65,50
1719463213222,56.8,100
1719463213584,56.9,25
1719463214405,56.5,25
1719463214572,56.7,25
1719463215403,57.45,75
1719463215588,57.6,200
1719463216597,57.25,350
1719463216626,57.2,25
1719463216831,57.2,25
1719463217594,57.25,25
1719463217830,57.45,50
1719463218775,57.75,200
1719463219590,57.65,50
1719463219796,57.8,25
1719463220584,57.8,50
1719463221238,57.65,250
1719463221551,57.75,25
1719463222233,57.4,25
1719463222590,57.45,25
1719463223612,57.1,400
1719463223825,57.35,25
1719463224602,56.9,75
1719463224826,56.75,25
1719463225574,56.5,50
1719463226005,56.85,25
1719463226609,56.55,75
1719463226849,56.3,75
1719463227585,55.45,25
1719463227836,55.6,100
1719463228583,55.4,50
1719463229226,56.2,325
1719463229606,56.4,175
1719463230076,56.9,575
1719463230610,56.55,200
1719463231043,57.2,25
1719463231588,57.05,25
1719463232049,56.4,75
1719463232607,55.95,375
1719463233231,56.6,25
1719463233588,56.9,25
1719463234224,57.05,50
1719463234589,56.75,50
1719463235204,57.05,250
1719463235565,57.55,350
1719463236240,57.95,25
1719463236599,57.65,25
1719463237250,57.3,150
1719463237609,57.55,25
1719463238192,57.3,25
1719463238604,57.55,25
1719463239612,57.8,175
1719463239842,57.85,25
1719463240584,57.7,750
1719463240829,57.65,25
1719463241594,57.95,75
1719463241880,57.8,25
1719463242594,58.2,50
1719463242847,58.05,25
1719463243572,58.1,400
1719463244068,57.85,25
1719463244606,58.0,75
1719463245044,57.75,25
1719463245611,58.0,50
1719463246081,57.5,50
1719463246617,57.45,25
1719463247293,57.6,25
1719463247600,57.65,25
1719463248236,57.75,75
1719463248584,57.65,125
1719463249620,58.2,25
1719463250596,57.8,25
1719463250664,57.65,50
1719463254599,57.6,25
1719463255292,57.6,75
1719463255591,57.2,50
1719463256469,57.55,25
1719463256623,57.6,275
1719463257503,57.9,25
1719463257598,58.1,100
1719463258649,58.15,50
1719463258887,58.3,100
1719463259629,58.0,250
1719463260071,58.05,50
1719463260288,58.35,25
1719463260598,57.95,25
1719463261114,58.3,25
1719463261620,57.6,150
1719463262114,56.7,100
1719463262626,56.55,25
1719463263294,57.2,25
1719463263622,57.35,375
1719463264508,57.6,150
1719463264786,57.55,25
1719463265591,57.6,25
1719463266511,57.25,50
1719463266628,57.25,25
1719463267510,57.15,50
1719463267614,57.05,25
1719463281317,53.7,25
1719463281629,54.1,175
1719463282303,53.85,75
1719463282632,53.95,25
1719463283634,54.6,50
1719463285533,55.15,25
1719463285636,55.1,50
1719463286610,55.05,100
1719463286745,55.2,75
1719463286913,55.0,150
1719463287831,55.7,225
1719463287946,56.0,850
1719463288647,56.0,75
1719463289121,55.85,25
1719463289646,55.75,50
1719463290084,55.55,50
1719463290301,56.0,50
1719463290583,55.7,350
1719463291118,55.7,25
1719463291616,55.4,25
1719463292313,55.5,25
1719463292615,55.5,25
1719463293336,55.85,150
1719463293644,55.7,125
1719463294545,55.95,25
1719463294648,55.8,50
1719463295647,54.65,25
1719463295745,54.8,75
1719463295963,55.15,25
1719463296644,55.2,125
1719463297138,55.3,75
1719463297612,55.45,100
1719463298130,55.05,25
1719463298644,54.9,75
1719463299343,55.1,100
1719463299850,54.85,100
1719463300342,54.4,25
1719463300622,54.85,25
1719463301153,54.7,25
1719463301646,54.9,25
1719463304549,55.05,150
1719463304630,55.25,75
1719463305647,55.6,25
1719463305754,55.9,125
1719463305964,55.6,25
1719463306659,55.5,25
1719463306967,55.55,25
1719463308654,55.55,25
1719463309169,55.8,250
1719463309637,55.7,50
1719463310174,55.9,25
1719463310867,55.95,275
1719463310972,55.6,125
1719463311656,55.6,25
1719463311963,55.45,400
1719463312656,55.0,500
1719463313364,54.75,25
1719463313622,54.85,200
1719463314349,55.35,25
1719463314515,54.9,275
1719463315371,55.1,25
1719463315653,55.0,25
1719463315988,55.25,25
1719463316651,54.95,75
1719463317152,55.4,25
1719463317656,55.4,50
1719463318176,55.45,250
1719463318664,55.6,200
1719463319146,55.8,50
1719463319653,55.6,400
1719463320064,55.15,100
1719463320172,55.4,25
1719463329402,54.85,150
1719463329652,54.85,25
1719463330387,55.2,175
1719463330853,55.35,325
1719463331572,55.6,50
1719463331609,55.7,50
1719463358654,53.55,25
1719463359245,53.25,100
1719463359680,53.35,75
1719463360237,52.95,50
1719463360699,53.1,25
1719463361635,52.8,25
1719463361692,52.75,25
1719463362436,53.4,300
1719463362682,53.55,75
1719463363676,54.3,25
1719463363845,54.25,75
1719463364044,54.0,75
1719463364682,53.55,100
1719463365251,53.55,25
1719463365692,53.65,25
1719463366354,53.85,100
1719463366703,53.95,75
1719463367424,53.95,200
1719463367691,53.9,425
1719463368439,53.85,50
1719463368668,53.9,25
1719463369619,53.5,100
1719463369889,53.45,25
1719463370644,53.7,25
1719463370704,53.6,25
1719463371680,53.4,25
1719463372668,53.0,50
1719463372841,53.0,25
1719463373053,53.05,25
1719463373678,53.35,100
1719463374256,52.95,350
1719463374695,52.8,25
1719463379062,53.8,75
1719463379675,54.35,250
1719463380056,54.2,50
1719463380254,54.45,175
1719463380710,54.25,25
1719463381264,54.95,25
1719463381686,55.35,25
1719463382249,55.15,300
1719463382701,54.95,225
1719463383263,55.3,25
1719463383652,55.6,375
1719463384463,55.15,50
1719463384686,54.6,25
1719463385680,55.0,75
1719463386695,54.8,25
1719463386873,54.6,25
1719463387069,54.25,25
1719463387707,54.5,250
1719463388023,54.8,150
1719463388674,54.8,25
1719463389272,55.1,100
1719463389691,55.05,100
1719463390477,55.35,100
1719463390716,55.3,50
1719463391478,55.55,75
1719463391695,55.6,25
1719463391976,55.95,75
1719463392701,55.75,200
1719463393073,55.75,25
1719463393704,55.95,250
1719463394439,56.15,25
1719463394908,56.45,25
1719463395685,56.2,50
1719463395707,56.2,25
1719463396694,56.5,100
1719463397704,56.55,50
1719463398064,56.5,25
1719463398692,56.5,25
1719463399280,56.15,500
1719463399712,56.15,25
1719463400038,56.15,25
1719463400623,55.85,175
1719463401493,56.65,50
1719463401720,56.65,25
1719463402497,56.7,50
1719463402674,56.75,25
1719463403489,56.45,475
1719463403692,56.45,25
1719463404501,57.05,25
1719463404702,56.85,250
1719463405479,56.8,100
1719463405705,56.95,450
1719463406713,57.6,50
1719463406884,57.85,25
1719463407077,57.8,25
1719463407709,58.5,75
1719463408309,58.2,125
1719463408712,58.8,150
1719463409491,58.6,50
1719463409720,58.9,25
1719463410067,59.3,25
1719463410519,59.6,50
1719463410718,59.5,50
1719463411718,58.7,25
1719463412694,58.9,25
1719463413715,58.65,100
1719463414730,58.8,25
1719463415709,59.1,25
1719463415902,59.0,25
1719463416076,59.15,150
1719463416723,59.55,75
1719463417126,59.45,50
1719463417708,59.8,25
1719463418110,59.5,25
1719463418694,59.45,200
1719463419136,59.4,50
1719463419717,59.45,75
1719463420108,59.4,25
1719463420721,59.7,125
1719463421309,59.2,25
1719463421723,59.1,75
1719463422324,59.6,600
1719463422733,59.45,100
1719463423319,59.85,25
1719463423911,59.95,25
1719463424522,59.35,125
1719463424714,59.35,25
1719463425523,59.45,25
1719463425726,59.6,25
1719463426703,59.6,25
1719463427731,59.8,25
1719463427916,59.75,100
1719463428139,60.25,25
1719463428932,63.5,25
1719463429342,63.5,25
1719463429725,63.8,50
1719463430526,62.2,75
1719463430728,62.1,150
1719463431726,62.25,50
1719463432552,63.2,50
1719463432737,64.15,175
1719463433739,63.3,25
1719463433942,63.1,75
1719463434948,63.0,125
1719463435148,62.7,50
1719463435730,63.3,25
1719463436143,63.0,25
1719463436721,62.7,125
1719463437333,63.0,50
1719463437746,63.2,25
1719463438545,62.95,175
1719463438726,62.5,25
1719463439540,63.15,200
1719463439954,62.7,25
1719463440081,62.75,125
1719463440739,62.25,25
1719463440929,62.35,50
1719463441150,62.8,50
1719463441740,62.25,25
1719463442160,62.75,25
1719463442723,61.6,25
1719463443155,61.75,25
1719463443754,61.1,350
1719463444163,61.0,25
1719463444725,61.45,25
1719463445371,60.75,50
1719463446347,61.0,25
1719463446718,61.5,100
1719463447540,61.5,75
1719463447750,61.4,200
1719463448555,61.35,25
1719463448717,61.3,25
1719463449554,61.75,50
1719463449732,61.85,25
1719463450759,61.8,25
1719463451762,61.9,25
1719463452755,61.6,25
1719463453729,61.9,75
1719463453729,61.9,75
1719463454740,61.15,150
1719463454973,60.7,225
1719463455354,61.1,25
1719463455745,60.9,150
1719463456373,60.9,25
1719463456736,61.2,50
1719463457372,60.85,125
1719463457748,60.65,25
1719463458370,60.8,25
1719463458753,60.75,25
1719463459380,61.25,25
1719463459738,61.8,50
1719463460577,61.45,25
1719463460751,61.5,25
1719463461795,62.45,25
1719463462748,61.8,50
1719463462971,61.8,50
1719463463155,61.65,175
1719463463748,61.15,25
1719463466581,61.75,25
1719463466771,61.65,25
1719463467783,61.25,50
1719463468743,60.85,25
1719463468743,60.85,25
1719463469740,60.9,25
1719463470066,60.65,125
1719463470168,60.6,50
1719463470935,59.0,50
1719463471197,58.6,75
1719463471743,59.2,75
1719463472379,58.95,75
1719463472741,58.65,150
1719463473399,58.9,100
1719463473747,59.0,25
1719463474395,58.55,25
1719463474755,58.7,175
1719463475603,59.1,75
1719463475701,58.9,50
1719463476589,58.45,100
1719463476746,58.45,100
1719463477739,59.0,75
1719463477808,58.85,25
1719463478758,59.9,200
1719463478982,59.85,50
1719463479206,60.45,50
1719463479751,59.7,250
1719463480186,60.35,25
1719463480764,60.85,175
1719463481202,60.95,25
1719463481742,61.2,50
1719463482406,61.1,25
1719463482746,61.05,100
1719463483606,61.7,25
1719463483968,61.05,25
1719463484756,61.05,25
1719463484796,61.2,25
1719463485762,61.2,25
1719463486017,61.1,25
1719463486752,61.2,25
1719463487009,61.2,25
1719463487222,61.45,175
1719463487730,61.15,50
1719463488429,61.25,50
1719463488769,61.25,25
1719463489404,61.25,50
1719463489727,61.2,100
1719463491820,61.7,75
1719463491931,61.75,25
1719463492757,62.05,50
1719463493030,62.05,125
1719463493230,61.7,50
1719463493782,61.95,25
1719463495424,62.35,25
1719463495777,61.95,25
1719463496774,62.15,50
1719463496800,62.1,25
1719463497811,61.55,25
1719463498603,61.85,400
1719463498776,61.85,25
1719463499779,61.85,200
1719463500078,61.65,25
1719463500239,61.6,25
1719463500765,61.05,50
1719463501444,60.85,100
1719463501742,61.05,50
1719463502437,61.05,25
1719463502761,60.85,25
1719463503633,60.85,25
1719463503960,61.2,75
1719463504652,61.0,225
1719463504765,60.75,25
1719463505773,61.65,25
1719463506837,61.9,100
1719463507810,61.4,25
1719463508764,61.2,50
1719463508816,61.15,250
1719463509646,60.7,50
1719463509773,60.65,175
1719463510444,61.25,25
1719463510753,61.1,25
1719463511649,61.9,50
1719463511776,62.2,25
1719463512770,61.9,25
1719463512818,61.85,75
1719463513836,61.7,50
1719463515045,61.7,100
1719463515250,62.2,50
1719463515787,62.2,200
1719463516449,62.45,25
1719463516774,62.7,100
1719463517454,62.2,50
1719463517754,62.05,100
1719463518460,62.35,25
1719463518784,62.5,25
1719463519459,62.05,75
1719463519783,61.8,25
1719463520782,61.4,25
1719463521665,61.3,50
1719463521797,61.0,650
1719463522669,60.95,25
1719463522791,61.0,25
1719463523788,60.45,50
1719463524790,60.0,1250
1719463524858,59.75,50
1719463525843,59.75,450
1719463526789,60.1,75
1719463526867,60.15,25
1719463527771,60.15,25
1719463527855,60.0,50
1719463528788,59.9,125
1719463529073,59.85,25
1719463529263,59.8,25
1719463529792,59.85,25
1719463530062,59.85,50
1719463530444,59.35,50
1719463530801,59.05,25
1719463531671,59.15,25
1719463531768,59.15,225
1719463532485,58.35,50
1719463532795,58.7,250
1719463533685,59.35,50
1719463533762,59.4,150
1719463534870,59.45,25
1719463535754,58.95,50
1719463535889,58.95,25
1719463536785,58.9,25
1719463536880,58.8,100
1719463537801,58.15,50
1719463538090,58.1,25
1719463538292,58.4,50
1719463538796,58.3,175
1719463539270,58.5,25
1719463539778,58.4,25
1719463540469,58.25,50
1719463540788,58.4,25
1719463541701,58.4,125
1719463541798,58.75,25
1719463542752,58.35,25
1719463542845,58.3,25
1719463543780,58.45,50
1719463544766,58.4,150
1719463544894,58.55,75
1719463545497,58.5,25
1719463545794,58.2,25
1719463546507,57.95,150
1719463546791,57.95,200
1719463547780,57.85,25
1719463548717,57.35,50
1719463548991,57.0,75
1719463549716,56.6,25
1719463549783,56.6,225
1719463550805,56.25,25
1719463551803,57.1,25
1719463552105,57.05,50
1719463552297,57.15,50
1719463552798,57.5,50
1719463553277,57.6,50
1719463553787,57.9,50
1719463554326,58.55,100
1719463554782,59.0,50
1719463555323,59.05,25
1719463555812,59.05,25
1719463556311,58.65,25
1719463556810,59.2,100
1719463557518,59.15,25
1719463557800,59.35,75
1719463558726,59.35,25
1719463558819,59.3,75
1719463559730,58.75,25
1719463559762,58.9,100
1719463560083,59.05,100
1719463560815,59.35,25
1719463560931,59.35,100
1719463561812,59.7,50
1719463561932,59.6,25
1719463562542,58.95,25
1719463562795,58.95,25
1719463563541,58.85,25
1719463563811,59.25,25
1719463564522,60.3,175
1719463564815,60.1,25
1719463565540,59.7,25
1719463565788,59.8,25
1719463566793,60.5,25
1719463567532,60.2,50
1719463567776,60.2,125
1719463568698,59.95,25
1719463568811,59.95,25
1719463569345,60.2,25
1719463569809,60.6,50
1719463570338,60.75,150
1719463570787,60.7,75
1719463571812,60.85,50
1719463572517,60.75,50
1719463572813,60.9,75
1719463573816,61.65,25
1719463573958,61.5,150
1719463574820,61.4,25
1719463574949,61.4,450
1719463575813,61.35,25
1719463576150,61.4,125
1719463576810,61.3,25
1719463577150,61.25,25
1719463577352,61.3,50
1719463577816,61.25,25
1719463578353,61.95,50
1719463578795,61.8,25
1719463579357,62.15,50
1719463579814,62.4,450
1719463580346,62.0,200
1719463580831,61.85,50
1719463581545,62.1,50
1719463581820,62.1,125
1719463582808,62.35,250
1719463583337,62.3,25
1719463583799,62.75,25
1719463584365,62.95,25
1719463584811,63.35,125
1719463585556,63.3,25
1719463585820,63.4,25
1719463586568,62.9,25
1719463586831,62.6,75
1719463587372,62.5,25
1719463587832,62.15,50
1719463588376,62.4,50
1719463588819,62.35,25
1719463589563,62.55,25
1719463589822,62.35,25
1719463590081,62.2,50
1719463590569,62.15,50
1719463590823,62.35,450
1719463591791,62.4,75
1719463592779,62.85,25
1719463592814,62.85,100
1719463593827,62.3,150
1719463593950,62.25,75
1719463594839,62.65,25
1719463594874,62.7,25
1719463595846,62.4,50
1719463595982,62.7,25
1719463596806,63.0,50
1719463596959,63.0,25
1719463597560,62.95,50
1719463597837,63.3,25
1719463598783,63.25,50
1719463598833,63.4,75
1719463599821,62.8,75
1719463600172,62.85,25
1719463600360,62.75,25
1719463600827,63.1,25
1719463601376,63.3,175
1719463601829,63.2,25
1719463609843,60.9,25
1719463609977,60.75,50
1719463611793,61.3,100
1719463611998,61.45,25
1719463612825,61.35,75
1719463613215,61.35,200
1719463613366,61.5,25
1719463613843,61.85,25
1719463614352,61.55,25
1719463614827,61.65,175
1719463615596,61.55,25
1719463615844,61.65,25
1719463616613,61.35,50
1719463616832,61.1,125
1719463617611,60.75,100
1719463617855,61.15,25
1719463618607,61.3,25
1719463618829,61.65,25
1719463619606,61.65,150
1719463619818,61.6,25
1719463620086,61.8,50
1719463620603,61.7,25
1719463620829,62.25,75
1719463621626,62.5,75
1719463621805,62.5,100
1719463622597,62.45,50
1719463622851,62.45,25
1719463623816,62.65,100
1719463623854,62.6,75
1719463624841,62.75,25
1719463625840,63.2,125
1719463626814,63.1,25
1719463627006,63.0,25
1719463627832,62.85,25
1719463628425,62.35,200
1719463628846,62.3,75
1719463629417,62.5,25
1719463629791,62.2,100
1719463630408,61.95,150
1719463630859,62.1,175
1719463631592,62.0,225
1719463631862,61.7,50
1719463632593,62.2,25
1719463632840,62.05,25
1719463633625,61.4,25
1719463633831,61.7,25
1719463634450,61.45,25
1719463634826,61.35,25
1719463635828,61.7,125
1719463635851,61.6,25
1719463636847,61.55,175
1719463637836,60.95,50
1719463638058,61.0,150
1719463638813,61.15,25
1719463638849,61.4,250
1719463639839,60.85,125
1719463640042,60.6,25
1719463640417,60.7,75
1719463640867,60.35,300
1719463641629,60.15,25
1719463641849,60.25,175
1719463642634,59.95,50
1719463642836,60.15,150
1719463643861,60.0,600
1719463644869,59.8,50
1719463645857,60.2,25
1719463646824,60.45,25
1719463647048,60.65,125
1719463647847,60.95,25
1719463668878,63.45,25
1719463669062,63.45,25
1719463669495,63.35,25
1719463669863,63.3,50
1719463670473,63.45,50
1719463670884,63.05,25
1719463671488,63.3,125
1719463671885,62.65,25
1719463672680,62.3,175
1719463672876,62.25,25
1719463673677,61.4,100
1719463673873,61.0,50
1719463674891,61.45,75
1719463675827,62.35,25
1719463676681,62.5,50
1719463676816,62.45,25
1719463688696,62.1,25
1719463688895,62.05,25
1719463748577,59.5,25
1719463748916,59.15,75
1719463749798,59.65,25
1719463749907,59.6,25
1719463750978,59.35,25
1719463751925,58.55,25
1719463752001,58.5,250
1719463752862,58.2,150
1719463753004,58.55,25
1719463754014,58.3,25
1719463754942,58.65,25
1719463755146,58.85,75
1719463755548,58.65,250
1719463755935,58.6,25
1719463760933,55.8,25
1719463761416,56.2,125
1719463761625,56.05,25
1719463761933,56.15,150
1719463762824,56.1,50
1719463762933,56.1,75
1719463765141,56.7,50
1719463765937,56.5,25
1719463766222,56.85,150
1719463766926,57.8,125
1719463767199,57.6,125
1719463767945,58.05,25
1719463768402,58.2,25
1719463768627,58.0,25
1719463768936,58.0,25
1719463769618,58.0,150
1719463769905,57.9,25
1719463770067,57.9,125
1719463770639,58.1,50
1719463770948,58.05,25
1719463776932,56.4,125
1719463777060,55.85,125
1719463777925,56.8,400
1719463778203,56.95,50
1719463779128,56.75,25
1719463779251,56.65,200
1719463779939,57.1,50
1719463780255,57.35,75
1719463780925,57.6,100
1719463781433,57.65,25
1719463781623,57.65,25
1719463781833,57.7,25
1719463782954,57.8,25
1719463783702,57.45,25
1719463783927,57.3,25
1719463784930,57.2,50
1719463785000,57.6,1425
1719463785905,57.55,150
1719463786242,57.65,50
1719463786937,57.6,50
1719463787246,57.5,500
1719463787819,57.75,50
1719463788881,57.55,200
1719463789587,57.55,25
1719463789948,57.65,25
1719463790909,57.0,50
1719463791942,56.65,25
1719463792264,56.95,25
1719463792943,57.45,25
1719463793227,57.25,25
1719463793896,56.5,200
1719463794273,56.0,250
1719463794936,56.4,25
1719463795069,56.5,25
1719463795917,56.45,25
1719463796264,56.4,175
1719463796956,56.3,25
1719463797276,56.8,25
1719463797948,56.85,150
1719463798871,56.7,350
1719463798967,56.7,25
1719463800090,56.75,100
1719463800923,56.7,25
1719463801280,56.8,75
1719463801970,56.55,200
1719463802246,56.4,100
1719463802942,56.9,25
1719463803298,57.1,25
1719463803662,57.0,25
1719463803889,56.75,25
1719463804682,56.65,100
1719463804919,56.7,25
1719463805672,57.35,25
1719463805904,57.3,125
1719463806915,57.35,25
1719463807927,57.0,1600
1719463808074,57.0,100
1719463808972,56.85,25
1719463809255,57.0,25
1719463809871,56.65,50
1719463810279,56.65,25
1719463810951,55.85,225
1719463811287,56.6,25
1719463811957,56.35,25
1719463812272,56.5,25
1719463812595,56.3,100
1719463815958,54.25,125
1719463816962,54.7,25
1719463817117,54.75,50
1719463818103,55.1,150
1719463818985,55.75,25
1719463819299,55.8,225
1719463819980,55.45,25
1719463820305,55.95,125
1719463820712,55.8,50
1719463820965,55.85,50
1719463821707,55.35,25
1719463821966,55.6,50
1719463822887,55.35,25
1719463822951,55.6,100
1719463823852,55.15,25
1719463823966,55.2,50
1719463824952,55.15,25
1719463825116,55.4,200
1719463825907,55.25,250
1719463825950,55.35,50
1719463826906,55.7,375
1719463826972,55.75,25
1719463827976,56.45,500
1719463828125,56.4,450
1719463828930,56.85,25
1719463829109,56.75,25
1719463830069,57.45,25
1719463830117,58.0,25
1719463830971,57.4,25
1719463831302,56.8,50
1719463831972,56.65,25
1719463832297,56.6,1000
1719463832953,56.75,75
1719463833107,56.7,100
1719463833972,56.95,25
1719463834310,57.1,25
1719463834986,56.85,25
1719463835083,56.85,25
1719463835698,56.8,50
1719463835984,56.75,350
1719463836726,57.0,100
1719463836970,56.85,200
1719463837975,57.8,50
1719463838948,57.0,25
1719463839126,57.1,25
1719463839977,57.45,175
1719463840140,57.35,25
1719463840976,57.7,200
1719463841109,57.5,25
1719463841989,57.75,50
1719463842535,58.1,50
1719463842709,57.95,50
1719463842957,58.05,200
1719463843980,58.6,25
1719463844741,58.35,750
1719463844914,58.4,175
1719463845692,58.45,100
1719463845991,58.4,50
1719463846990,58.3,50
1719463847916,58.35,25
1719463847916,58.35,25
1719463848742,58.25,25
1719463848982,58.3,100
1719463849982,58.6,25
1719463850141,58.45,125
1719463850987,58.95,25
1719463851139,58.9,25
1719463851949,58.75,25
1719463852973,59.0,25
1719463853915,58.75,25
1719463853978,58.65,75
1719463855189,59.1,25
1719463855974,59.1,25
1719463856345,58.95,50
1719463856981,58.9,25
1719463857539,58.8,350
1719463857738,58.55,125
1719463857992,58.1,50
1719463858747,58.4,125
1719463859203,56.75,50
1719463860065,56.6,25
1719463860995,56.55,25
1719463861985,55.8,25
1719463862152,55.95,25
1719463862977,55.5,25
1719463863168,55.85,25
1719463863960,56.2,25
1719463864136,56.0,75
1719463864948,56.3,25
1719463866005,56.85,50
1719463866939,57.1,25
1719463867999,57.55,25
1719463868132,57.3,25
1719463868994,57.25,25
1719463869993,56.85,25
1719463870956,56.8,50
1719463871147,56.95,50
1719463871998,56.5,150
1719463872986,56.75,25
1719463873012,56.75,25
1719463874012,56.8,50
1719463874012,56.8,50
1719463875001,57.05,50
1719463875183,57.3,75
1719463875993,57.65,25
1719463876355,57.85,300
1719463877015,57.45,25
1719463877571,56.95,25
1719463877783,56.7,400
1719463878019,56.9,25
1719463878799,56.5,25
1719463878996,56.45,25
1719463879956,56.45,25
1719463881011,56.25,25
1719463881172,56.35,25
1719463881917,55.95,25
1719463882380,56.2,25
1719463925998,56.6,50
1719463926234,56.25,25
1719463926999,56.6,25
1719463927252,56.7,50
1719463928029,56.45,75
1719463928442,56.5,25
1719463928815,56.45,25
1719463929017,56.6,175
1719463929938,56.5,50
1719463931010,56.2,50
1719463932027,56.2,25
1719463933046,56.05,50
1719463933923,55.6,50
1719463934270,55.6,50
1719463935031,55.0,25
1719463935276,55.15,25
1719463935873,53.8,75
1719463936034,53.85,25
1719463936873,55.25,75
1719463937009,55.5,25
1719463937851,56.05,100
1719463938056,56.1,75
1719463939012,55.8,50
1719463945072,56.65,300
1719463946037,56.15,75
1719463946220,56.1,25
1719463947018,56.6,25
1719463947204,56.65,400
1719463948046,56.85,50
1719463948466,56.9,25
1719463949058,56.6,25
1719463949475,56.9,25
1719463950080,56.85,175
1719463952829,57.1,75
1719463953041,56.9,125
1719463953835,57.1,25
1719463954059,57.1,25
1719463954878,57.0,200
1719463955035,57.25,25
1719463955994,57.75,25
1719463957030,58.15,175
1719463957279,57.45,25
1719463957997,57.6,150
1719463958258,57.8,50
1719463959038,57.95,500
1719463959477,57.6,25
1719463960052,57.75,25
1719463960497,58.1,50
1719463961040,58.4,50
1719463961093,58.25,100
1719463961849,58.2,75
1719463962052,58.3,25
1719463962909,58.1,175
1719463963040,58.25,25
1719463964014,58.3,100
1719463965074,58.25,100
1719463965316,58.1,325
1719463966030,57.75,50
1719463966492,57.85,200
1719463967044,57.5,125
1719463967502,57.0,500
1719463968072,57.3,900
1719463968484,57.35,275
1719463968867,57.85,25
1719463969046,57.9,650
1719463970040,58.05,25
1719463970069,57.9,25
1719463971017,58.25,25
1719463971105,58.2,25
1719463972117,58.25,25
1719463973235,58.35,150
1719463973916,58.15,25
1719463974008,58.2,25
1719463975117,57.75,75
1719463976039,57.95,25
1719463976320,57.6,150
1719463977060,57.8,25
1719463977090,57.9,325
1719463978059,57.9,200
1719463978332,57.5,25
1719463979126,57.3,25
1719463980088,56.6,25
1719463980315,56.7,25
1719463981073,56.8,75
1719463981305,57.0,25
1719463982073,57.05,25
1719463982737,56.9,375
1719463982767,56.9,100
1719463983034,56.9,75
1719463983896,57.2,200
1719463984060,57.3,75
1719463985140,57.65,25
1719463986040,57.5,25
1719463986131,57.55,300
1719463986858,57.65,50
1719463987044,57.55,50
1719463988065,57.9,150
1719463988285,58.05,25
1719463989067,58.0,25
1719463989531,58.15,25
1719463990043,57.9,25
1719463990547,58.0,25
1719463991081,57.65,25
1719463991740,57.85,25
1719463991938,57.9,25
1719463992049,57.8,25
1719463992940,57.95,25
1719463992983,57.95,25
1719463994014,58.35,75
1719463994342,58.65,175
1719463995079,58.5,25
1719463995145,58.45,300
1719463996058,58.1,125
1719463996335,58.05,25
1719463997039,58.55,100
1719463997268,58.55,25
1719463998066,58.15,25
1719463998343,58.3,25
1719463999050,58.7,100
1719463999532,58.85,100
1719464000057,58.85,25
1719464000545,58.95,100
1719464001222,59.0,25
1719464001558,59.4,50
1719464002101,59.1,50
1719464002768,58.35,25
1719464002952,58.3,25
1719464003095,58.25,100
1719464004077,58.65,50
1719464005080,59.05,25
1719464005159,59.0,25
1719464006129,59.35,25
1719464007064,58.9,50
1719464007982,59.0,50
1719464008082,59.0,250
1719464009172,59.25,25
1719464010084,59.15,50
1719464010150,59.2,25
1719464011087,58.9,75
1719464011149,58.9,75
1719464012093,59.5,25
1719464012368,59.6,25
1719464013101,59.45,500
1719464013571,59.3,125
1719464014130,59.7,50
1719464016090,59.3,225
1719464016974,59.55,25
1719464017102,59.75,75
1719464017984,58.95,25
1719464018100,58.85,50
1719464019098,58.95,200
1719464020071,58.7,200
1719464020383,58.6,75
1719464021092,58.55,50
1719464021607,58.2,25
1719464022101,57.85,50
1719464022613,57.55,25
1719464023085,57.7,125
1719464023568,58.0,75
1719464024059,58.2,25
1719464025019,58.6,75
1719464026106,58.95,175
1719464027188,59.1,50
1719464027937,59.1,25
1719464028101,59.2,275
1719464029054,59.2,50
1719464030076,59.15,100
1719464030158,59.15,75
1719464031115,59.1,25
1719464031410,59.25,200
1719464032104,59.2,25
1719464032593,59.3,50
1719464033104,59.2,25
1719464033530,59.3,50
1719464034099,59.45,50
1719464034404,59.5,25
1719464035102,59.6,25
1719464035612,59.5,250
1719464036024,59.95,50
1719464036100,60.0,25
1719464037161,60.0,300
1719464038101,59.9,25
1719464039110,60.5,250
1719464039213,60.6,250
1719464040087,60.4,25
1719464040109,60.35,25
1719464040395,60.3,50
1719464041079,60.3,75
1719464041421,60.25,75
1719464042100,60.45,25
1719464042614,60.3,25
1719464043098,60.4,25
1719464043628,60.4,25
1719464044106,60.45,25
1719464044816,61.3,50
1719464045047,60.9,150
1719464045107,61.0,250
1719464046024,60.6,25
1719464046104,60.55,25
1719464047094,60.9,25
1719464047424,60.75,25
1719464048075,60.65,25
1719464048418,61.0,25
1719464049124,60.95,75
1719464049441,60.8,25
1719464050285,61.3,100
1719464050645,61.35,25
1719464051087,61.4,25
1719464051623,61.35,75
1719464052096,61.5,25
1719464052642,61.05,25
1719464053120,61.25,25
1719464054045,61.2,25
1719464054112,61.05,25
1719464055033,60.7,25
1719464055112,60.95,25
1719464056118,60.25,25
1719464057114,59.45,100
1719464057220,59.05,275
1719464058040,59.55,150
1719464058110,59.55,25
1719464059131,60.1,200
1719464060127,60.2,25
1719464060233,60.3,25
1719464061118,60.8,200
1719464061465,60.8,25
1719464062108,61.2,25
1719464062424,61.05,125
1719464063105,61.4,50
1719464063239,61.5,50
1719464064122,61.65,50
1719464064443,62.1,25
1719464074319,62.25,25
1719464074677,62.4,25
1719464075087,62.35,25
1719464075660,61.95,50
1719464076082,62.3,100
1719464076110,62.25,50
1719464077089,61.85,25
1719464077265,62.0,50
1719464078129,61.85,25
1719464078202,61.9,25
1719464079125,62.1,25
1719464079495,62.0,25
1719464080133,62.3,225
1719464080681,62.1,25
1719464081128,61.6,25
1719464081669,62.0,25
1719464082126,62.15,25
1719464082673,62.15,25
1719464083131,62.0,75
1719464083477,62.35,25
1719464084132,62.8,25
1719464084693,62.6,225
1719464085083,63.0,375
1719464085128,62.95,25
1719464086131,63.0,100
1719464086292,62.95,25
1719464087329,62.95,25
1719464088135,63.2,25
1719464088500,63.2,200
1719464089125,63.05,200
1719464089494,62.6,100
1719464090122,63.0,25
1719464090700,62.65,25
1719464091122,62.65,25
1719464091908,62.4,25
1719464092134,62.45,25
1719464093124,60.85,25
1719464094144,60.45,225
1719464094304,59.8,100
1719464095126,60.2,25
1719464095511,60.4,200
1719464096117,60.35,125
1719464096480,60.3,25
1719464097340,60.1,300
1719464097869,60.35,25
1719464098123,60.5,25
1719464098651,60.6,50
1719464099133,61.05,75
1719464099921,61.35,25
1719464100088,61.25,50
1719464100112,61.0,25
1719464101144,61.05,50
1719464101314,60.95,25
1719464102117,60.35,25
1719464102666,60.6,25
1719464103143,60.3,25
1719464103921,60.5,125
1719464104328,60.55,925
1719464104939,60.3,100
1719464105111,60.35,50
1719464106116,60.55,50
1719464107139,60.85,50
1719464108112,61.1,50
1719464108319,60.8,50
1719464109137,60.9,275
1719464109733,61.2,25
1719464110123,61.4,50
1719464110703,61.05,25
1719464111162,61.25,75
1719464111754,60.85,25
1719464112097,61.05,25
1719464112714,61.05,100
1719464113124,61.2,50
1719464121143,59.3,900
1719464121508,59.6,50
1719464122132,60.15,25
1719464122527,59.9,25
1719464123114,59.8,25
1719464123545,60.2,25
1719464124146,60.95,25
1719464124707,60.45,25
1719464125118,60.45,50
1719464125761,60.25,25
1719464126152,60.2,25
1719464126666,60.3,525
1719464127151,60.65,50
1719464128148,60.4,250
1719464128338,60.4,50
1719464129167,60.55,25
1719464129193,60.55,50
1719464130077,60.25,25
1719464130154,60.1,25
1719464130305,60.2,100
1719464131163,60.15,50
1719464168183,60.65,75
1719464169193,60.4,300
1719464169605,60.3,100
1719464170149,60.0,700
1719464170510,60.2,50
1719464171194,60.05,50
1719464171807,59.95,25
1719464172177,60.0,75
1719464172792,60.2,25
1719464173176,60.05,50
1719464173814,60.1,25
1719464174170,59.9,25
1719464175010,60.15,50
1719464175200,60.0,25
1719464176172,60.3,75
1719464177182,60.75,200
1719464177617,60.3,225
1719464178365,60.55,75
1719464178592,60.3,25
1719464179167,60.6,25
1719464179597,60.35,75
1719464180161,60.15,25
1719464180620,59.7,25
1719464181095,59.65,25
1719464181640,59.35,450
1719464182191,59.45,200
1719464182813,59.15,100
1719464183192,59.35,350
1719464183802,59.0,25
1719464206035,59.55,25
1719464206154,59.85,75
1719464206459,60.05,75
1719464207208,60.0,300
1719464207637,59.6,25
1719464208191,59.35,25
1719464208668,59.5,50
1719464209222,59.5,25
1719464209625,59.25,50
1719464210425,58.9,50
1719464210845,58.9,50
1719464211197,58.85,25
1719464211866,59.15,100
1719464212246,58.9,25
1719464213048,59.35,25
1719464213258,59.35,25
1719464214104,59.65,25
1719464214394,59.3,25
1719464215193,59.25,50
1719464215468,59.3,150
1719464216192,59.4,25
1719464216684,58.85,50
1719464217195,58.45,250
1719464217816,58.55,50
1719464218210,58.2,200
1719464219063,57.0,100
1719464219269,56.85,25
1719464220091,56.75,25
1719464220216,56.7,875
1719464220264,56.6,75
1719464221297,57.0,250
1719464222181,56.65,25
1719464222685,56.75,50
1719464223442,56.25,300
1719464223697,56.25,250
1719464224226,56.0,200
1719464224684,56.4,25
1719464225225,56.6,25
1719464225735,56.3,75
1719464226226,55.75,150
1719464226661,55.55,25
1719464227222,55.1,75
1719464228223,54.65,275
1719464228909,54.75,25
1719464229411,54.5,25
1719464229904,54.35,200
1719464230212,54.15,200
1719464231092,54.05,100
1719464231202,53.95,25
1719464233295,54.75,50
1719464234298,54.2,250
1719464235225,54.35,100
1719464235683,54.9,50
1719464236234,54.35,25
1719464236704,54.0,25
1719464237240,54.25,50
1719464237518,54.15,50
1719464238201,54.05,50
1719464238492,53.85,50
1719464239228,54.35,125
1719464239701,54.45,75
1719464240231,54.1,25
1719464240723,54.25,25
1719464241235,54.1,25
1719464241922,54.1,25
1719464242236,54.3,75
1719464242902,54.15,25
1719464243238,54.15,50
1719464243914,53.7,25
1719464244234,53.7,25
1719464244513,53.45,25
1719464245234,53.65,50
1719464245721,53.65,525
1719464246239,53.7,25
1719464246720,52.75,25
1719464247238,51.7,75
1719464247934,52.2,50
1719464248236,51.0,25
1719464249327,49.55,25
1719464250083,50.3,25
1719464250328,50.55,200
1719464250434,50.6,25
1719464251234,49.35,175
1719464251544,49.7,150
1719464252229,50.25,50
1719464252547,50.05,25
1719464253243,49.7,25
1719464253729,49.7,50
1719464254240,48.8,25
1719464254930,49.2,25
1719464255245,49.7,100
1719464256238,49.9,50
1719464256348,49.7,25
1719464257236,49.75,25
1719464257341,49.55,25
1719464258236,49.05,75
1719464258531,49.0,25
1719464260249,49.35,25
1719464260539,49.3,175
1719464261246,49.65,50
1719464261532,49.75,50
1719464262557,49.6,200
1719464263244,49.3,25
1719464263527,49.05,25
1719464264252,49.35,25
1719464264422,49.5,25
1719464264707,49.1,75
1719464265253,49.1,50
1719464265750,48.8,25
1719464266228,48.6,25
1719464266939,49.3,25
1719464267236,49.35,25
1719464267965,48.8,25
1719464268239,49.0,25
1719464268951,48.9,25
1719464269234,48.9,75
1719464269351,48.9,100
1719464270259,48.65,25
1719464270354,48.75,25
1719464271356,48.7,25
1719464272248,49.65,25
1719464272354,49.75,25
1719464273250,49.2,25
1719464273566,49.15,275
1719464274249,49.6,325
1719464274803,49.7,50
1719464275246,49.85,50
1719464275565,49.7,25
1719464284274,49.4,75
1719464284956,49.05,25
1719464285249,48.9,25
1719464285989,49.25,100
1719464286253,49.3,50
1719464286997,49.65,250
1719464287256,49.65,50
1719464287575,49.3,25
1719464288264,49.5,25
1719464288570,49.4,25
1719464289256,49.4,125
1719464289966,49.4,25
1719464290264,49.5,25
1719464290767,49.3,50
1719464291259,49.3,50
1719464291969,48.4,225
1719464292262,47.3,100
1719464293271,47.3,25
1719464293397,47.6,75
1719464294269,47.6,75
1719464294592,47.2,75
1719464295274,47.25,50
1719464295594,47.75,250
1719464296246,47.6,600
1719464296796,47.65,175
1719464297246,47.85,325
1719464297810,47.7,25
1719464298252,47.35,50
1719464298781,47.55,25
1719464299265,47.1,25
1719464299767,47.25,25
1719464300266,47.6,200
1719464300990,47.6,25
1719464301260,47.6,50
1719464301796,47.8,75
1719464302257,47.55,50
1719464302802,47.75,150
1719464303253,47.7,25
1719464303803,47.55,325
1719464304258,47.5,25
1719464304809,47.85,250
1719464305258,47.3,100
1719464306009,47.75,25
1719464306279,47.95,50
1719464307009,48.0,25
1719464307267,47.65,25
1719464308271,47.25,25
1719464308414,47.35,100
1719464309259,47.1,100
1719464309419,47.05,25
1719464310086,46.6,25
1719464310266,46.15,175
1719464310809,46.0,50
1719464311282,45.85,75
1719464311814,46.3,100
1719464312284,45.9,100
1719464313023,46.0,50
1719464313483,46.25,25
1719464313808,46.05,50
1719464314271,45.2,50
1719464315012,45.4,25
1719464315278,45.7,25
1719464316034,45.5,50
1719464316278,45.3,100
1719464317037,44.95,50
1719464317282,44.9,250
1719464318018,45.2,100
1719464318262,45.3,25
1719464318439,45.3,75
1719464319274,45.45,25
1719464319830,45.15,25
1719464320274,45.05,25
1719464320795,45.5,25
1719464321283,45.3,25
1719464321834,45.05,25
1719464322279,45.3,25
1719464322818,45.3,400
1719464323276,45.15,25
1719464324034,44.6,50
1719464324292,45.05,100
1719464325036,45.1,25
1719464325280,45.05,25
1719464325431,45.45,150
1719464326283,45.6,150
1719464326416,45.4,25
1719464327279,45.95,25
1719464327826,46.1,75
1719464328277,46.35,50
1719464328421,46.55,25
1719464329273,47.0,25
1719464329638,47.35,25
1719464330483,46.7,25
1719464330852,46.35,100
1719464367280,46.1,50
1719464367880,46.4,125
1719464368271,46.2,150
1719464369094,46.2,25
1719464369304,46.35,75
1719464370103,46.2,25
1719464370331,46.6,25
1719464371084,45.95,25
1719464371513,45.85,25
1719464372316,46.05,75
1719464372698,46.05,75
1719464373313,46.05,25
1719464373895,45.9,25
1719464378314,45.9,900
1719464378488,45.95,125
1719464379288,46.35,75
1719464379703,46.15,200
1719464380289,46.55,25
1719464380712,46.25,50
1719464381321,46.0,25
1719464381706,45.95,150
1719464382325,45.95,50
1719464382914,45.7,50
1719464383306,46.15,25
1719464384122,46.6,25
1719464384328,46.3,25
1719464384914,46.45,325
1719464385307,46.3,25
1719464386327,46.6,25
1719464386539,46.6,500
1719464387311,46.35,375
1719464387533,46.45,625
1719464388329,46.2,25
