time,price,volume
1719461502921,9.05,25
1719461503940,8.95,25
1719461504087,8.95,125
1719461504937,9.0,125
1719461505309,9.05,50
1719461505870,9.05,125
1719461506320,8.95,25
1719461506951,8.9,425
1719461507271,9.0,25
1719461507965,9.1,400
1719461508657,9.0,75
1719461508968,9.05,25
1719461509936,9.0,25
1719461510043,9.0,25
1719461511098,9.0,100
1719461511325,9.05,725
1719461511956,9.1,75
1719461512710,8.85,25
1719461512964,8.95,225
1719461514323,9.05,75
1719461515126,9.0,75
1719461515299,8.9,200
1719461515914,9.15,200
1719461516482,9.25,175
1719461516951,9.3,25
1719461517934,9.05,25
1719461518179,9.0,25
1719461518937,8.9,25
1719461519288,8.85,200
1719461519963,9.05,200
1719461520553,8.95,25
1719461520980,8.95,75
1719461521460,8.95,25
1719461521968,8.9,100
1719461522959,8.85,25
1719461523953,8.7,75
1719461524145,8.6,450
1719461524934,8.45,25
1719461525947,8.55,275
1719461526127,8.45,325
1719461526966,8.35,75
1719461527345,8.25,50
1719461527976,8.3,25
1719461528550,8.35,150
1719461528973,8.35,350
1719461529757,8.45,25
1719461529970,8.4,150
1719461530939,8.4,75
1719461531351,8.4,50
1719461532177,8.4,50
1719461532493,8.45,50
1719461532974,8.4,100
1719461533939,8.45,25
1719461534932,8.4,50
1719461535134,8.4,25
1719461535946,8.4,150
1719461536372,8.4,200
1719461536893,8.35,325
1719461537333,8.4,25
1719461537968,8.4,50
1719461538564,8.4,100
1719461538956,8.45,100
1719461539942,8.35,25
1719461540970,8.3,175
1719461541581,8.25,25
1719461541975,8.3,25
1719461542988,8.2,50
1719461543156,8.15,100
1719461543965,8.0,550
1719461544788,7.95,100
1719461544956,7.95,275
1719461546192,7.7,50
1719461546573,7.8,50
1719461546921,7.95,50
1719461548000,8.0,50
1719461549186,8.1,25
1719461549970,8.05,250
1719461550389,8.05,550
1719461550962,8.15,25
1719461551522,8.1,325
1719461551971,8.1,25
1719461552565,8.1,100
1719461552978,8.05,25
1719461553789,8.0,500
1719461554004,8.1,250
1719461554942,8.2,200
1719461555207,8.2,25
1719461555988,8.15,150
1719461556406,8.15,250
1719461556989,8.1,25
1719461557397,8.15,125
1719461557934,8.15,175
1719461558385,8.25,75
1719461559000,8.2,50
1719461559802,8.15,25
1719461560000,8.1,25
1719461560982,8.2,25
1719461561201,8.25,75
1719461562002,8.15,150
1719461562203,8.15,75
1719461562987,8.1,75
1719461563416,8.0,25
1719461563977,8.05,100
1719461564609,8.0,50
1719461565005,7.95,50
1719461565808,7.95,25
1719461566000,7.95,50
1719461567192,7.9,25
1719461567223,7.85,125
1719461568000,7.85,50
1719461568370,7.9,25
1719461568988,7.95,25
1719461569587,7.95,50
1719461569990,7.8,25
1719461570791,7.9,25
1719461571000,7.9,25
1719461572171,8.0,125
1719461572391,8.0,25
1719461572941,7.95,25
1719461574000,7.9,50
1719461574999,7.95,425
1719461575838,8.05,100
1719461575996,8.15,1750
1719461577228,8.15,50
1719461578004,8.2,50
1719461578609,8.25,400
1719461578973,8.25,25
1719461579601,8.2,25
1719461580012,8.2,150
1719461580825,8.05,50
1719461581009,8.05,25
1719461581469,8.1,50
1719461582000,8.05,50
1719461582186,8.1,275
1719461582954,8.15,25
1719461583431,8.15,75
1719461584000,8.2,50
1719461584622,8.1,75
1719461585075,8.1,350
1719461585809,8.05,50
1719461586000,8.05,25
1719461586852,8.1,375
1719461586982,8.1,450
1719461587932,8.05,25
1719461588242,8.0,25
1719461588982,8.0,700
1719461589620,8.05,25
1719461590008,7.95,25
1719461591005,7.85,25
1719461591259,7.85,50
1719461591973,7.8,50
1719461592647,7.85,25
1719461593166,7.8,25
1719461593871,7.9,25
1719461593965,7.95,25
1719461594942,8.0,50
1719461595998,8.0,25
1719461596433,8.05,250
1719461596967,8.05,150
1719461597642,8.1,50
1719461598008,8.2,75
1719461598872,8.25,225
1719461598906,8.25,75
1719461599954,8.2,25
1719461600280,8.25,25
1719461600906,8.2,25
1719461601272,8.2,25
1719461602013,8.15,25
1719461602444,8.0,175
1719461602998,8.1,100
1719461603364,8.1,75
1719461604001,8.0,25
1719461604477,8.0,325
1719461604877,8.05,425
1719461605678,8.2,75
1719461606015,8.15,25
1719461606791,8.1,25
1719461607014,8.1,200
1719461608090,8.0,150
1719461609000,8.05,25
1719461609468,8.1,25
1719461609991,8.15,25
1719461610611,8.05,100
1719461610983,8.1,325
1719461611847,8.05,75
1719461612011,8.05,75
1719461612981,8.05,500
1719461613205,8.05,75
1719461613995,8.05,25
1719461614451,8.1,100
1719461614974,8.05,200
1719461615684,7.95,475
1719461616010,8.1,150
1719461617069,8.0,100
1719461618010,8.0,450
1719461618231,7.9,175
1719461618995,8.0,50
1719461619488,8.05,25
1719461619991,8.0,25
1719461620694,8.1,75
1719461620991,8.1,375
1719461621890,8.2,200
1719461622020,8.2,25
1719461622979,8.2,200
1719461623996,8.3,350
1719461624512,8.45,50
1719461624923,8.5,25
1719461626051,8.45,25
1719461627049,8.45,600
1719461627498,8.45,325
1719461628025,8.65,175
1719461628503,8.7,75
1719461628984,8.55,100
1719461629532,8.55,25
1719461630005,8.55,50
1719461630708,8.65,50
1719461630905,8.65,25
1719461632101,8.5,25
1719461633018,8.85,150
1719461633114,8.85,300
1719461633982,8.75,75
1719461634306,8.8,250
1719461635042,8.75,25
1719461635520,8.75,75
1719461635986,8.7,125
1719461636501,8.75,25
1719461636983,8.75,250
1719461637744,8.7,25
1719461638042,8.75,75
1719461639018,8.6,50
1719461640029,8.7,200
1719461640308,8.65,350
1719461641017,8.7,125
1719461641535,8.65,25
1719461641668,8.65,175
1719461642046,8.55,25
1719461642732,8.6,100
1719461643039,8.6,200
1719461643720,8.7,25
1719461644035,8.65,75
1719461644706,8.75,25
1719461645026,8.65,250
1719461646007,8.65,25
1719461646337,8.65,100
1719461646870,8.7,25
1719461647458,8.65,100
1719461648039,8.55,75
1719461648480,8.7,125
1719461648986,8.7,25
1719461649722,8.75,25
1719461649994,8.75,75
1719461650749,8.75,100
1719461650972,8.75,475
1719461651926,8.75,200
1719461652026,8.75,50
1719461653137,8.85,50
1719461653212,8.8,25
1719461654031,9.0,25
1719461654338,9.05,25
1719461655051,9.0,200
1719461655559,8.95,725
1719461656033,8.95,100
1719461656720,8.9,25
1719461657021,8.9,25
1719461657938,8.9,25
1719461658007,8.9,25
1719461659127,8.6,25
1719461660034,8.8,125
1719461660366,8.7,25
1719461661040,8.7,25
1719461661428,8.7,50
1719461662055,8.55,75
1719461662752,8.55,25
1719461663052,8.5,100
1719461664038,8.5,25
1719461664128,8.5,25
1719461665026,8.35,25
1719461665548,8.45,475
1719461666480,8.45,500
1719461667010,8.6,25
1719461667758,8.65,25
1719461668051,8.7,625
1719461668963,8.75,25
1719461670057,8.7,50
1719461670175,8.7,175
1719461671034,8.65,900
1719461671334,8.6,50
1719461671557,8.65,25
1719461672040,8.65,25
1719461672329,8.55,50
1719461673053,8.5,25
1719461673535,8.5,50
1719461674007,8.45,25
1719461674800,8.4,25
1719461675056,8.35,100
1719461675766,8.5,25
1719461676036,8.5,25
1719461676994,8.55,75
1719461677028,8.55,25
1719461678036,8.5,800
1719461679070,8.5,50
1719461679149,8.5,300
1719461680005,8.4,25
1719461680571,8.4,75
1719461681038,8.5,25
1719461681525,8.55,25
1719461682035,8.55,25
1719461682773,8.5,50
1719461682992,8.55,700
1719461683926,8.7,125
1719461684069,8.65,300
1719461685062,8.55,200
1719461685175,8.6,200
1719461686058,8.6,175
1719461686160,8.65,75
1719461687010,8.6,75
1719461687399,8.55,400
1719461688040,8.55,25
1719461688410,8.5,75
1719461689080,8.4,50
1719461689104,8.45,75
1719461690028,8.6,75
1719461690560,8.6,50
1719461691000,8.7,75
1719461691380,8.65,25
1719461692070,8.6,25
1719461692536,8.6,125
1719461693026,8.5,100
1719461693620,8.55,75
1719461694018,8.6,75
1719461694782,8.6,125
1719461695042,8.6,75
1719461695792,8.65,25
1719461696025,8.6,500
1719461696727,8.55,100
1719461697009,8.6,75
1719461697681,8.6,200
1719461698046,8.65,300
1719461698792,8.45,200
1719461699022,8.35,50
1719461699165,8.4,25
1719461700009,8.4,50
1719461701011,8.55,250
1719461701418,8.65,175
1719461701558,8.65,50
1719461702018,8.65,150
1719461702425,8.9,50
1719461703074,8.7,50
1719461703582,8.65,25
1719461704014,8.65,50
1719461704597,8.7,25
1719461705024,8.6,300
1719461705823,8.55,375
1719461705971,8.55,25
1719461706807,8.45,600
1719461707030,8.4,25
1719461708022,8.3,325
1719461708063,8.25,25
1719461709242,8.3,25
1719461709242,8.3,25
1719461710067,8.35,50
1719461710219,8.55,75
1719461711077,8.7,25
1719461711214,8.7,25
1719461712038,8.55,350
1719461712235,8.55,25
1719461713048,8.65,25
1719461713396,8.55,50
1719461714022,8.5,25
1719461714371,8.5,50
1719461715003,8.5,25
1719461715446,8.5,75
1719461716039,8.45,25
1719461716390,8.45,75
1719461716919,8.45,50
1719461717649,8.45,50
1719461718008,8.55,25
1719461718631,8.6,25
1719461719062,8.5,75
1719461719599,8.55,25
1719461720074,8.75,250
1719461720622,8.75,25
1719461720941,8.7,25
1719461722072,8.7,375
1719461722903,8.65,750
1719461723435,8.6,25
1719461724105,8.7,50
1719461724843,8.7,25
1719461725047,8.75,25
1719461725852,8.75,475
1719461726057,8.75,25
1719461727042,8.65,400
1719461727084,8.65,25
1719461728074,8.6,25
1719461729031,8.6,250
1719461729277,8.6,25
1719461730062,8.7,50
1719461730608,8.65,25
1719461731106,8.65,25
1719461731543,8.75,750
1719461731847,8.7,25
1719461732089,8.8,25
1719461733091,9.05,50
1719461733218,9.0,25
1719461734084,9.25,175
1719461734862,9.45,50
1719461735277,9.5,25
1719461736105,9.75,25
1719461736648,9.75,25
1719461737096,9.7,25
1719461738099,9.55,25
1719461738284,9.4,25
1719461739086,9.25,900
1719461739890,9.2,25
1719461740104,9.15,25
1719461741306,9.2,200
1719461741465,9.1,200
1719461742021,9.2,25
1719461742664,9.15,250
1719461743094,9.2,25
1719461743884,9.2,250
1719461744104,9.25,25
1719461744813,9.3,25
1719461745027,9.4,25
1719461746087,9.4,375
1719461746294,9.45,1000
1719461747098,9.5,25
1719461747699,9.55,25
1719461748036,9.55,100
1719461748863,9.45,175
1719461749108,9.45,100
1719461750104,9.45,25
1719461750305,9.35,1125
1719461751100,9.45,150
1719461751708,9.6,50
1719461752109,9.6,25
1719461752909,9.6,50
1719461753078,9.7,200
1719461754088,9.6,25
1719461754504,9.55,25
1719461755114,9.55,25
1719461755898,9.55,425
1719461756299,9.55,25
1719461757096,9.6,150
1719461757096,9.6,150
1719461758112,9.5,25
1719461758519,9.4,100
1719461759099,9.5,600
1719461759891,9.5,50
1719461760109,9.4,25
1719461761133,9.45,25
1719461761520,9.55,25
1719461762112,9.7,150
1719461762780,9.6,50
1719461763108,9.6,50
1719461768114,9.4,125
1719461768319,9.35,100
1719461769102,9.5,25
1719461769488,9.45,50
1719461770270,9.4,25
1719461770936,9.45,75
1719461771074,9.55,50
1719461772124,9.25,25
1719461772532,9.3,25
1719461773113,9.35,25
1719461774128,9.15,25
1719461775325,9.15,25
1719461775730,9.15,50
1719461776121,9.15,25
1719461776957,9.25,75
1719461777128,9.25,25
1719461778058,9.2,75
1719461778298,9.25,25
1719461779146,9.2,25
1719461779547,9.15,175
1719461793129,9.75,50
1719461793748,9.75,1050
1719461794345,9.7,25
1719461794965,9.75,25
1719461795150,9.65,50
1719461796112,9.85,25
1719461797127,9.7,225
1719461797537,9.75,25
1719461798138,9.85,50
1719461798972,10.1,50
1719461799161,9.95,50
1719461800149,9.85,75
1719461800190,9.9,200
1719461801169,9.85,50
1719461802122,9.85,75
1719461802558,9.95,25
1719461803325,9.95,200
1719461803974,9.95,400
1719461804139,9.95,50
1719461804980,9.8,250
1719461805156,9.75,25
1719461806140,9.95,25
1719461806348,9.8,25
1719461807159,9.9,150
1719461807579,9.95,500
1719461808149,9.9,125
1719461808788,9.85,25
1719461809144,9.9,25
1719461809787,9.95,25
1719461810155,9.8,200
1719461810983,10.05,125
1719461811348,10.05,75
1719461812128,9.9,500
1719461812411,9.95,25
1719461813143,9.9,75
1719461813800,9.9,75
1719461814145,9.95,50
1719461817575,9.55,50
1719461818142,9.6,25
1719461818996,9.6,1175
1719461858161,9.45,50
1719461858853,9.45,300
1719461859148,9.4,500
1719461859859,9.4,150
1719461860183,9.4,75
1719461862080,9.55,50
1719461862141,9.5,75
1719461863056,9.5,25
1719461863178,9.5,25
1719461864141,9.35,75
1719461873132,9.2,100
1719461873257,9.25,25
1719461874150,9.1,100
1719461874615,9.05,25
1719461875395,9.0,150
1719461875670,9.0,50
1719461876185,9.0,1025
1719461877088,9.0,125
1719461877198,9.0,25
1719461878177,9.05,100
1719461878702,9.0,25
1719461879167,9.0,25
1719461879882,8.9,75
1719461880149,9.0,25
1719461881266,8.9,25
1719461881563,8.9,25
1719461882181,8.7,25
1719461882686,8.8,175
1719461883207,8.85,25
1719461884079,9.0,25
1719461884194,9.05,25
1719461885191,9.05,50
1719461885287,9.1,25
1719461886183,9.1,25
1719461886485,9.15,25
1719461887185,9.2,25
1719461887893,9.15,175
1719461888194,9.15,25
1719461888863,9.15,75
1719461889135,9.2,25
1719461890114,9.05,50
1719461890167,9.05,50
1719461891189,9.0,25
1719461891302,9.1,25
1719461892162,8.9,25
1719461892510,8.8,50
1719461893170,8.9,125
1719461893643,8.9,175
1719461894166,8.8,450
1719461894853,8.9,175
1719461895186,8.85,100
1719461895915,8.85,100
1719461896192,8.85,75
1719461897114,8.8,25
1719461897210,8.8,25
1719461898203,8.9,25
1719461899085,8.8,75
1719461899156,8.8,25
1719461900175,8.95,50
1719461900335,8.95,50
1719461901194,9.0,25
1719461901453,8.95,25
1719461902197,9.0,25
1719461902704,9.15,25
1719461903157,9.2,25
1719461903866,9.15,25
1719461904192,9.15,75
1719461904940,9.1,150
1719461905167,9.05,25
1719461906129,9.1,25
1719461906196,9.05,125
1719461906510,8.95,50
1719461907192,8.9,50
1719461907935,9.05,25
1719461908191,9.05,25
1719461909134,9.0,25
1719461909211,8.9,25
1719461910209,8.9,250
1719461911138,8.75,150
1719461911185,8.75,25
1719461911537,8.7,25
1719461912328,8.8,225
1719461913212,8.85,25
1719461913946,8.7,1025
1719461914175,8.75,900
1719461915137,8.85,25
1719461915212,8.85,25
1719461916216,8.8,25
1719461917193,8.75,75
1719461917221,8.75,50
1719461918155,8.75,25
1719461918505,8.7,100
1719461919218,8.75,75
1719461919727,8.8,50
1719461920185,8.8,50
1719461920748,8.8,75
1719461921213,8.95,150
1719461921690,8.9,175
1719461922191,8.9,125
1719461922935,8.85,50
1719461923192,8.9,25
1719461924087,8.85,25
1719461924192,8.9,25
1719461925206,8.9,225
1719461926215,9.05,125
1719461927135,9.05,25
1719461927360,9.05,150
1719461928227,9.05,25
1719461928754,9.05,150
1719461929086,8.95,450
1719461929947,8.9,600
1719461930191,8.9,25
1719461930982,9.0,50
1719461931227,9.0,50
1719461932126,8.9,25
1719461932126,8.9,25
1719461933128,8.9,200
1719461933191,8.9,50
1719461934232,8.85,25
1719461935178,8.85,50
1719461935563,8.85,200
1719461936224,8.85,75
1719461936977,8.8,500
1719461937239,8.8,25
1719461938198,8.85,50
1719461939176,8.9,225
1719461939188,8.9,25
1719461940414,9.0,125
1719461940549,8.95,175
1719461941210,9.05,50
1719461941521,9.0,175
1719461941961,8.9,25
1719461942198,8.9,25
1719461942923,8.95,175
1719461943178,8.95,25
1719461944217,8.9,25
1719461944992,9.0,25
1719461945238,8.95,25
1719461946231,9.0,25
1719461946370,9.0,75
1719461947117,9.0,200
1719461947597,9.0,25
1719461948181,9.1,75
1719461948767,9.1,25
1719461949215,9.05,700
1719461949724,9.1,25
1719461950212,9.2,450
1719461950744,9.2,125
1719461951233,9.2,25
1719461952201,9.3,600
1719461953097,9.3,1050
1719461954200,9.3,25
1719461954581,9.25,300
1719461955186,9.25,425
1719461955610,9.3,100
1719461956102,9.35,25
1719461956743,9.25,175
1719461957211,9.25,75
1719461958009,9.35,975
1719461958238,9.3,150
1719461959178,9.5,25
1719461959278,9.5,25
1719461960226,9.8,25
1719461960605,9.7,25
1719461961232,9.75,225
1719461962005,9.95,125
1719461962241,10.0,1000
1719461963228,10.1,25
1719461964249,9.75,25
1719461964596,9.75,75
1719461965248,9.85,1275
1719461965793,9.8,75
1719461966432,9.7,75
1719461967027,9.65,50
1719461967136,9.65,25
1719461968025,9.55,250
1719461968176,9.65,25
1719461968993,9.6,25
1719461969150,9.6,75
1719461970214,9.7,50
1719461970603,9.6,50
1719461971235,9.75,25
1719461971572,9.75,1175
1719461971820,9.8,150
1719461972241,9.8,400
1719461973013,9.9,25
1719461973199,9.7,25
1719461974232,9.65,250
1719461975246,9.7,125
1719461976230,9.7,25
1719461977196,9.55,25
1719461977389,9.6,125
1719461978227,9.5,25
1719461978402,9.5,500
1719461979237,9.45,50
1719461979633,9.4,25
1719461980232,9.5,25
1719461981021,9.45,25
1719461981261,9.45,25
1719461981977,9.45,25
1719461982228,9.45,100
1719461983255,9.65,25
1719461984239,9.9,25
1719461985248,9.95,475
1719461985651,9.75,75
1719461986248,9.8,500
1719461986860,9.9,25
1719461987415,9.85,25
1719461988248,9.85,25
1719461989213,9.8,75
1719461990108,9.8,175
1719461990616,9.75,50
1719461991252,9.7,75
1719461991837,9.75,325
1719461992240,9.85,50
1719461993071,9.7,100
1719461993271,9.7,25
1719461993996,9.8,25
1719461994259,9.85,175
1719461995255,9.75,25
1719461996274,9.8,250
1719461997226,9.45,50
1719461997678,9.45,75
1719461998249,9.5,150
1719461998737,9.4,750
1719461999236,9.55,75
1719462000073,9.55,750
1719462000214,9.6,250
1719462001225,9.65,125
1719462001564,9.65,50
1719462002230,9.8,25
1719462002430,9.85,25
1719462003265,9.7,50
1719462003866,9.7,175
1719462004247,9.8,150
1719462005217,9.9,100
1719462006263,9.85,50
1719462007099,10.15,25
1719462007225,10.05,50
1719462008465,10.05,75
1719462008686,10.1,50
1719462009276,10.05,225
1719462010284,9.9,200
1719462011287,9.85,1150
1719462011907,9.8,150
1719462012481,9.75,50
1719462013294,9.85,75
1719462014224,9.7,75
1719462014908,9.7,300
1719462015219,9.7,75
1719462016095,9.8,475
1719462016471,9.75,25
1719462017263,9.75,25
1719462017472,9.75,75
1719462018282,9.85,50
1719462019103,9.85,100
1719462019275,9.8,25
1719462020476,9.95,175
1719462020720,9.9,125
1719462021266,9.9,25
1719462022098,9.7,600
1719462022256,9.55,225
1719462023452,9.65,250
1719462023517,9.65,100
1719462024258,9.65,125
1719462024731,9.45,50
1719462025284,9.45,25
1719462025896,9.5,25
1719462026277,9.55,75
1719462027101,9.5,75
1719462027286,9.5,350
1719462028277,9.45,25
1719462028277,9.45,25
1719462029303,9.5,350
1719462029477,9.5,25
1719462030237,9.55,25
1719462030673,9.65,25
1719462031261,9.7,250
1719462031476,9.65,200
1719462031925,9.75,25
1719462032269,9.75,50
1719462033057,9.7,75
1719462033196,9.7,25
1719462034268,9.7,150
1719462034323,9.75,50
1719462035316,9.65,25
1719462036304,9.75,25
1719462036929,9.8,50
1719462037290,9.7,25
1719462038131,9.65,175
1719462038454,9.65,200
1719462039349,9.65,25
1719462040266,9.75,25
1719462040545,9.85,350
1719462041303,9.7,25
1719462041903,9.55,25
1719462042275,9.55,25
1719462043261,9.65,200
1719462044346,9.5,100
1719462045347,9.65,300
1719462046264,9.6,500
1719462046928,9.7,200
1719462047244,9.6,25
1719462048158,9.65,25
1719462048158,9.65,25
1719462049272,9.6,975
1719462049553,9.65,25
1719462050488,9.9,150
1719462050533,9.9,100
1719462051287,9.85,200
1719462052255,9.9,25
1719462053328,10.1,75
1719462054298,10.0,50
1719462054766,9.85,25
1719462055306,9.8,25
1719462056134,9.85,25
1719462056263,9.8,50
1719462057344,9.75,25
1719462058373,9.75,1000
1719462059167,9.65,50
1719462059971,9.7,750
1719462060492,9.75,25
1719462061366,9.85,100
1719462061486,9.8,25
1719462062298,9.95,150
1719462062765,9.95,25
1719462063278,9.85,25
1719462064360,9.7,25
1719462065462,9.7,75
1719462065771,9.7,25
1719462066288,9.8,25
1719462066990,9.75,300
1719462067318,9.8,25
1719462068287,9.85,125
1719462068371,9.85,25
1719462069279,9.85,25
1719462069585,9.8,25
1719462070301,9.75,25
1719462070983,9.7,325
1719462071295,9.75,900
1719462072155,9.8,475
1719462072307,9.85,25
1719462073176,9.85,25
1719462073276,9.8,150
1719462074347,9.9,25
1719462074486,9.9,200
1719462075280,9.75,175
1719462076000,9.75,25
1719462076323,9.85,50
1719462076929,9.75,75
1719462077308,9.8,100
1719462078181,9.85,25
1719462078329,9.85,25
1719462079299,9.8,25
1719462079388,9.85,50
1719462080299,9.8,50
1719462080370,9.8,25
1719462081317,9.85,50
1719462081593,9.75,100
1719462082312,9.7,25
1719462083301,9.45,25
1719462084311,9.55,175
1719462084784,9.4,900
1719462085312,9.4,25
1719462086014,9.45,50
1719462086316,9.45,100
1719462087326,9.5,100
1719462087781,9.6,75
1719462088526,9.7,25
1719462089015,9.7,25
1719462089318,9.55,425
1719462090414,9.65,25
1719462091289,9.55,400
1719462091582,9.55,25
1719462091582,9.55,25
1719462092324,9.6,25
1719462093028,9.6,25
1719462093345,9.7,175
1719462093998,9.5,25
1719462094325,9.6,25
1719462095319,9.4,25
1719462096344,9.4,375
1719462096426,9.4,125
1719462097276,9.4,25
1719462097814,9.4,25
1719462098329,9.35,25
1719462099195,9.4,25
1719462099326,9.35,500
1719462100292,9.5,675
1719462101322,9.4,175
1719462101490,9.4,100
1719462102332,9.45,25
1719462102806,9.4,50
1719462103244,9.4,100
1719462104001,9.5,25
1719462104332,9.5,400
1719462105181,9.5,800
1719462105523,9.5,500
1719462106233,9.45,100
1719462106602,9.45,75
1719462107309,9.45,25
1719462108045,9.45,25
1719462108323,9.5,25
1719462109253,9.6,25
1719462109253,9.6,25
1719462110342,9.8,75
1719462110589,9.85,50
1719462111309,9.75,25
1719462112219,9.75,50
1719462112332,9.8,100
1719462113327,9.9,25
1719462113442,9.8,75
1719462114294,9.7,175
1719462114852,9.75,50
1719462115303,9.8,200
1719462115949,9.7,100
1719462116319,9.65,75
1719462117272,9.6,25
1719462117442,9.55,100
1719462118325,9.55,25
1719462118630,9.55,25
1719462119327,9.4,50
1719462119836,9.4,25
1719462120322,9.4,25
1719462121256,9.35,75
1719462121321,9.35,300
1719462121562,9.35,25
1719462122340,9.15,1000
1719462122646,9.3,25
1719462123325,9.2,75
1719462123866,9.3,100
1719462124333,9.3,100
1719462125338,9.3,500
1719462126267,9.35,200
1719462126451,9.35,25
1719462127338,9.3,25
1719462127661,9.35,100
1719462128345,9.3,25
1719462129013,9.3,500
1719462129428,9.3,75
1719462130281,9.2,25
1719462130341,9.2,175
1719462131244,9.2,50
1719462132347,9.25,75
1719462132408,9.2,50
1719462133316,9.2,250
1719462134046,9.3,25
1719462134322,9.35,75
1719462135282,9.35,75
1719462136307,9.35,50
1719462136428,9.3,375
1719462137287,9.35,50
1719462137646,9.35,500
1719462138273,9.35,75
1719462138897,9.25,25
1719462139324,9.2,125
1719462140064,9.1,1600
1719462140308,9.1,25
1719462141351,9.1,25
1719462142291,9.05,25
1719462142336,9.0,200
1719462143335,8.9,75
1719462143457,8.95,50
1719462144347,8.95,100
1719462144676,8.85,225
1719462145355,8.85,50
1719462145698,8.9,25
1719462146314,8.9,50
1719462147102,9.05,25
1719462147356,9.1,50
1719462148349,9.35,25
1719462149343,9.25,525
1719462150366,9.35,75
1719462151335,9.25,25
1719462151573,9.15,25
1719462152316,9.1,50
1719462152492,9.15,25
1719462153322,9.2,150
1719462153662,9.15,25
1719462154361,9.25,25
1719462154657,9.25,25
1719462155340,9.35,325
1719462156349,9.3,25
1719462157334,9.3,50
1719462158326,9.25,25
1719462159286,9.3,375
1719462159496,9.25,25
1719462160347,9.25,75
1719462160525,9.25,25
1719462161340,9.2,75
1719462161730,9.25,50
1719462162347,9.2,25
1719462163049,9.1,125
1719462163336,9.1,75
1719462164294,9.05,25
1719462164343,9.1,250
1719462165242,9.05,25
1719462166314,9.05,125
1719462166541,9.1,25
1719462167340,9.0,75
1719462167674,8.95,250
1719462168341,9.0,250
1719462169259,9.0,25
1719462170367,8.8,75
1719462170732,8.9,175
1719462171557,8.9,75
1719462172115,8.9,100
1719462172373,8.95,25
1719462173330,9.0,25
1719462173376,9.1,25
1719462174364,9.25,75
1719462175376,9.35,25
1719462175544,9.4,50
1719462176374,9.2,200
1719462176485,9.15,75
1719462176943,9.1,25
1719462177300,9.0,1325
1719462177909,8.95,225
1719462178338,8.85,25
1719462179139,8.8,50
1719462179358,8.8,75
1719462180356,8.8,325
1719462181349,8.75,75
1719462181578,8.75,25
1719462182372,8.7,1700
1719462182561,8.75,75
1719462183368,8.7,50
1719462183956,8.65,50
1719462184373,8.7,75
1719462185178,8.6,50
1719462185360,8.65,25
1719462186391,8.55,25
1719462187359,8.45,1000
1719462188311,8.35,25
1719462188311,8.35,25
1719462189276,8.4,250
1719462189569,8.45,1325
1719462190386,8.45,25
1719462190974,8.45,75
1719462191372,8.45,25
1719462192172,8.55,50
1719462192369,8.6,25
1719462193353,8.5,25
1719462193531,8.5,50
1719462194348,8.45,25
1719462194418,8.45,25
1719462195334,8.4,300
1719462195578,8.4,50
1719462196297,8.45,500
1719462196771,8.4,250
1719462197380,8.4,75
1719462197974,8.5,500
1719462198324,8.4,25
1719462199176,8.4,50
1719462199383,8.4,150
1719462200384,8.35,25
1719462201373,8.35,50
1719462202392,8.5,25
1719462203377,8.65,950
1719462204366,9.0,25
1719462204579,9.0,50
1719462205368,8.85,25
1719462205500,8.9,25
1719462206387,8.95,150
1719462206593,8.95,25
1719462207396,9.0,100
1719462207788,8.9,25
1719462208380,8.8,125
1719462208894,8.75,25
1719462209381,8.75,50
1719462210372,8.75,75
1719462211410,8.7,25
1719462211443,8.65,375
1719462212388,8.55,250
1719462212539,8.6,25
1719462213406,8.7,25
1719462213588,8.75,25
1719462214402,8.65,50
1719462214697,8.6,25
1719462215377,8.6,150
1719462216149,8.6,75
1719462216375,8.6,350
1719462217159,8.65,875
1719462217402,8.7,25
1719462218392,8.65,200
1719462219284,8.75,25
1719462220304,8.8,25
1719462220614,8.7,75
1719462221287,8.65,100
1719462221766,8.7,250
1719462222251,8.7,25
1719462223012,8.65,25
1719462223398,8.65,500
1719462224223,8.65,25
1719462224279,8.7,25
1719462225389,8.65,25
1719462225609,8.7,50
1719462226355,8.7,650
1719462226561,8.7,50
1719462227250,8.65,25
1719462227611,8.6,25
1719462227842,8.6,125
1719462228388,8.6,275
1719462229000,8.7,50
1719462229367,8.65,75
1719462230437,8.5,1050
1719462231362,8.55,50
1719462231420,8.5,50
1719462232342,8.5,75
1719462233408,8.4,300
1719462233577,8.5,75
1719462234329,8.45,150
1719462234559,8.5,25
1719462235413,8.5,25
1719462235637,8.45,250
1719462236406,8.45,25
1719462236620,8.5,100
1719462236855,8.4,25
1719462237377,8.4,50
1719462238240,8.35,100
1719462238417,8.35,25
1719462239385,8.45,25
1719462240405,8.45,25
1719462240626,8.45,75
1719462241642,8.55,1500
1719462242323,8.45,25
1719462242646,8.55,50
1719462243243,8.6,25
1719462243605,8.65,50
1719462243840,8.6,275
1719462244406,8.7,100
1719462245004,8.7,225
1719462245320,8.8,200
1719462246344,8.7,150
1719462247369,8.75,25
1719462247451,8.85,50
1719462248436,8.85,100
1719462249340,8.85,50
1719462249649,8.8,25
1719462250401,8.8,200
1719462250608,8.85,50
1719462251352,8.8,50
1719462251802,8.8,25
1719462252398,8.75,25
1719462252885,8.65,25
1719462253314,8.65,25
1719462254053,8.75,125
1719462254373,8.7,250
1719462255228,8.8,25
1719462255228,8.8,25
1719462256257,8.65,100
1719462256374,8.7,475
1719462257050,8.7,25
1719462257295,8.75,225
1719462258398,8.65,50
1719462258398,8.65,50
1719462259382,8.8,25
1719462259643,8.7,250
1719462260378,8.8,25
1719462260630,8.7,25
1719462261417,8.8,25
1719462262038,8.8,25
1719462262413,8.75,25
1719462263238,8.75,25
1719462263342,8.8,25
1719462264383,8.9,50
1719462264652,8.8,200
1719462265411,8.75,25
1719462265571,8.75,475
1719462266202,8.75,25
1719462266822,8.85,75
1719462267403,8.85,900
1719462268076,8.85,400
1719462268534,8.85,25
1719462269372,8.9,75
1719462270353,8.8,25
1719462270353,8.8,25
1719462271316,8.8,25
1719462271565,8.9,25
1719462271676,8.9,25
1719462272418,8.95,25
1719462273108,8.85,50
1719462273436,8.85,50
1719462274434,8.9,125
1719462274483,8.9,175
1719462275475,8.85,25
1719462276270,8.85,25
1719462276658,8.9,25
1719462277411,8.95,25
1719462277897,9.1,75
1719462278401,9.0,25
1719462279494,9.05,50
1719462280446,9.2,75
1719462280904,9.15,25
1719462281403,9.25,25
1719462282515,9.25,200
1719462283434,9.2,275
1719462283729,9.15,50
1719462284342,9.1,675
1719462285333,8.95,25
1719462285658,9.05,250
1719462286386,9.0,25
1719462286386,9.0,25
1719462318454,9.45,75
1719462318778,9.45,50
1719462319621,9.55,425
1719462320454,9.4,25
1719462321464,9.45,25
1719462321568,9.4,25
1719462328415,9.65,25
1719462328984,9.6,175
1719462329650,9.5,25
1719462331559,9.55,25
1719462332311,9.45,25
1719462333139,9.35,25
1719462333650,9.35,50
1719462334463,9.4,50
1719462334587,9.4,25
1719462335453,9.45,100
1719462335979,9.45,25
1719462336634,9.45,75
1719462337582,9.4,50
1719462338403,9.15,25
1719462338783,9.25,100
1719462339486,9.3,25
1719462339790,9.4,50
1719462340644,9.35,25
1719462341009,9.3,25
1719462341461,9.2,1125
1719462342100,9.25,50
1719462342448,9.3,225
1719462348981,9.3,200
1719462349477,9.3,25
1719462350215,9.3,450
1719462350469,9.3,175
1719462351484,9.3,125
1719462352365,9.25,50
1719462352659,9.25,25
1719462353387,9.25,25
1719462354284,9.2,75
1719462354610,9.2,75
1719462355426,9.25,25
1719462355833,9.3,100
1719462356447,9.25,25
1719462356820,9.25,250
1719462357675,9.4,300
1719462357707,9.35,25
1719462358474,9.25,125
1719462359184,9.2,50
1719462359478,9.25,25
1719462360496,9.15,50
1719462361532,9.25,50
1719462361678,9.25,25
1719462362388,9.25,25
1719462362793,9.2,25
1719462363313,9.2,125
1719462363824,9.25,100
1719462364476,9.2,25
1719462365026,9.05,25
1719462365189,9.05,50
1719462366195,9.05,25
1719462366450,9.0,100
1719462367238,8.85,400
1719462367675,8.8,25
1719462368480,8.9,100
1719462369435,8.9,50
1719462370484,9.0,50
1719462370484,9.0,50
1719462371275,9.1,250
1719462371599,9.1,75
1719462372471,9.2,25
1719462372901,9.2,100
1719462373395,9.15,925
1719462405710,9.95,25
1719462406106,10.0,125
1719462406511,9.95,25
1719462407318,10.15,100
1719462407509,10.25,25
1719462408528,10.75,50
1719462408707,10.85,25
1719462409723,10.55,50
1719462410309,10.5,25
1719462410505,10.4,100
1719462411524,10.55,25
1719462411730,10.65,25
1719462412714,10.45,25
1719462413125,10.5,25
1719462413482,10.4,250
1719462414520,10.6,150
1719462414727,10.65,350
1719462415725,11.1,25
1719462416332,11.1,25
1719462416517,11.2,50
1719462417706,11.35,50
1719462417930,11.15,200
1719462418524,11.05,300
1719462419536,11.4,100
1719462420719,11.75,375
1719462421140,12.0,25
1719462421557,11.75,750
1719462422727,12.55,25
1719462422951,12.5,275
1719462423540,12.0,100
1719462424553,11.85,25
1719462425734,11.75,25
1719462425931,11.6,25
1719462426525,11.45,475
1719462427541,11.35,25
1719462427727,11.35,175
1719462428537,11.2,100
1719462428757,11.4,75
1719462429506,11.7,125
1719462429952,11.4,50
1719462430742,11.3,150
1719462431331,11.55,25
1719462431513,11.55,25
1719462432555,11.5,150
1719462433489,11.3,275
1719462433955,11.2,275
1719462434741,11.55,75
1719462434900,11.5,25
1719462435539,11.7,1075
1719462436152,11.65,75
1719462436512,11.5,25
1719462437367,11.5,50
1719462437528,11.6,375
1719462438745,11.5,125
1719462439505,11.5,125
1719462439954,11.4,25
1719462440536,11.2,500
1719462441533,11.4,25
1719462441572,11.4,25
1719462442725,11.45,25
1719462442742,11.4,50
1719462443536,11.4,25
1719462444152,11.45,25
1719462444555,11.4,75
1719462445551,11.7,950
1719462446749,11.9,25
1719462446965,11.75,50
1719462447517,11.5,25
1719462448160,11.5,25
1719462448530,11.55,25
1719462449576,11.45,75
1719462449700,11.35,25
1719462450514,11.4,25
1719462450740,11.2,75
1719462451577,11.1,25
1719462451980,11.1,125
1719462452736,10.9,25
1719462452976,10.9,100
1719462453546,11.05,75
1719462454385,11.25,25
1719462454526,11.2,100
1719462456530,11.3,75
1719462456780,11.3,25
1719462457737,11.35,25
1719462457801,11.4,100
1719462458551,11.25,25
1719462459006,11.1,75
1719462459551,11.2,275
1719462459988,11.25,625
1719462460545,11.35,25
1719462461159,11.2,25
1719462461540,11.15,50
1719462462584,11.4,25
1719462462705,11.45,50
1719462463549,11.55,125
1719462463951,11.55,75
1719462464549,11.55,75
1719462465409,11.55,50
1719462465758,11.75,100
1719462466533,12.15,25
1719462467197,12.25,25
1719462467552,12.5,25
1719462468815,12.65,50
1719462469560,12.4,250
1719462470212,12.5,25
1719462470554,12.7,25
1719462471818,12.85,25
1719462472564,13.25,125
1719462473413,13.1,25
1719462473549,13.15,325
1719462474743,12.65,25
1719462475006,12.4,25
1719462475560,12.55,25
1719462476425,12.9,525
1719462476733,12.95,25
1719462477536,13.2,25
1719462478228,12.95,25
1719462478550,12.7,175
1719462479756,12.45,50
1719462479835,12.45,25
1719462480556,13.15,25
1719462481442,13.65,75
1719462481589,13.7,350
1719462481746,13.6,125
1719462482555,13.95,50
1719462483221,14.45,325
1719462483561,14.1,375
1719462484828,13.5,125
1719462485558,13.65,150
1719462486250,13.7,50
1719462486555,13.6,50
1719462487751,13.55,50
1719462487856,13.45,50
1719462488565,13.25,25
1719462488831,13.45,375
1719462489764,13.4,225
1719462490046,13.55,250
1719462490568,13.4,500
1719462491432,13.35,300
1719462491571,13.45,25
1719462492577,13.55,25
1719462492844,13.4,25
1719462493771,13.0,25
1719462494247,13.15,200
1719462494538,13.1,900
1719462495657,13.05,50
1719462496766,13.05,50
1719462497460,13.0,50
1719462497567,12.95,25
1719462498556,12.8,50
1719462498855,12.6,100
1719462499763,12.25,125
1719462500253,12.45,500
1719462500583,12.6,25
1719462501574,12.75,50
1719462501856,12.8,50
1719462502544,12.9,50
1719462503264,13.05,50
1719462503564,12.85,75
1719462504736,13.25,150
1719462504866,13.15,25
1719462505565,13.0,25
1719462506062,13.2,25
1719462506571,13.5,25
1719462509560,13.2,500
1719462510084,13.1,75
1719462510554,12.85,150
1719462511281,13.0,1025
1719462511566,13.25,25
1719462512766,13.15,75
1719462512877,13.15,75
1719462513590,13.45,400
1719462514259,13.45,25
1719462514583,13.45,125
1719462515546,13.2,175
1719462515869,13.1,25
1719462516763,13.15,50
1719462517566,13.1,75
1719462518597,13.0,50
1719462519097,12.85,875
1719462519589,12.9,75
1719462520577,13.1,1000
1719462520676,13.15,25
1719462521572,12.8,25
1719462522290,12.45,500
1719462522592,12.65,75
1719462523708,12.45,25
1719462523757,12.4,425
1719462524580,12.75,125
1719462525092,12.6,25
1719462525597,12.55,25
1719462526080,12.55,25
1719462526586,12.65,650
1719462527490,12.8,50
1719462527539,12.8,25
1719462528557,12.25,125
1719462528903,12.25,25
1719462534924,12.55,25
1719462535594,12.65,50
1719462536505,12.55,75
1719462536761,12.5,1000
1719462541579,12.95,1375
1719462542787,12.95,75
1719462542875,13.0,25
1719462543542,13.0,25
1719462544726,12.8,25
1719462545746,12.65,25
1719462546143,12.65,125
1719462546619,12.45,100
1719462547504,12.5,25
1719462547801,12.45,25
1719462548599,12.5,25
1719462549141,12.55,25
1719462549585,12.65,25
1719462550334,12.65,25
1719462550765,12.75,100
1719462551594,12.85,25
1719462551734,12.8,25
1719462560603,13.0,450
1719462561545,13.15,25
1719462561598,13.15,75
1719462563155,12.9,50
1719462563792,12.95,375
1719462564347,13.1,1475
1719462564568,13.05,100
1719462565570,13.0,25
1719462566810,12.9,75
1719462567620,13.05,100
1719462569604,13.1,75
1719462575171,13.0,25
1719462575608,12.95,50
1719462576164,12.75,25
1719462576598,12.7,25
1719462577160,12.45,25
1719462601598,13.85,775
1719462601618,13.7,225
1719462603620,13.0,75
1719462603812,13.1,50
1719462604631,12.9,125
1719462605414,12.95,75
1719462605631,13.0,50
1719462606620,12.85,25
1719462606841,12.75,25
1719462607641,12.85,50
1719462608011,12.85,25
1719462608624,13.0,50
1719462609213,12.95,25
1719462609636,12.75,25
1719462610232,12.75,125
1719462610828,12.75,25
1719462611631,12.75,450
1719462612641,12.8,25
1719462613221,12.85,75
1719462613625,12.8,25
1719462614452,12.95,25
1719462614630,13.0,25
1719462615618,13.0,50
1719462615825,13.0,50
1719462616846,12.85,25
1719462617250,12.95,50
1719462617638,12.7,175
1719462618248,12.7,50
1719462618631,12.65,75
1719462619653,12.35,100
1719462619833,12.45,25
1719462620818,12.25,300
1719462621254,12.3,25
1719462621646,12.25,100
1719462622457,12.25,250
1719462622620,12.2,25
1719462623626,12.2,25
1719462623871,12.1,50
1719462624658,12.0,50
1719462625234,11.95,25
1719462625658,12.0,75
1719462626646,12.2,100
1719462626668,12.1,25
1719462627845,12.4,50
1719462628655,12.8,25
1719462629061,12.65,25
1719462629652,12.75,25
1719462630255,12.7,125
1719462630650,12.8,25
1719462631581,12.95,25
1719462631662,12.85,375
1719462631719,12.95,125
1719462632829,13.15,50
1719462633054,13.1,125
1719462633646,13.25,100
1719462634470,13.5,25
1719462634647,13.4,150
1719462635647,13.55,25
1719462636070,13.65,25
1719462636669,13.35,25
1719462637069,13.3,100
1719462637847,13.3,100
1719462638073,13.35,450
1719462638648,13.35,25
1719462639259,13.2,25
1719462639663,13.05,1250
1719462640479,13.05,25
1719462640664,13.15,650
1719462641461,13.05,1125
1719462641646,13.15,25
1719462642650,13.0,25
1719462642859,12.9,375
1719462643648,12.8,50
1719462644050,12.65,25
1719462644869,12.8,25
1719462644969,12.85,25
1719462645655,12.9,25
1719462646264,13.1,100
1719462646633,13.05,25
1719462647684,13.0,25
1719462648586,13.1,100
1719462648836,13.2,25
1719462649653,13.2,75
1719462650084,13.0,250
1719462650635,12.95,50
1719462651110,13.0,150
1719462651663,13.15,100
1719462652248,13.0,100
1719462652670,12.95,25
1719462653305,12.95,25
1719462653667,12.9,25
1719462654493,12.9,350
1719462654676,12.9,25
1719462655505,12.7,300
1719462655670,12.8,25
1719462656712,12.9,75
1719462656856,12.9,75
1719462657614,13.05,125
1719462658094,13.35,175
1719462658646,13.25,50
1719462659320,13.4,600
1719462659682,13.85,75
1719462660902,14.15,25
1719462661570,14.2,650
1719462661675,14.2,325
1719462662505,14.25,75
1719462662873,14.0,25
1719462663667,14.05,1500
1719462664115,14.25,75
1719462664688,14.1,75
1719462665720,14.35,25
1719462665844,14.45,75
1719462666672,14.45,125
1719462666734,14.55,25
1719462667650,14.45,25
1719462668113,14.35,250
1719462668870,14.45,150
1719462669673,14.25,75
1719462669725,14.15,25
1719462670669,13.95,25
1719462671326,14.1,25
1719462671686,14.15,25
1719462672534,14.05,100
1719462672856,14.15,200
1719462673655,14.3,25
1719462673926,14.2,25
1719462674687,14.1,550
1719462675122,14.15,175
1719462675684,14.0,25
1719462676151,13.9,50
1719462676858,14.0,450
1719462677141,14.05,25
1719462677670,13.8,225
1719462678341,13.85,25
1719462678670,13.7,25
1719462679332,13.7,25
1719462679882,13.85,225
1719462680554,14.1,25
1719462680677,14.15,500
1719462681688,14.75,950
1719462682320,15.1,450
1719462682874,14.95,350
1719462683759,14.5,250
1719462684658,14.4,75
1719462685165,14.25,25
1719462685873,14.3,125
1719462686553,14.45,25
1719462686681,14.35,25
1719462687870,14.4,25
1719462688141,14.45,75
1719462688668,14.4,25
1719462689360,14.2,25
1719462689685,14.25,25
1719462690703,14.35,50
1719462690757,14.35,50
1719462691572,14.75,150
1719462691884,14.4,450
1719462692167,14.55,25
1719462692687,14.35,100
1719462693355,14.15,75
1719462693688,14.15,125
1719462694553,14.05,1250
1719462694878,14.2,25
1719462695672,14.25,25
1719462696149,14.05,75
1719462696692,14.1,50
1719462697353,14.35,25
1719462697642,14.35,25
1719462702877,14.55,750
1719462703701,14.45,25
1719462703772,14.45,50
1719462704681,14.6,50
1719462704973,14.65,25
1719462705689,14.45,50
1719462713597,15.15,50
1719462713695,15.1,100
1719462714900,15.65,25
1719462715200,15.6,50
1719462715706,15.7,25
1719462716811,15.25,25
1719462717685,15.25,900
1719462718008,15.15,250
1719462735716,15.8,50
1719462736710,15.5,150
1719462737912,15.25,25
1719462738222,15.25,25
1719462738716,15.5,25
1719462739712,15.5,225
1719462739912,15.4,75
1719462740709,15.6,575
1719462740838,15.65,25
1719462741707,15.4,25
1719462742236,15.35,25
1719462742891,15.55,125
1719462743705,15.65,25
1719462744859,15.7,25
1719462745730,15.6,100
1719462746035,15.75,25
1719462746909,15.65,25
1719462747451,15.65,25
1719462747715,15.55,25
1719462748709,15.75,50
1719462748851,15.65,325
1719462749706,15.8,125
1719462750050,15.7,25
1719462750684,15.65,50
1719462751236,15.7,25
1719462751548,15.6,25
1719462751921,15.8,25
1719462752711,15.95,50
1719462752857,16.0,25
1719462753705,16.5,75
1719462754467,16.35,25
1719462754724,16.15,50
1719462755919,16.3,25
1719462756724,16.4,150
1719462757476,16.8,100
1719462757726,16.7,250
1719462758729,16.45,250
1719462759066,16.45,50
1719462759918,16.35,500
1719462760483,16.1,25
1719462760707,16.1,200
1719462767719,15.85,250
1719462767886,15.8,25
1719462768719,15.7,100
1719462769084,16.2,500
1719462769730,16.0,25
1719462770484,16.05,25
1719462770719,16.1,275
1719462771696,16.85,25
1719462771923,17.1,25
1719462772715,17.25,25
1719462773281,17.75,25
1719462773735,17.5,250
1719462774921,17.0,875
1719462775737,16.85,125
1719462776487,17.0,25
1719462776713,16.8,25
1719462777500,16.6,25
1719462777925,16.6,50
1719462778734,16.55,425
1719462779106,16.45,50
1719462779734,16.65,300
1719462780106,16.7,75
1719462780909,16.9,50
1719462781261,17.1,375
1719462781585,17.35,50
1719462781733,17.15,25
1719462782735,17.05,75
1719462782906,17.4,25
1719462783948,17.35,25
1719462784513,17.85,100
1719462784730,17.6,50
1719462785729,17.55,25
1719462786116,17.4,25
1719462786928,17.75,25
1719462787510,17.9,25
1719462787735,17.9,125
1719462788738,17.6,150
1719462789111,17.7,275
1719462789934,18.0,625
1719462790322,18.25,25
1719462790744,18.3,1000
1719462791744,18.3,275
1719462791927,18.0,25
1719462792939,18.05,25
1719462793328,18.0,25
1719462793727,17.95,325
1719462794723,17.9,50
1719462794922,17.8,100
1719462795730,17.95,125
1719462796127,17.95,650
1719462796735,17.95,75
1719462797530,17.7,25
1719462797959,17.5,775
1719462798732,17.5,25
1719462798915,17.45,750
1719462799731,17.75,50
1719462800321,17.9,1250
1719462800955,18.25,50
1719462801548,18.35,100
1719462801768,18.25,75
1719462802788,18.2,300
1719462803334,18.25,25
1719462803763,18.1,100
1719462804552,18.05,25
1719462804952,17.75,300
1719462805769,17.95,250
1719462806142,17.9,25
1719462806969,17.45,75
1719462807559,17.25,50
1719462807765,17.4,50
1719462808778,17.35,75
1719462808933,17.3,25
1719462809971,16.9,25
1719462810552,17.15,25
1719462810759,17.0,25
1719462811592,16.8,75
1719462811960,16.65,75
1719462812165,16.6,25
1719462812775,16.5,475
1719462813770,16.95,125
1719462814768,16.7,25
1719462815353,16.85,100
1719462815966,16.75,25
1719462816783,17.05,25
1719462816964,17.0,25
1719462817775,16.8,25
1719462818159,16.55,50
1719462818976,16.65,25
1719462819562,16.55,25
1719462819768,16.3,25
1719462820551,16.15,75
1719462820777,16.1,200
1719462821573,15.9,50
1719462821778,15.95,25
1719462822967,16.05,250
1719462823181,16.3,25
1719462823771,16.2,25
1719462824779,16.25,75
1719462825976,16.35,25
1719462826371,16.2,75
1719462826779,16.2,1350
1719462827766,16.55,400
1719462828179,16.4,75
1719462828962,16.2,175
1719462829578,16.4,25
1719462829779,16.4,125
1719462830584,16.55,25
1719462830768,16.55,25
1719462831739,16.45,25
1719462831990,16.45,25
1719462832959,16.7,25
1719462833386,16.75,25
1719462833765,16.65,50
1719462834591,16.7,25
1719462834771,16.75,75
1719462835789,16.8,25
1719462836167,16.5,25
1719462836777,16.55,25
1719462837392,16.75,75
1719462837766,16.75,300
1719462838585,16.8,600
1719462838773,16.8,75
1719462839793,17.25,25
1719462839966,17.25,200
1719462840764,17.2,25
1719462841210,17.1,25
1719462841579,17.05,450
1719462841749,17.05,500
1719462842399,17.2,75
1719462842970,17.1,25
1719462843607,17.2,600
1719462843780,17.05,25
1719462844765,17.3,50
1719462845007,17.3,25
1719462845764,17.1,50
1719462846615,16.7,100
1719462846978,16.9,25
1719462847787,16.6,75
1719462848214,16.5,25
1719462848808,16.4,50
1719462849215,16.45,75
1719462849783,16.3,25
1719462850417,16.35,25
1719462850770,16.6,350
1719462852024,17.0,50
1719462852768,16.75,25
1719462853590,16.7,50
1719462853801,16.75,25
1719462854746,16.6,25
1719462854825,16.6,75
1719462855779,17.0,400
1719462856241,16.85,25
1719462856783,16.6,25
1719462857408,16.8,25
1719462857773,16.75,25
1719462858439,16.75,100
1719462858773,16.55,25
1719462859634,16.7,25
1719462859791,16.9,1400
1719462860769,16.9,25
1719462861016,16.85,25
1719462861980,17.0,25
1719462862633,17.15,100
1719462862770,16.95,175
1719462863638,17.2,175
1719462863793,17.1,50
1719462864988,17.15,25
1719462865019,17.25,275
1719462865770,17.4,50
1719462866431,17.2,25
1719462866805,17.15,500
1719462867792,17.1,25
1719462868050,17.2,25
1719462868780,17.4,50
1719462869402,16.95,75
1719462869997,16.95,175
1719462870654,16.85,175
1719462870790,16.9,25
1719462871644,17.0,25
1719462871796,17.15,250
1719462872063,17.1,25
1719462872990,17.0,50
1719462873209,17.0,150
1719462873812,17.0,100
1719462874440,16.95,150
1719462874785,16.9,250
1719462875777,16.9,100
1719462876653,17.25,100
1719462876783,17.2,50
1719462877662,17.1,25
1719462877790,17.2,125
1719462878844,17.25,25
1719462879013,17.3,100
1719462879798,17.2,100
1719462880062,17.15,125
1719462880788,17.25,75
1719462881458,17.55,150
1719462881803,17.35,25
1719462882678,17.35,200
1719462882816,17.6,600
1719462883877,17.45,350
1719462884873,17.35,50
1719462886002,17.1,25
1719462886283,17.35,25
1719462886787,17.35,100
1719462887799,17.55,150
1719462888842,17.25,150
1719462889082,17.2,150
1719462889814,17.3,25
1719462890487,17.6,25
1719462890804,17.55,50
1719462891655,17.4,25
1719462891782,17.45,25
1719462892854,17.65,125
1719462893817,17.65,100
1719462894094,17.5,25
1719462894809,17.7,25
1719462895469,17.85,200
1719462895786,17.75,25
1719462896492,18.0,100
1719462896809,17.9,150
1719462897686,18.1,25
1719462897817,18.15,25
1719462899017,19.25,100
1719462899299,19.05,50
1719462899825,19.05,50
1719462900824,19.3,25
1719462900897,19.4,400
1719462901594,18.65,225
1719462902024,18.45,25
1719462902510,18.25,25
1719462902817,18.1,25
1719462903807,17.8,25
1719462904282,17.5,150
1719462905012,17.5,100
1719462905896,17.25,75
1719462906793,17.65,25
1719462907513,18.0,25
1719462908011,17.95,100
1719462908802,18.05,25
1719462908930,17.85,25
1719462909807,17.9,25
1719462910290,17.8,50
1719462910817,17.6,375
1719462911706,17.6,50
1719462912032,17.75,25
1719462912833,17.8,25
1719462912898,17.75,25
1719462913820,17.9,75
1719462914113,17.75,50
1719462914824,17.65,25
1719462915320,17.7,50
1719462915822,18.0,75
1719462916532,18.0,100
1719462916830,17.8,25
1719462917715,17.65,400
1719462917828,17.55,25
1719462918813,18.05,25
1719462918906,17.95,100
1719462919813,18.05,450
1719462920127,17.95,50
1719462920835,17.85,50
1719462921550,18.2,100
1719462922027,18.45,50
1719462922741,18.65,50
1719462922822,18.6,50
1719462923937,18.55,100
1719462924828,18.45,250
1719462925335,18.4,125
1719462925840,18.3,50
1719462926527,18.2,100
1719462926829,18.1,25
1719462927800,18.15,25
1719462928823,18.0,50
1719462928936,18.0,100
1719462929837,17.9,25
1719462930348,17.85,75
1719462930839,17.9,100
1719462931586,18.05,25
1719462931727,18.0,100
1719462931819,18.0,100
1719462932955,17.9,25
1719462933817,18.15,25
1719462934144,18.3,50
1719462934833,18.25,25
1719462935543,18.15,25
1719462935838,18.25,75
1719462936829,18.55,75
1719462937840,18.9,25
1719462938155,19.3,150
1719462938993,19.55,25
1719462939836,19.85,25
1719462940827,19.55,25
1719462941837,20.15,25
1719462941959,19.95,25
1719462942860,20.45,525
1719462943565,20.9,25
1719462943849,20.95,500
1719462944847,21.45,125
1719462945175,20.95,50
1719462945838,20.7,100
1719462946384,20.65,25
1719462946832,20.4,25
1719462947564,19.75,25
1719462948049,20.0,75
1719462948579,19.9,25
1719462948836,19.7,50
1719462949841,19.75,25
1719462950829,19.1,325
1719462950975,19.25,25
1719462951843,19.35,25
1719462952167,19.2,50
1719462952818,19.3,125
1719462953761,19.3,175
1719462953856,19.3,75
1719462954832,19.4,400
1719462955828,19.65,25
1719462956188,19.65,100
1719462957038,19.45,50
1719462957586,19.15,25
1719462957894,19.15,25
1719462958834,19.0,250
1719462959838,18.6,100
1719462959982,18.65,75
1719462960856,19.15,150
1719462961382,19.65,25
1719462961574,19.6,50
1719462962057,19.9,250
1719462962761,19.7,50
1719462962848,19.55,100
1719462963864,19.0,300
1719462964858,18.95,200
1719462964949,19.05,25
1719462966027,19.05,25
1719462966582,19.05,25
1719462966830,18.9,400
1719462967601,18.75,25
1719462967839,18.7,25
1719462968805,18.3,25
1719462968844,18.35,175
1719462969837,18.8,50
1719462970003,18.85,25
1719462970838,19.15,50
1719462971391,19.3,475
1719462971843,19.15,25
1719462972600,19.3,25
1719462972843,19.35,475
1719462973839,19.5,25
1719462974878,19.35,25
1719462975859,19.4,25
1719462975983,19.3,100
1719462976861,19.1,175
1719462977201,19.25,25
1719462978055,19.1,25
1719462978375,19.1,25
1719462978836,18.9,25
1719462979598,18.75,1475
1719462979844,18.8,25
1719462980613,19.0,100
1719462980849,19.0,225
1719462981602,19.25,425
1719462981863,19.25,50
1719462982617,19.05,25
1719462982859,19.1,25
1719462983784,18.85,250
1719462983845,18.8,250
1719462984792,18.95,25
1719462984865,18.95,25
1719462986029,18.65,100
1719462986071,18.65,25
1719462986864,18.55,125
1719462987017,18.65,500
1719462987868,18.6,225
1719462988215,18.55,75
1719462988870,18.4,450
1719462989420,18.4,75
1719462990096,18.25,100
1719462990814,18.35,25
1719462990853,18.25,75
1719462991577,18.15,25
1719462991824,18.0,200
1719462991911,18.0,25
1719462993062,18.25,725
1719462993216,18.35,300
1719462993864,18.4,25
1719462994231,18.4,25
1719462994847,18.25,350
1719462995642,18.4,25
1719462995851,18.4,100
1719462996829,18.65,25
1719462996874,18.65,750
1719462997616,18.5,100
1719462997876,18.5,925
1719462998875,18.5,625
1719462999050,18.5,125
1719462999890,18.6,25
1719463000448,18.6,150
1719463000857,18.5,25
1719463001658,18.15,125
1719463001877,18.1,100
1719463002844,18.2,25
1719463002871,18.2,175
1719463014877,18.85,225
1719463015864,18.6,25
1719463016857,18.85,100
1719463017079,18.85,50
1719463017894,19.05,100
1719463018258,19.1,200
1719463018885,19.2,25
1719463019666,19.4,25
1719463019867,19.5,25
1719463020897,19.8,25
1719463021581,20.0,75
1719463021864,20.0,1000
1719463022088,20.25,75
1719463022883,19.85,50
1719463023260,20.0,50
1719463023871,19.85,650
1719463024267,19.9,125
1719463024886,19.9,100
1719463025261,19.9,25
1719463025880,20.0,250
1719463026474,19.9,50
1719463026880,19.95,25
1719463027878,20.0,100
1719463029078,20.55,25
1719463029486,20.4,75
1719463029901,20.65,25
1719463030695,20.9,25
1719463030901,21.1,75
1719463031895,21.45,250
1719463032890,21.6,750
1719463033905,20.65,25
1719463034107,20.5,25
1719463035102,19.8,25
1719463035678,19.5,250
1719463035893,19.65,25
1719463036907,19.35,50
1719463037895,19.7,25
1719463038293,19.45,375
1719463038895,19.45,275
1719463039515,19.6,50
1719463039890,19.65,300
1719463040895,19.8,25
1719463041908,19.45,25
1719463042896,19.45,50
1719463044105,19.3,50
1719463044105,19.3,50
1719463044899,19.8,850
1719463045521,19.65,1000
1719463045908,19.6,25
1719463046706,19.6,100
1719463046891,19.5,950
1719463047691,19.85,25
1719463047873,19.85,25
1719463048901,19.55,75
1719463049885,19.45,25
1719463050123,19.55,200
1719463050867,19.3,650
1719463051283,19.35,25
1719463051585,19.15,25
1719463051912,19.1,25
1719463052730,18.9,500
1719463052912,18.7,300
1719463053891,18.85,250
1719463054898,18.9,100
1719463055094,18.85,325
1719463055916,19.0,75
1719463056343,19.1,25
1719463056905,19.1,25
1719463057510,18.85,125
1719463057899,18.7,25
1719463058705,18.45,100
1719463058909,18.5,25
1719463059920,18.7,250
1719463060934,18.55,50
1719463061886,18.85,50
1719463062341,19.05,25
1719463062907,18.95,25
1719463063322,18.85,875
1719463063923,18.75,125
1719463064720,18.55,75
1719463064885,18.55,25
1719463065547,18.4,25
1719463065909,18.45,50
1719463066741,18.4,25
1719463066878,18.5,25
1719463067942,18.75,175
1719463068953,18.7,75
1719463069906,18.85,100
1719463070347,19.0,1000
1719463070919,19.15,25
1719463071552,18.9,125
1719463071913,19.05,250
1719463072747,19.15,25
1719463072913,18.95,25
1719463073853,18.85,200
1719463073951,18.75,50
1719463074946,18.9,100
1719463075910,19.0,25
1719463076156,19.0,450
1719463076923,19.05,50
1719463077340,19.15,225
1719463077891,19.1,25
1719463078546,19.2,25
1719463078906,19.0,50
1719463079896,18.85,25
1719463079952,18.85,25
1719463080942,18.6,325
1719463081566,18.9,25
1719463081975,18.9,200
1719463082089,18.9,25
1719463082909,19.05,150
1719463083169,19.0,25
1719463083940,19.15,100
1719463084560,19.5,25
1719463084916,19.4,400
1719463085552,19.7,975
1719463085924,19.35,25
1719463086577,19.05,75
1719463086884,19.05,25
1719463087769,19.3,375
1719463087929,19.45,50
1719463089171,18.85,25
1719463089926,18.95,600
1719463090787,19.1,25
1719463090944,19.1,50
1719463091784,19.3,50
1719463091848,19.3,25
1719463092957,19.05,125
1719463093975,19.25,25
1719463094121,19.3,350
1719463094854,19.4,25
1719463095177,19.4,25
1719463095925,19.55,25
1719463096188,19.65,25
1719463096915,19.45,50
1719463097777,19.3,25
1719463097939,19.25,50
1719463098731,19.15,25
1719463098880,19.1,125
1719463099983,19.05,50
1719463100932,19.2,75
1719463101401,19.3,25
1719463101921,19.15,25
1719463102623,19.3,25
1719463102921,19.25,1400
1719463103592,19.25,50
1719463103925,19.25,50
1719463104806,19.2,25
1719463104935,19.25,50
1719463105795,19.25,75
1719463105927,19.2,125
1719463106935,19.35,125
1719463108015,19.1,225
1719463108219,19.2,300
1719463108946,19.15,25
1719463109136,19.05,50
1719463109943,18.95,175
1719463110405,18.9,50
1719463110933,19.05,550
1719463111592,19.1,150
1719463111607,19.1,75
1719463111952,18.95,75
1719463112600,18.9,25
1719463112918,18.8,25
1719463113183,18.9,50
1719463113937,18.85,25
1719463114437,18.55,250
1719463114920,18.65,25
1719463115428,18.7,25
1719463115956,18.6,100
1719463116830,18.7,25
1719463116941,18.7,250
1719463117820,18.9,125
1719463117946,18.9,25
1719463118898,19.0,25
1719463119931,19.0,75
1719463120027,19.05,50
1719463120961,19.3,250
1719463121230,19.5,25
1719463121923,20.0,75
1719463122632,20.3,75
1719463122957,20.4,75
1719463124021,20.65,25
1719463125040,20.2,475
1719463125147,20.15,1175
1719463125959,20.5,25
1719463126244,20.5,25
1719463126974,20.75,50
1719463127924,20.65,25
1719463128949,20.25,25
1719463129047,20.2,175
1719463130053,19.75,25
1719463130918,19.6,100
1719463131462,19.5,25
1719463131933,19.75,75
1719463132640,19.65,250
1719463132913,19.7,50
1719463134047,19.7,50
1719463134876,19.65,175
1719463135016,19.6,250
1719463135940,19.75,25
1719463136064,19.75,450
1719463137050,20.15,750
1719463137952,19.9,125
1719463138266,20.0,25
1719463138955,19.95,25
1719463139458,20.5,275
1719463139958,20.55,50
1719463140642,20.45,50
1719463140934,20.5,25
1719463141577,20.55,25
1719463141864,20.7,50
1719463141963,20.6,25
1719463143063,20.35,75
1719463143961,20.1,100
1719463144045,20.1,150
1719463144948,19.8,200
1719463145058,19.85,25
1719463146048,19.9,25
1719463146478,20.05,50
1719463146933,20.25,125
1719463147485,20.0,150
1719463147925,20.15,25
1719463148690,20.15,50
1719463148958,20.2,50
1719463149963,20.1,100
1719463150883,19.85,25
1719463150956,19.85,25
1719463152092,20.0,50
1719463152926,19.9,250
1719463153091,19.9,50
1719463153958,20.55,25
1719463154302,20.45,1000
1719463154951,20.5,1125
1719463155709,20.6,175
1719463155972,20.4,550
1719463156896,20.55,100
1719463156957,20.5,600
1719463157875,20.25,225
1719463157976,20.35,375
1719463158983,19.95,75
1719463159304,19.95,250
1719463159957,20.2,25
1719463160294,20.25,200
1719463160979,20.2,25
1719463161509,20.35,25
1719463161980,20.35,50
1719463162702,20.4,25
1719463162972,20.4,25
1719463163962,20.4,50
1719463164103,20.4,50
1719463164974,20.4,200
1719463165094,20.4,125
1719463165974,20.55,50
1719463166106,20.6,175
1719463167100,20.35,25
1719463167968,20.35,50
1719463168307,20.45,25
1719463168968,20.25,225
1719463169322,20.15,25
1719463169967,19.85,125
1719463170522,20.15,25
1719463170992,19.95,50
1719463171574,20.1,100
1719463171676,20.05,50
1719463171966,19.95,75
1719463172912,20.2,25
1719463172978,20.25,150
1719463173956,20.05,475
1719463174971,20.0,475
1719463175900,19.8,25
1719463175974,19.65,50
1719463176966,20.0,75
1719463177965,19.95,25
1719463178127,19.8,600
1719463178539,19.55,300
1719463178978,19.95,100
1719463179518,19.65,350
1719463180176,19.45,75
1719463180976,20.0,75
1719463181982,20.35,250
1719463182106,20.3,50
1719463182964,20.45,450
1719463183305,20.7,100
1719463183979,20.3,125
1719463184539,20.35,75
1719463184990,20.5,25
1719463185734,20.15,25
1719463185981,20.05,50
1719463186686,19.8,200
1719463186940,19.7,25
1719463187922,19.75,75
1719463187981,19.8,250
1719463188737,19.65,525
1719463188983,19.55,25
1719463189981,19.55,25
1719463190999,19.2,225
1719463191360,19.2,200
1719463191981,19.4,25
1719463192351,19.35,75
1719463192997,19.3,75
1719463193520,19.3,25
1719463193983,19.3,225
1719463194542,19.35,100
1719463194984,19.35,50
1719463195541,19.3,225
1719463196005,19.15,25
1719463196565,19.25,125
1719463196958,19.35,25
1719463197498,19.4,50
1719463197937,19.4,50
1719463198893,19.55,25
1719463199190,19.55,50
1719463199749,19.5,75
1719463199985,19.45,100
1719463200973,19.35,25
1719463201162,19.55,25
1719463201593,19.5,50
1719463201989,19.7,75
1719463202111,19.7,50
1719463202980,19.5,450
1719463203379,19.35,75
1719463203991,19.0,25
1719463204545,19.3,25
1719463205003,19.5,300
1719463205543,19.2,75
1719463205956,19.05,25
1719463206699,19.2,25
1719463206992,19.1,25
1719463207975,19.55,125
1719463208949,19.3,25
1719463209148,19.3,50
1719463209991,19.25,25
1719463211033,19.9,100
1719463211372,19.8,325
1719463212011,20.25,175
1719463212371,20.25,750
1719463213005,20.1,25
1719463213758,20.15,25
1719463213985,20.1,25
1719463214791,20.05,25
1719463215002,20.0,500
1719463215983,19.75,25
1719463216990,19.95,175
1719463218000,19.85,150
1719463218182,19.7,500
1719463218981,19.6,50
1719463219142,19.7,25
1719463220022,19.7,250
1719463220192,19.75,75
1719463220997,19.8,25
1719463221311,19.75,25
1719463222011,19.85,600
1719463222587,19.9,25
1719463223015,20.05,50
1719463223801,19.95,25
1719463224002,20.15,400
1719463225003,20.55,25
1719463225003,20.55,25
1719463226016,20.55,50
1719463226185,20.75,1350
1719463227001,20.5,50
1719463227193,20.7,25
1719463228025,21.3,25
1719463228407,21.05,75
1719463229012,20.8,25
1719463229606,20.4,200
1719463230013,20.15,200
1719463230605,20.05,25
1719463231008,19.7,25
1719463231531,19.65,300
1719463232006,20.1,25
1719463232204,20.1,75
1719463233010,19.9,75
1719463233793,19.8,275
1719463234015,19.65,25
1719463235009,19.8,75
1719463235409,19.65,25
1719463236020,19.4,75
1719463237020,19.7,125
1719463237212,19.6,25
1719463238023,19.65,100
1719463238220,19.6,200
1719463239017,19.7,25
1719463239227,19.75,250
1719463239630,19.6,25
1719463240020,19.55,75
1719463240623,19.6,100
1719463241019,19.5,50
1719463241826,19.5,25
1719463242034,19.45,125
1719463243024,19.2,25
1719463243215,19.3,50
1719463244016,19.45,25
1719463244220,19.3,175
1719463245021,19.5,25
1719463246026,19.45,25
1719463246447,19.7,50
1719463247012,19.8,150
1719463247405,19.65,25
1719463248054,19.65,25
1719463248626,19.7,175
1719463249030,19.6,50
1719463249619,19.4,275
1719463250023,19.4,25
1719463250625,19.7,275
1719463251011,19.7,100
1719463252023,19.55,825
1719463253243,20.05,25
1719463254005,19.9,225
1719463254240,19.8,25
1719463255034,19.7,750
1719463255455,20.0,725
1719463256025,19.75,25
1719463256452,19.85,25
1719463257009,19.7,75
1719463257621,19.55,100
1719463258020,19.4,50
1719463258649,19.35,50
1719463259008,19.25,75
1719463259846,19.45,75
1719463260017,19.45,75
1719463261060,19.5,75
1719463261538,19.7,500
1719463262033,20.25,25
1719463262078,20.2,25
1719463263028,20.2,100
1719463263272,20.0,200
1719463264022,19.7,50
1719463264267,19.65,25
1719463265015,19.8,750
1719463265445,20.0,125
1719463266012,19.9,25
1719463266675,20.05,225
1719463267025,20.05,75
1719463267613,20.1,400
1719463267953,20.0,275
1719463268864,19.95,100
1719463269020,19.85,150
1719463270088,19.85,75
1719463271031,19.9,100
1719463271273,20.0,25
1719463272036,19.9,75
1719463272283,19.6,25
1719463273015,19.85,25
1719463273497,19.8,600
1719463274023,19.85,100
1719463274690,20.1,25
1719463275001,20.2,25
1719463275688,20.35,350
1719463276038,20.85,1375
1719463277028,22.0,250
1719463277095,22.2,25
1719463278050,21.75,50
1719463278496,21.4,250
1719463279046,22.0,75
1719463279895,21.7,150
1719463280036,21.75,250
1719463281079,21.1,25
1719463281244,21.0,25
1719463282025,20.8,175
1719463282282,21.05,50
1719463283054,20.8,25
1719463283493,20.75,25
1719463284035,20.6,25
1719463284702,20.25,25
1719463285038,20.1,75
1719463286033,20.4,250
1719463286112,20.35,450
1719463287053,20.55,450
1719463287292,20.45,100
1719463288019,20.05,25
1719463288689,20.2,25
1719463289041,20.4,25
1719463290084,20.75,25
1719463291018,20.75,50
1719463291306,20.95,75
1719463291576,20.65,75
1719463292029,20.75,50
1719463292511,20.85,75
1719463293041,20.8,1275
1719463293901,20.8,425
1719463294063,20.8,75
1719463294905,20.55,75
1719463295055,20.8,225
1719463296048,20.7,25
1719463296107,20.8,350
1719463297047,20.7,50
1719463297298,20.55,25
1719463298045,20.85,25
1719463298288,21.1,100
1719463299043,21.2,25
1719463299514,21.0,25
1719463300046,21.0,25
1719463300537,21.1,25
1719463301060,21.0,75
1719463301937,21.05,175
1719463302051,21.15,50
1719463303041,20.6,100
1719463303330,20.65,25
1719463304059,20.8,525
1719463304318,20.8,25
1719463305055,20.6,25
1719463305295,20.6,175
1719463306054,20.45,725
1719463306324,20.5,325
1719463307050,20.4,25
1719463307707,20.3,75
1719463308082,20.25,425
1719463309126,20.5,200
1719463310055,20.35,25
1719463310132,20.25,25
1719463311069,20.65,25
1719463311310,20.5,50
1719463312083,20.6,100
1719463312543,20.7,25
1719463313054,20.95,75
1719463313715,20.85,50
1719463314040,20.7,100
1719463315068,20.7,25
1719463316072,20.65,250
1719463316340,20.75,500
1719463317054,20.7,25
1719463317539,20.65,25
1719463318076,20.6,25
1719463318728,20.3,25
1719463319243,20.25,25
1719463319952,20.55,25
1719463320064,20.6,25
1719463321070,20.6,25
1719463321166,20.65,25
1719463321566,20.6,125
1719463322040,20.8,100
1719463322356,20.85,25
1719463323060,21.25,25
1719463323544,20.8,250
1719463324073,20.7,25
1719463324748,20.85,100
1719463325067,20.8,175
1719463326042,20.8,25
1719463326167,20.7,625
1719463327067,20.6,100
1719463327568,20.5,100
1719463328085,20.25,100
1719463329033,20.5,50
1719463330054,20.45,125
1719463330162,20.45,100
1719463331048,20.25,25
1719463331371,20.25,75
1719463359080,21.5,175
1719463359230,21.35,50
1719463360062,21.7,100
1719463360420,21.65,500
1719463361083,21.45,225
1719463361825,21.45,75
1719463362101,21.2,125
1719463362812,20.9,100
1719463363058,20.85,125
1719463363835,20.5,25
1719463364101,20.7,50
1719463365091,21.0,50
1719463366105,20.95,100
1719463366218,20.85,250
1719463367090,21.05,25
1719463367210,20.85,600
1719463368077,20.75,25
1719463368637,21.0,25
1719463369089,21.3,200
1719463369609,21.25,1000
1719463370083,21.25,250
1719463370636,21.2,100
1719463371095,21.35,25
1719463371634,21.4,25
1719463372096,21.45,75
1719463373016,21.35,25
1719463373093,21.3,25
1719463374243,21.4,50
1719463379092,20.9,25
1719463380093,20.5,50
1719463380450,20.4,25
1719463381270,20.2,25
1719463381589,20.1,25
1719463382067,20.05,250
1719463382099,20.15,75
1719463383093,19.95,25
1719463383251,20.0,250
1719463384108,19.8,100
1719463384456,19.9,25
1719463385098,20.15,350
1719463385857,20.1,100
1719463386089,20.1,75
1719463387091,20.7,100
1719463388098,20.35,350
1719463389120,20.25,25
1719463389455,20.25,25
1719463390131,20.2,25
1719463390662,20.2,25
1719463391110,20.15,50
1719463392074,19.9,175
1719463392108,19.9,25
1719463393120,20.1,50
1719463393277,20.0,50
1719463394093,19.9,50
1719463394288,19.95,75
1719463395098,19.85,100
1719463395458,19.9,100
1719463396104,19.75,75
1719463396478,19.8,25
1719463397118,19.9,75
1719463397678,19.8,250
1719463398111,19.85,25
1719463398848,19.7,25
1719463399105,19.85,300
1719463400140,20.0,100
1719463400269,20.0,450
1719463401105,19.85,25
1719463401300,19.9,75
1719463402079,19.9,100
1719463402492,19.95,25
1719463403113,19.9,25
1719463403490,20.0,700
1719463404109,19.8,25
1719463404705,19.7,25
1719463405108,19.85,100
1719463406119,19.45,200
1719463407119,19.0,200
1719463407304,18.7,25
1719463408106,18.9,500
1719463408704,18.8,25
1719463409130,18.65,75
1719463410105,18.55,175
1719463410310,18.55,50
1719463411124,18.35,75
1719463411308,18.65,400
1719463411596,18.8,75
1719463412121,18.8,25
1719463412488,18.85,75
1719463413116,18.75,25
1719463413498,18.9,25
1719463414105,19.05,175
1719463415090,18.95,200
1719463416316,19.0,75
1719463416498,18.85,75
1719463417106,18.9,100
1719463417721,18.8,25
1719463418116,18.7,50
1719463419104,18.6,25
1719463420103,18.45,450
1719463420508,18.35,300
1719463421118,18.6,25
1719463421519,18.55,25
1719463422125,18.5,25
1719463422917,18.5,25
1719463423123,18.35,50
1719463424142,18.15,75
1719463425337,18.1,725
1719463426123,18.0,75
1719463426718,18.1,75
1719463427117,18.05,575
1719463428155,17.4,250
1719463428342,16.9,150
1719463429131,16.6,675
1719463429944,16.3,25
1719463430334,16.75,25
1719463431143,16.65,25
1719463431549,16.75,25
1719463432142,16.5,25
1719463432927,15.6,25
1719463433156,15.85,25
1719463434329,16.4,50
1719463434553,16.25,150
1719463435140,16.25,50
1719463436158,16.2,25
1719463437326,16.15,25
1719463437559,16.15,25
1719463438128,16.15,50
1719463439141,16.3,475
1719463440115,16.35,250
1719463440558,16.5,100
1719463441337,16.65,25
1719463441576,16.7,75
1719463441964,16.7,25
1719463442136,16.65,150
1719463443169,17.1,50
1719463444137,17.15,75
1719463444384,17.05,25
1719463445140,17.1,400
1719463445563,17.15,175
1719463466166,16.9,25
1719463466767,16.95,50
1719463467155,17.05,200
1719463468140,17.35,200
1719463468377,17.25,1125
1719463469149,17.35,150
1719463469384,17.3,100
1719463470133,17.45,125
1719463470814,17.7,100
1719463471153,17.9,75
1719463472152,17.85,25
1719463472211,17.85,425
1719463473155,17.9,125
1719463473609,17.85,350
1719463474164,18.0,50
1719463474803,17.9,50
1719463475151,17.85,25
1719463476136,17.85,75
1719463476413,17.85,50
1719463477153,18.1,350
1719463477614,17.85,75
1719463478170,17.5,75
1719463478593,17.55,50
1719463479160,17.35,50
1719463480011,17.4,100
1719463480148,17.35,100
1719463481152,17.2,75
1719463481638,17.1,75
1719463482168,17.05,75
1719463482990,17.0,25
1719463483178,17.0,25
1719463484131,17.1,25
1719463484433,17.0,100
1719463485162,16.9,25
1719463485637,16.9,50
1719463486138,17.1,250
1719463486794,17.05,25
1719463487182,16.85,25
1719463488167,17.0,25
1719463488430,16.95,75
1719463489161,16.95,75
1719463489837,17.05,75
1719463490154,17.0,100
1719463491239,16.9,25
1719463492145,16.8,25
1719463492851,16.8,25
1719463493148,16.8,50
1719463495157,17.0,50
1719463496166,17.0,50
1719463497129,17.0,975
1719463497461,17.05,75
1719463498187,17.15,50
1719463498611,17.0,575
1719463499109,17.0,25
1719463500233,17.05,25
1719463501166,16.85,50
1719463501578,16.85,100
1719463501653,16.75,150
1719463502163,16.8,50
1719463502827,16.6,75
1719463503175,16.8,25
1719463504266,16.5,100
1719463505159,16.65,50
1719463505668,16.45,100
1719463506182,15.7,25
1719463507257,15.8,150
1719463508172,16.15,25
1719463508876,16.15,25
1719463509189,16.3,25
1719463510177,16.05,75
1719463510436,16.0,25
1719463511187,15.75,25
1719463512076,15.55,75
1719463512167,15.55,75
1719463513177,15.7,25
1719463513857,15.75,25
1719463514186,15.75,150
1719463515182,15.6,75
1719463515285,15.6,25
1719463516388,15.55,25
1719463516479,15.5,75
1719463517193,15.65,25
1719463517658,15.5,850
1719463518175,15.7,25
1719463519074,15.7,250
1719463519155,15.6,25
1719463520179,15.95,250
1719463520297,16.0,25
1719463521163,16.1,75
1719463521877,16.35,25
1719463522190,16.25,25
1719463523188,16.45,525
1719463523489,16.45,100
1719463524186,16.65,400
1719463524894,17.0,25
1719463525176,16.9,25
1719463526162,16.7,25
1719463526290,16.75,50
1719463527183,16.9,475
1719463527689,17.0,1425
1719463528209,17.1,1325
1719463529176,17.0,25
1719463529300,17.05,925
1719463530160,17.1,1575
1719463530903,17.5,25
1719463531116,17.4,100
1719463531519,17.4,50
1719463532174,17.8,200
1719463532505,17.75,75
1719463533197,17.45,25
1719463534099,17.45,200
1719463534186,17.45,100
1719463535210,17.4,850
1719463535716,17.6,25
1719463536191,17.65,25
1719463537401,18.05,50
1719463538198,17.95,75
1719463538910,17.9,75
1719463539214,17.85,350
1719463540195,17.6,75
1719463540722,17.75,25
1719463541190,17.85,750
1719463542197,17.35,50
1719463542326,17.55,50
1719463543168,17.8,25
1719463543523,17.85,25
1719463544159,17.8,25
1719463544729,17.75,75
1719463545196,17.8,25
1719463546115,17.9,500
1719463546189,17.9,25
1719463547202,17.7,50
1719463547536,17.9,250
1719463548199,17.9,50
1719463549134,18.2,25
1719463549196,18.2,125
1719463550210,18.25,50
1719463550730,18.45,175
1719463551210,18.25,1300
1719463552181,18.05,75
1719463552348,17.95,125
1719463553204,17.85,225
1719463553948,17.65,25
1719463554181,17.65,150
1719463555395,17.4,25
1719463555552,17.45,100
1719463556205,17.65,200
1719463556936,17.5,25
1719463557200,17.5,50
1719463558202,17.7,1250
1719463558358,17.8,775
1719463559198,17.7,25
1719463559541,17.85,25
1719463560199,17.6,300
1719463560744,17.6,175
1719463561195,17.6,100
1719463561578,17.5,25
1719463561764,17.45,1200
1719463562169,17.65,25
1719463562973,17.65,75
1719463563191,17.5,75
1719463564195,17.25,25
1719463564357,17.35,50
1719463565174,17.2,50
1719463565535,17.3,25
1719463566203,17.2,50
1719463566975,17.0,575
1719463567200,16.9,50
1719463568349,17.1,225
1719463569201,17.1,400
1719463569567,17.0,250
1719463570201,16.95,500
1719463570974,16.7,75
1719463571202,16.85,100
1719463572215,17.1,350
1719463572361,16.95,175
1719463573159,16.75,175
1719463573784,16.65,100
1719463574230,16.75,25
1719463575211,16.8,100
1719463575379,16.9,25
1719463576221,16.85,250
1719463576935,16.8,150
1719463577183,16.9,25
1719463578229,16.75,25
1719463578373,16.7,975
1719463579227,16.6,125
1719463579962,16.45,25
1719463580206,16.45,25
1719463581203,16.5,25
1719463581399,16.55,75
1719463582255,16.5,25
1719463582772,16.2,25
1719463583190,16.2,50
1719463584200,15.9,100
1719463585227,15.8,25
1719463585410,15.95,425
1719463586216,16.0,25
1719463586987,16.2,25
1719463587225,16.2,75
1719463588232,16.3,75
1719463588569,16.35,125
1719463589205,16.45,250
1719463590212,16.45,25
1719463590388,16.6,200
1719463591220,16.55,25
1719463591472,16.55,50
1719463591791,16.5,25
1719463592223,16.4,75
1719463593213,16.4,50
1719463594279,16.35,100
1719463594609,16.35,50
1719463595223,16.4,100
1719463596210,16.2,50
1719463597182,16.2,25
1719463597787,16.15,725
1719463598238,16.2,100
1719463599238,16.05,75
1719463599417,16.05,50
1719463600236,16.3,25
1719463601019,16.1,25
1719463601203,16.1,175
1719463602157,16.15,25
1719463610211,17.05,150
1719463611253,17.15,25
1719463612179,17.05,400
1719463613171,17.1,25
1719463613808,17.05,50
1719463614235,17.05,25
1719463615211,16.95,25
1719463615428,17.05,125
1719463616210,17.1,25
1719463616851,17.25,50
1719463617266,17.3,50
1719463618217,17.2,125
1719463619251,17.0,25
1719463619853,16.85,25
1719463620237,16.75,25
1719463621167,16.65,100
1719463621587,16.7,500
1719463621647,16.65,100
1719463622260,16.6,200
1719463623221,16.45,150
1719463623264,16.35,50
1719463624248,16.4,50
1719463624857,16.4,100
1719463625241,16.3,25
1719463626225,16.2,25
1719463626257,16.25,150
1719463627240,16.4,25
1719463627669,16.45,25
1719463628238,16.5,25
1719463628851,16.5,200
1719463629235,16.6,25
1719463630194,16.75,500
1719463630686,16.85,25
1719463631247,16.75,125
1719463632214,16.75,25
1719463632214,16.75,25
1719463633226,16.8,250
1719463633674,16.85,25
1719463634139,16.7,250
1719463635237,16.65,25
1719463635294,16.7,75
1719463636236,16.7,300
1719463636831,16.8,500
1719463637253,17.05,25
1719463638074,17.0,25
1719463638254,17.0,25
1719463639264,16.9,25
1719463639492,17.05,25
1719463640238,17.1,75
1719463640882,17.15,1000
1719463641255,17.2,25
1719463641864,17.35,25
1719463642210,17.3,25
1719463643273,17.25,25
1719463644228,17.4,25
1719463644672,17.4,750
1719463645259,17.4,25
1719463646084,17.4,175
1719463646268,17.45,25
1719463647265,17.15,475
1719463647506,17.05,100
1719463668924,16.0,25
1719463669468,16.05,175
1719463670279,16.05,175
1719463670531,16.1,500
1719463671247,16.05,25
1719463671749,16.2,50
1719463672270,16.4,25
1719463672941,16.5,200
1719463673272,16.5,25
1719463674105,16.65,25
1719463674287,16.8,100
1719463675288,16.5,75
1719463675567,16.4,25
1719463676290,16.35,75
1719463676932,16.45,25
1719463688262,16.45,25
1719463689196,16.25,50
1719463748325,17.15,25
1719463748858,17.25,25
1719463749317,17.15,25
1719463750054,17.1,25
1719463750336,17.2,100
1719463751320,17.15,25
1719463751667,17.4,600
1719463752294,17.35,25
1719463753262,17.45,25
1719463753319,17.45,100
1719463754243,17.35,25
1719463754836,17.25,25
1719463755332,17.2,25
1719463756278,17.25,25
1719463756663,17.25,75
1719463761340,18.0,75
1719463761684,18.05,150
1719463762334,18.05,75
1719463763076,17.95,1550
1719463763339,18.1,50
1719463764338,17.85,150
1719463764480,17.85,250
1719463765356,17.85,1800
1719463766073,17.85,25
1719463766338,17.55,25
1719463767332,17.25,50
1719463768318,17.25,50
1719463768691,17.35,50
1719463769337,17.5,50
1719463770080,17.6,175
1719463770325,17.6,25
1719463771273,17.6,25
1719463771333,17.5,400
1719463776359,18.1,75
1719463776904,18.2,25
1719463777348,18.4,75
1719463778300,18.1,25
1719463779360,18.25,950
1719463779498,18.35,25
1719463781319,17.85,25
1719463782344,18.0,25
1719463782503,17.95,25
1719463783342,17.95,250
1719463783907,18.05,25
1719463784347,18.0,25
1719463784876,18.0,25
1719463785350,17.85,225
1719463786359,17.85,25
1719463787338,18.0,25
1719463787514,18.0,25
1719463788331,17.95,25
1719463788874,18.05,300
1719463789318,17.95,25
1719463789902,18.05,100
1719463790357,18.15,25
1719463791299,18.25,175
1719463792353,18.1,275
1719463792727,17.95,125
1719463793320,18.0,25
1719463794108,18.45,125
1719463794305,18.45,50
1719463795321,18.15,50
1719463796361,18.15,475
1719463796494,18.0,50
1719463797350,18.0,25
1719463797722,17.9,25
1719463798341,18.05,25
1719463799138,17.95,75
1719463799372,17.8,150
1719463800323,17.65,25
1719463800515,17.7,75
1719463801358,17.7,75
1719463801592,17.6,100
1719463801725,17.65,300
1719463802347,17.8,100
1719463803139,17.5,50
1719463803355,17.45,250
1719463804116,17.65,50
1719463804316,17.75,500
1719463805362,17.65,100
1719463805490,17.65,25
1719463806342,17.35,25
1719463806950,17.4,900
1719463807325,17.55,300
1719463807958,17.75,25
1719463808370,17.7,25
1719463808960,17.75,100
1719463809346,17.6,125
1719463810323,17.8,100
1719463811329,17.95,225
1719463811763,17.9,325
1719463812333,17.85,25
1719463813156,18.25,50
1719463813377,18.3,25
1719463814386,18.65,50
1719463814575,18.6,225
1719463815359,18.7,500
1719463815957,18.55,25
1719463816364,18.5,50
1719463817362,18.05,25
1719463817550,18.1,25
1719463818379,18.0,325
1719463818980,17.95,25
1719463819360,17.9,125
1719463820356,17.85,25
1719463820535,17.85,25
1719463821361,18.0,100
1719463822165,17.95,50
1719463822361,18.1,25
1719463823351,18.15,125
1719463823594,18.2,50
1719463824387,18.3,225
1719463824765,18.1,100
1719463825343,18.15,25
1719463825986,18.05,25
1719463826378,18.1,25
1719463827070,18.1,50
1719463827374,18.0,25
1719463828349,17.85,50
1719463829363,17.6,25
1719463830006,17.4,75
1719463830376,17.4,400
1719463831390,17.6,275
1719463831567,17.65,1025
1719463832366,17.75,275
1719463832790,17.8,25
1719463833351,17.75,25
1719463834390,17.55,750
1719463835390,17.75,75
1719463835999,17.85,275
1719463836996,17.8,75
1719463837377,17.6,50
1719463838055,17.45,25
1719463838384,17.55,25
1719463839336,17.75,75
1719463840356,17.6,75
1719463840786,17.55,225
1719463841329,17.4,25
1719463842010,17.3,25
1719463842384,17.25,25
1719463843205,17.1,25
1719463843310,17.05,25
1719463844394,16.95,25
1719463844818,17.1,25
1719463845388,17.0,25
1719463846211,17.15,25
1719463846397,17.2,350
1719463847383,17.3,25
1719463847831,17.4,275
1719463848393,17.45,75
1719463849219,17.2,50
1719463849396,17.2,25
1719463850389,17.2,75
1719463850626,17.15,25
1719463851384,17.2,25
1719463852214,17.2,50
1719463852401,17.25,25
1719463853435,17.1,25
1719463854368,16.95,25
1719463855044,17.05,675
1719463855586,16.85,25
1719463856382,16.85,50
1719463856632,16.95,25
1719463857380,16.9,1375
1719463858250,17.1,25
1719463858395,17.1,25
1719463859386,17.8,100
1719463859830,17.65,250
1719463860594,17.95,200
1719463861444,17.7,25
1719463861590,17.85,25
1719463862399,18.0,75
1719463862821,18.1,575
1719463863365,17.9,75
1719463864239,17.95,100
1719463864382,18.05,25
1719463865391,17.95,75
1719463865790,17.7,25
1719463866381,17.6,25
1719463867270,17.6,25
1719463867367,17.6,25
1719463868450,17.55,25
1719463869395,17.6,25
1719463869859,17.5,25
1719463870391,17.6,25
1719463871241,17.55,25
1719463871386,17.75,325
1719463872390,17.8,25
1719463872554,17.8,75
1719463873394,17.75,50
1719463874061,17.75,250
1719463874400,17.7,25
1719463875341,17.55,25
1719463876405,17.45,25
1719463876858,17.5,25
1719463877391,17.75,150
1719463878394,17.85,50
1719463879418,17.9,25
1719463879656,17.85,500
1719463880352,18.0,125
1719463880870,17.95,225
1719463881403,17.95,25
1719463882386,18.05,25
1719463885405,18.35,225
1719463885463,18.4,25
1719463886427,18.45,25
1719463887080,18.4,425
1719463887402,18.4,25
1719463888089,18.45,125
1719463888411,18.5,75
1719463889495,18.35,25
1719463890436,18.45,50
1719463890691,18.3,50
1719463925431,18.05,25
1719463926143,18.0,500
1719463926399,18.15,50
1719463927615,18.2,100
1719463927752,18.15,25
1719463928426,18.0,250
1719463928952,17.95,125
1719463929389,17.85,75
1719463930427,18.25,25
1719463931408,18.25,50
1719463931535,18.15,25
1719463932373,18.3,25
1719463932847,18.3,25
1719463933428,18.6,25
1719463934326,18.55,200
1719463934431,18.5,25
1719463935408,18.85,25
1719463935749,19.2,450
1719463936413,18.75,50
1719463937167,18.5,175
1719463937430,18.25,400
1719463938441,18.5,75
1719463938525,18.55,250
1719463939448,18.5,1450
1719463940162,18.35,25
1719463940412,18.35,550
1719463944449,18.45,250
1719463945456,18.3,75
1719463945691,18.3,1200
1719463946418,18.45,250
1719463946960,18.25,100
1719463947431,18.3,175
1719463948174,18.25,250
1719463948426,18.25,25
1719463949436,18.1,50
1719463953117,18.15,100
1719463953441,18.05,25
1719463954358,18.15,50
1719463955446,17.9,125
1719463955994,17.75,75
1719463956441,17.75,75
1719463957192,17.55,25
1719463957436,17.6,150
1719463958451,17.35,75
1719463958798,17.4,1275
1719463959465,17.5,50
1719463960206,17.45,375
1719463960445,17.4,25
1719463961423,17.15,50
1719463962443,17.3,1000
1719463962972,17.3,975
1719463963481,17.25,375
1719463964457,17.2,50
1719463965402,17.55,300
1719463965449,17.6,100
1719463966456,17.6,100
1719463966798,17.7,500
1719463967474,18.0,175
1719463968368,17.9,25
1719463968448,17.9,75
1719463969441,17.8,375
1719463969752,17.7,50
1719463970405,17.75,100
1719463971128,17.7,900
1719463971453,17.7,25
1719463972449,17.8,100
1719463972623,17.8,150
1719463973469,17.6,50
1719463974004,17.7,25
1719463974464,17.75,125
1719463975067,17.7,25
1719463975455,17.6,25
1719463976457,17.8,500
1719463977466,17.85,25
1719463977597,17.8,250
1719463978417,17.85,150
1719463979030,18.0,550
1719463979424,18.2,25
1719463980462,18.2,25
1719463981555,18.0,1400
1719463981775,17.95,25
1719463982423,18.0,25
1719463983237,18.1,150
1719463983434,18.05,100
1719463984440,17.75,25
1719463984604,17.75,200
1719463985462,17.8,25
1719463986202,17.9,50
1719463986430,17.75,150
1719463987428,17.8,250
1719463988463,17.65,25
1719463989036,17.75,25
1719463989476,17.7,75
1719463990408,17.7,50
1719463990462,17.65,125
1719463991438,17.75,25
1719463991852,17.7,25
1719463992476,17.65,25
1719463993021,17.7,25
1719463993482,17.65,25
1719463994238,17.4,100
1719463994449,17.4,500
1719463995455,17.55,25
1719463995812,17.65,175
1719463996482,17.6,25
1719463997243,17.5,25
1719463997459,17.4,550
1719463998411,17.45,100
1719463998656,17.4,25
1719463999469,17.4,50
1719464000250,17.3,75
1719464000454,17.2,75
1719464001467,16.9,250
1719464001654,17.05,25
1719464002448,17.35,25
1719464003457,17.3,50
1719464004461,17.2,125
1719464004600,17.2,25
1719464005457,17.05,25
1719464005783,17.05,50
1719464006487,16.9,250
1719464007069,17.05,25
1719464007484,17.1,50
1719464008268,17.15,550
1719464008446,17.15,100
1719464009461,17.15,25
1719464010479,17.25,425
1719464011553,17.3,150
1719464011793,17.3,525
1719464012468,17.2,50
1719464013269,17.2,75
1719464013482,17.2,425
1719464015629,17.35,375
1719464016422,17.4,25
1719464016844,17.35,225
1719464017498,17.55,25
1719464018104,17.5,25
1719464018479,17.6,25
1719464019488,17.55,500
1719464020487,17.65,50
1719464020640,17.65,500
1719464021626,17.8,25
1719464022239,17.95,50
1719464022497,17.9,50
1719464023460,17.9,25
1719464025422,17.65,25
1719464026281,17.4,250
1719464026488,17.35,175
1719464027449,17.4,75
1719464028496,17.5,25
1719464029410,17.4,500
1719464030464,17.45,25
1719464030638,17.5,75
1719464031427,17.4,25
1719464032112,17.35,100
1719464032467,17.45,100
1719464033304,17.3,325
1719464033476,17.35,25
1719464034510,17.25,50
1719464035503,17.05,350
1719464035865,17.15,625
1719464036492,17.1,25
1719464037125,17.0,25
1719464037493,17.05,50
1719464038313,17.05,100
1719464038502,17.0,275
1719464039484,16.9,150
1719464040504,16.85,325
1719464040690,16.75,125
1719464041495,16.95,150
1719464042132,16.8,50
1719464042426,16.85,25
1719464043516,16.7,50
1719464044509,16.55,25
1719464044934,16.4,25
1719464045491,16.4,25
1719464046336,16.65,50
1719464046506,16.7,75
1719464047537,16.55,75
1719464048494,16.5,225
1719464048921,16.6,25
1719464049486,16.55,50
1719464050115,16.45,25
1719464050506,16.4,50
1719464051327,16.4,25
1719464051497,16.45,75
1719464052348,16.45,500
1719464052494,16.4,25
1719464053537,16.35,25
1719464054474,16.7,25
1719464054519,16.7,25
1719464055490,16.95,100
1719464055752,17.0,50
1719464056509,17.3,150
1719464057122,17.4,50
1719464057503,17.35,25
1719464058348,17.3,50
1719464058502,17.2,50
1719464059486,17.1,25
1719464060446,16.95,175
1719464060923,16.9,25
1719464061494,16.8,750
1719464062344,16.85,325
1719464062500,16.85,75
1719464063561,16.55,300
1719464064505,16.4,50
1719464074527,16.7,50
1719464075111,16.7,25
1719464075446,16.75,300
1719464076353,16.65,25
1719464076432,16.65,625
1719464077561,16.85,100
1719464078513,16.75,75
1719464078767,16.75,75
1719464079526,16.75,100
1719464080229,16.6,100
1719464080484,16.65,25
1719464081345,16.85,25
1719464081452,16.75,100
1719464082533,16.6,250
1719464082574,16.6,200
1719464083596,16.55,150
1719464083762,16.6,50
1719464084709,16.45,400
1719464088503,16.15,75
1719464089544,16.3,75
1719464089606,16.15,325
1719464090514,16.35,150
1719464091148,16.3,350
1719464091499,16.4,25
1719464092593,16.8,200
1719464093494,17.0,25
1719464093781,16.95,25
1719464094542,17.25,25
1719464095000,17.2,225
1719464095502,17.0,75
1719464096600,17.15,25
1719464097543,17.15,75
1719464097598,17.15,25
1719464098528,17.0,50
1719464098784,17.0,25
1719464099554,16.75,75
1719464100403,16.9,75
1719464100510,16.9,450
1719464101574,16.8,25
1719464101574,16.8,25
1719464102507,17.0,25
1719464102660,17.05,200
1719464120656,17.25,25
1719464121547,17.2,25
1719464122249,17.1,25
1719464122556,17.05,500
1719464123631,17.0,150
1719464124539,17.05,50
1719464125032,17.0,25
1719464125475,17.05,25
1719464126267,17.15,25
1719464126513,17.1,125
1719464127586,17.1,50
1719464128532,17.1,25
1719464128663,17.0,25
1719464129514,17.05,25
1719464129845,17.1,25
1719464130552,17.2,75
1719464131052,17.15,175
1719464167483,16.75,250
1719464168261,16.75,25
1719464168553,16.85,100
1719464169520,16.95,175
1719464169575,17.0,200
1719464170580,16.95,25
1719464170632,17.0,25
1719464171595,17.05,300
1719464171888,17.1,50
1719464172479,16.95,50
1719464173346,17.0,25
1719464173583,16.95,25
1719464174526,16.9,25
1719464174720,16.9,125
1719464175558,16.9,150
1719464175940,16.75,25
1719464176535,16.75,25
1719464177591,16.7,100
1719464178784,16.85,50
1719464179080,16.75,25
1719464179599,16.65,275
1719464180565,16.9,275
1719464180743,17.0,100
1719464181575,17.0,650
1719464181945,17.0,25
1719464182591,17.1,250
1719464183131,17.0,50
1719464183587,17.15,25
1719464206578,16.85,50
1719464206684,16.7,75
1719464207572,17.0,75
1719464207854,17.0,25
1719464208603,16.95,75
1719464209378,16.85,25
1719464209501,17.0,75
1719464210767,17.0,25
1719464211604,17.0,650
1719464212122,17.0,25
1719464212598,16.95,50
1719464213599,16.85,50
1719464214535,16.85,500
1719464214769,16.9,200
1719464215583,16.8,25
1719464215864,16.85,25
1719464216614,17.0,575
1719464217313,17.05,25
1719464217619,17.05,75
1719464218527,17.05,350
1719464218787,17.15,50
1719464219595,17.65,25
1719464220170,17.55,25
1719464220615,17.55,25
1719464221602,17.5,25
1719464221913,17.35,150
1719464222608,17.4,100
1719464223387,17.5,250
1719464223612,17.55,100
1719464224609,17.35,75
1719464224789,17.45,250
1719464225613,17.4,900
1719464226347,17.55,25
1719464226617,17.6,25
1719464228817,18.05,50
1719464229619,18.15,425
1719464230513,18.15,550
1719464231218,18.3,25
1719464232579,18.3,25
1719464233592,18.0,75
1719464234021,18.15,650
1719464234616,18.25,25
1719464235422,18.05,50
1719464235609,17.95,1000
1719464236541,18.25,50
1719464237629,18.0,500
1719464238028,18.25,25
1719464238610,18.4,25
1719464239039,18.1,25
1719464239575,18.05,175
1719464240417,18.05,100
1719464240636,18.05,25
1719464241632,18.05,100
1719464241837,18.05,100
1719464242594,18.05,25
1719464242818,18.05,325
1719464243645,18.0,675
1719464244437,18.2,1200
1719464244630,18.0,100
1719464245650,18.3,25
1719464246625,18.3,75
1719464247625,18.85,600
1719464248250,19.4,450
1719464248632,19.95,25
1719464249643,19.8,50
1719464249844,19.55,25
1719464250645,19.35,375
1719464251442,19.75,25
1719464251595,19.55,150
1719464251641,19.7,175
1719464252654,19.6,50
1719464253871,20.0,150
1719464254639,19.8,100
1719464255271,19.65,100
1719464255632,19.65,200
1719464256625,19.7,25
1719464256868,19.65,350
1719464257639,19.9,250
1719464258245,20.0,50
1719464258635,20.15,50
1719464259619,19.9,300
1719464260056,19.55,100
1719464260636,19.5,50
1719464261641,19.5,25
1719464261677,19.5,25
1719464262657,19.7,250
1719464263078,19.7,25
1719464263633,19.85,50
1719464264262,19.85,50
1719464264602,19.9,25
1719464265676,19.8,25
1719464266651,19.75,25
1719464266871,19.65,25
1719464267614,19.6,25
1719464268072,19.9,150
1719464268640,19.85,25
1719464269474,19.9,1200
1719464269644,20.0,375
1719464270639,19.65,25
1719464270883,19.85,25
1719464271643,19.65,350
1719464271858,19.75,75
1719464272629,19.45,50
1719464273115,19.65,25
1719464273643,19.5,25
1719464274693,19.5,25
1719464275632,19.65,25
1719464275889,19.6,25
1719464285863,19.65,25
1719464286628,19.55,25
1719464287104,19.55,125
1719464287655,19.7,100
1719464288492,19.7,25
1719464288666,19.75,25
1719464289642,19.8,1050
1719464289698,19.65,75
1719464290660,19.85,25
1719464291388,20.15,75
1719464291655,20.25,25
1719464292639,20.55,50
1719464292722,20.5,25
1719464293656,20.5,100
1719464294616,20.6,75
1719464295648,20.1,25
1719464295723,20.15,25
1719464296660,20.05,50
1719464297098,19.8,25
1719464297641,19.95,250
1719464298542,20.0,25
1719464298664,19.95,175
1719464299656,20.15,125
1719464299917,20.2,25
1719464300672,19.95,25
1719464300941,19.95,25
1719464301666,19.85,75
1719464301917,19.85,200
1719464302648,19.75,100
1719464303141,20.05,25
1719464303654,20.0,325
1719464304521,20.1,25
1719464304655,20.0,225
1719464305720,20.15,475
1719464306647,19.75,50
1719464306958,19.8,100
1719464307660,20.4,50
1719464308531,20.25,25
1719464308642,20.15,25
1719464309673,20.75,25
1719464309902,20.6,50
1719464310663,20.8,25
1719464311152,20.6,25
1719464311573,20.65,250
1719464311666,20.65,75
1719464312560,20.75,50
1719464312667,20.7,75
1719464313673,20.85,25
1719464313753,21.0,25
1719464314870,21.3,25
1719464314946,21.4,25
1719464315664,21.3,25
1719464316677,21.15,25
1719464317674,21.4,25
1719464317941,21.4,125
1719464318654,21.15,225
1719464319168,21.2,25
1719464319674,21.25,250
1719464320571,21.55,25
1719464320646,21.45,25
1719464321769,21.65,25
1719464322682,21.55,25
1719464322983,21.35,25
1719464323673,22.05,1100
1719464324177,21.65,25
1719464324667,21.8,300
1719464325358,21.5,125
1719464325678,21.35,50
1719464326574,21.6,175
1719464326680,21.4,75
1719464327581,20.8,375
1719464327688,20.9,175
1719464328685,20.4,600
1719464328988,20.2,400
1719464329678,20.0,250
1719464330375,20.2,150
1719464330693,20.45,25
1719464367700,20.6,75
1719464367834,20.4,100
1719464368681,20.45,25
1719464369044,20.55,100
1719464369712,20.5,100
1719464370051,20.5,25
1719464370651,20.45,25
1719464371538,20.7,300
1719464371693,20.7,50
1719464372704,20.65,25
1719464373060,20.65,300
1719464373692,20.8,25
1719464378061,20.55,25
1719464378657,20.65,200
1719464379049,20.45,100
1719464379702,20.45,100
1719464380061,20.25,25
1719464380647,20.4,25
1719464381281,20.4,100
1719464381696,20.4,25
1719464382640,20.25,150
1719464382718,20.65,25
1719464383707,20.25,25
1719464383835,20.15,25
1719464384709,19.8,100
1719464385251,19.9,25
1719464385711,19.65,25
1719464386707,19.6,25
1719464387721,19.85,25
1719464387871,19.8,25
1719464388703,19.8,25
1719464389485,19.9,50
1719464389678,19.95,25
1719464390693,20.05,225
1719464390886,20.25,275
1719464391720,20.2,325
1719464391880,20.25,125
1719464392699,20.15,25
1719464393069,20.15,25
1719464393715,20.3,150
1719464394283,20.45,25
1719464394724,20.15,100
1719464395705,20.1,150
1719464396726,20.2,25
1719464396793,20.15,100
1719464398088,20.7,25
1719464398718,20.55,525
1719464399494,20.25,325
1719464399719,20.25,150
1719464400724,19.9,25
1719464400882,19.85,25
1719464401595,19.8,100
1719464401717,19.9,1525
1719464402104,19.45,50
1719464402925,19.5,750
1719464403492,19.9,125
1719464403703,19.9,75
1719464404720,20.05,400
1719464405724,20.35,25
1719464406100,20.55,125
1719464406735,20.65,450
1719464407299,20.3,75
1719464407710,20.25,100
1719464408723,20.25,25
1719464409724,20.25,25
1719464409917,20.4,325
1719464410731,20.05,25
1719464411303,20.0,25
1719464411687,20.1,25
1719464412719,19.75,75
1719464413687,19.8,150
1719464413911,19.85,25
1719464414704,19.8,200
1719464415106,19.85,300
1719464415700,20.0,200
1719464416095,19.95,25
1719464416700,19.95,500
1719464417117,20.0,250
1719464417714,20.15,25
1719464418509,20.1,25
1719464418741,20.15,25
1719464419741,20.55,25
1719464420722,20.3,75
1719464420912,20.35,75
1719464421707,20.15,50
1719464422130,20.15,25
1719464422726,20.15,25
1719464423277,20.3,25
1719464423735,20.15,200
1719464424315,20.25,100
1719464424743,20.3,25
1719464425703,20.4,25
1719464425909,20.5,25
1719464426687,20.6,75
1719464427105,20.3,25
1719464427748,20.2,25
1719464428747,20.3,250
1719464429714,20.25,25
1719464430337,20.2,100
1719464430700,20.1,50
1719464431721,20.3,25
1719464431911,20.15,300
1719464432749,20.25,100
1719464433335,20.15,25
1719464433938,20.2,750
1719464434724,20.45,50
1719464435739,20.55,375
1719464436137,20.45,25
1719464436733,20.35,725
1719464437720,20.7,25
1719464438729,20.9,100
1719464439136,20.85,25
1719464439719,20.7,25
1719464440517,20.9,150
1719464440745,21.0,25
1719464441742,21.05,25
1719464442148,21.0,350
1719464442730,20.85,50
1719464443750,20.7,25
1719464443933,20.5,175
1719464444724,20.4,25
1719464445324,20.35,25
1719464445736,20.4,25
1719464446754,20.45,250
1719464446958,20.4,50
1719464447741,20.15,25
1719464448372,20.3,350
1719464448762,20.45,350
1719464449728,20.25,25
1719464450114,20.45,250
1719464450728,20.4,25
1719464451777,20.55,50
1719464453363,20.45,50
1719464453750,20.05,250
1719464466766,19.2,25
1719464467801,19.15,50
1719464468755,19.15,25
1719464469398,19.5,100
1719464469707,19.55,25
1719464470728,19.5,125
1719464471002,19.65,75
1719464471730,19.75,250
1719464472605,19.6,50
1719464472771,19.6,200
1719464473763,19.6,25
1719464474009,19.85,25
1719464474734,19.9,425
1719464475208,19.8,1000
1719464475726,19.85,200
1719464476571,19.65,175
1719464477775,19.4,75
1719464477996,19.5,75
1719464478779,19.3,100
1719464479150,19.35,300
1719464479733,19.25,225
1719464492734,19.05,150
1719464493227,19.0,100
1719464508844,19.15,50
1719464509857,19.2,25
1719464510785,18.95,25
1719464511063,19.0,25
1719464511746,19.1,550
1719464512246,19.15,50
1719464512772,19.05,25
1719464513469,18.85,550
1719464513781,18.95,25
1719464514776,19.0,25
1719464514850,19.0,50
1719464515786,18.9,25
1719464516046,19.0,25
1719464516764,18.95,25
1719464517259,18.9,25
1719464517785,18.8,25
1719464518869,18.85,25
1719464519792,18.9,150
1719464520251,18.85,25
1719464520749,18.9,500
1719464521608,18.6,75
1719464521790,18.5,25
1719464522858,17.75,50
1719464523015,17.7,425
1719464523802,17.65,125
1719464524462,17.2,150
1719464524804,17.5,150
1719464525799,17.8,500
1719464526074,17.85,100
1719464526790,18.0,25
1719464527682,18.25,25
1719464527799,18.2,250
1719464528759,18.3,25
1719464529487,18.25,25
1719464529792,18.3,100
1719464530789,17.85,200
1719464530897,17.95,25
1719464531781,18.15,25
1719464532268,18.2,75
1719464532808,18.05,1250
1719464533701,18.0,75
1719464533802,17.95,975
1719464534819,17.85,25
1719464535098,17.8,100
1719464535777,17.85,25
1719464536673,17.9,250
1719464536718,17.95,50
1719464537808,17.85,25
1719464538290,17.7,25
1719464538758,17.75,25
1719464539693,17.95,225
1719464539783,17.9,150
1719464540736,17.7,100
1719464541096,17.7,700
1719464541792,17.6,225
1719464542698,17.75,25
1719464542808,17.65,50
1719464543817,17.35,200
1719464544298,17.35,25
1719464544797,17.45,600
1719464545700,17.0,800
1719464545805,16.9,100
1719464546988,16.9,25
1719464547121,17.15,50
1719464547799,16.85,200
1719464548717,16.75,50
1719464548823,16.75,100
1719464549918,16.85,25
1719464550815,16.4,25
1719464551596,16.2,75
1719464551809,16.45,50
1719464552791,16.45,25
1719464552922,16.35,25
1719464553810,16.5,200
1719464554326,16.65,25
1719464554807,16.5,100
1719464555513,16.75,100
1719464555831,17.0,1500
1719464556817,16.75,25
1719464557323,16.65,25
1719464557822,16.75,75
1719464558528,16.9,25
1719464558799,16.9,100
1719464559817,16.7,50
1719464559947,16.8,300
1719464560813,16.9,25
1719464561325,16.85,100
1719464561784,16.85,225
1719464562811,16.85,400
1719464563822,16.75,25
1719464564141,16.7,25
1719464564809,16.55,50
1719464565334,16.3,75
1719464565797,16.45,25
1719464566815,16.45,75
1719464567115,16.4,25
1719464567842,16.3,50
1719464568799,16.35,1350
1719464569797,16.45,25
1719464570338,16.3,225
1719464570792,16.5,50
1719464571550,16.45,25
1719464571779,16.55,100
1719464572763,16.45,125
1719464572829,16.45,175
1719464573816,16.65,50
1719464574349,16.6,50
1719464575036,16.65,25
1719464575823,16.45,25
1719464575920,16.45,1200
1719464576753,16.45,50
1719464577554,16.7,25
1719464577797,16.65,475
1719464586827,16.6,25
1719464587377,16.45,25
1719464588014,16.5,325
1719464588744,16.2,50
1719464588838,16.05,275
1719464589828,15.8,25
1719464590583,15.7,25
1719464590827,15.3,25
1719464592047,14.75,25
1719464592190,14.5,75
1719464592831,14.7,50
1719464593829,14.45,150
1719464595046,15.0,50
1719464595591,14.8,25
1719464595838,14.75,100
1719464596846,14.8,25
1719464597193,14.9,25
1719464597820,14.75,200
1719464598842,14.65,50
1719464600024,14.25,25
1719464600591,14.1,75
1719464600846,13.7,825
1719464601845,12.9,100
1719464602213,12.75,525
1719464603038,12.7,50
1719464603835,12.8,25
1719464604844,12.95,25
1719464605615,12.65,25
1719464605836,12.7,25
1719464607038,12.05,50
1719464607191,12.0,25
1719464608053,11.7,25
1719464608837,11.9,25
1719464610046,10.9,25
1719464610610,10.95,50
1719464610861,10.7,75
1719464611615,10.35,50
1719464611857,9.95,25
1719464611882,9.85,25
1719464611941,9.7,50
1719464611941,9.7,50
1719464611941,9.7,50
1719464626856,11.55,25
1719464627243,11.5,25
1719464627845,11.25,25
1719464628849,11.8,25
1719464629844,12.2,25
1719464630447,12.25,25
1719464631061,12.2,25
1719464631855,12.05,150
1719464632226,12.1,100
1719464632859,12.0,75
1719464633858,11.55,250
1719464635059,11.25,250
1719464635444,11.35,700
1719464635872,11.0,925
1719464636867,10.6,75
1719464637053,10.7,75
1719464638071,11.0,50
1719464638854,10.75,75
1719464639831,11.1,25
1719464640466,11.0,125
1719464640876,11.1,275
1719464641605,11.1,100
1719464641864,11.2,50
1719464642069,11.1,100
1719464643061,11.55,25
1719464643858,11.5,50
1719464643858,11.5,50
1719464644854,11.65,25
1719464645283,11.8,800
1719464645860,11.75,25
1719464646856,12.3,25
1719464647063,12.15,150
1719464647864,12.15,50
1719464648492,12.4,25
1719464648858,12.45,25
1719464650080,12.1,25
1719464650877,12.05,400
1719464651458,11.8,25
1719464651863,11.7,100
1719464652872,11.95,100
1719464653289,12.05,100
1719464654080,11.7,100
1719464654675,11.6,100
1719464654875,11.75,75
1719464655839,11.75,325
1719464656063,11.7,75
1719464656859,11.4,100
1719464657487,11.45,75
1719464657878,11.45,25
1719464658886,11.65,50
1719464659884,11.75,25
1719464660290,12.1,25
1719464660875,12.1,25
1719464661897,11.95,25
1719464662065,11.95,475
1719464662873,12.05,25
1719464663458,11.7,25
1719464663871,11.8,600
1719464664872,11.3,400
1719464665110,11.2,175
1719464666077,11.6,1250
1719464666508,11.55,175
1719464666886,11.6,50
1719464667879,11.65,25
1719464668883,11.4,200
1719464669305,11.35,25
1719464669852,11.5,200
1719464670290,11.6,75
1719464670873,11.95,50
1719464671605,12.05,25
1719464671901,12.05,25
1719464672887,12.15,25
1719464673511,12.2,25
1719464674070,12.1,50
1719464674732,12.1,50
1719464674862,12.1,50
1719464675865,12.15,1800
1719464676306,11.95,525
1719464676876,12.1,25
1719464677519,12.2,450
1719464677878,12.1,50
1719464678912,11.8,250
1719464679870,11.85,25
1719464680123,11.8,100
1719464680873,11.65,25
1719464681322,11.7,75
1719464681872,11.9,25
1719464682507,11.95,25
1719464682865,11.9,75
1719464683726,11.8,25
1719464683872,11.9,100
1719464684891,12.05,25
1719464685335,11.95,100
1719464685884,12.1,100
1719464686732,12.0,100
1719464686854,12.0,50
1719464687876,11.65,75
1719464688339,11.75,600
1719464688904,12.05,75
1719464689713,11.95,125
1719464689869,11.95,25
1719464690897,11.75,250
1719464691149,11.6,50
1719464691880,11.5,25
1719464692548,11.55,250
1719464692882,11.6,25
1719464693889,11.55,650
1719464694115,11.45,50
1719464694890,11.45,50
1719464695765,11.4,25
1719464696106,11.25,75
1719464702343,10.3,50
1719464702888,10.4,25
1719464703940,10.45,425
1719464704897,10.35,75
1719464705884,10.6,50
1719464708912,10.6,50
1719464708965,10.5,50
1719464709908,10.75,200
1719464710573,10.9,1375
1719464710905,10.75,25
1719464711921,10.9,100
1719464712181,10.95,25
1719464713102,11.05,25
1719464713904,11.15,50
1719464713949,11.15,25
1719464714900,11.35,25
1719464715585,11.45,125
1719464715911,11.5,200
1719464716930,11.4,200
1719464717178,11.45,25
1719464717888,11.45,50
1719464718580,11.4,100
1719464718915,11.45,75
1719464719908,11.4,50
1719464720164,11.5,25
1719464720904,11.55,150
1719464721799,11.25,75
1719464722109,11.15,25
1719464722871,11.1,475
1719464723371,10.9,50
1719464723884,11.0,25
1719464724920,11.25,300
1719464725205,11.3,100
1719464725920,10.95,125
1719464726388,11.1,100
1719464726925,11.2,250
1719464727898,11.05,150
1719464727986,11.1,25
1719464728912,11.0,75
1719464729605,11.1,75
1719464729932,11.2,75
1719464730924,11.4,50
1719464730998,11.4,75
1719464731595,11.3,800
1719464731917,11.3,450
1719464732616,11.2,175
1719464732917,11.2,250
1719464733868,11.5,100
1719464734192,11.5,350
1719464735126,11.35,350
1719464735392,11.4,25
1719464735918,11.25,75
1719464736604,11.3,75
1719464737968,11.25,25
1719464738925,11.65,625
1719464739606,11.4,75
1719464741013,11.5,300
1719464741942,11.65,25
1719464742608,11.4,75
1719464742911,11.5,25
1719464743913,11.55,50
1719464744202,11.6,150
1719464744928,11.55,100
1719464745619,11.45,25
1719464745917,11.45,250
1719464747014,11.6,25
1719464747927,11.6,25
1719464748439,11.6,75
1719464748882,11.6,50
1719464749835,11.8,400
1719464749932,11.65,25
1719464751431,11.65,25
1719464751920,11.45,25
1719464752841,11.45,100
1719464752923,11.55,125
1719464753923,11.7,1075
1719464754446,11.7,50
1719464754907,11.6,25
1719464755521,11.75,450
1719464756128,11.9,25
1719464756935,12.1,25
1719464757233,11.9,75
1719464757940,11.95,25
1719464758623,11.95,225
1719464758936,11.9,100
1719464775642,11.8,400
1719464775944,11.9,25
1719464776948,11.75,25
1719464777073,11.55,75
1719464777928,11.65,1000
1719464778456,11.65,25
1719464778949,11.65,75
1719464779595,11.65,125
1719464779944,11.7,75
1719464781952,11.75,50
1719464782468,11.65,100
1719464782942,11.75,100
1719464783934,11.75,50
1719464784948,11.9,250
1719464785880,11.75,25
1719464786216,11.8,25
1719464787162,12.4,25
1719464787953,12.3,25
1719464788932,12.25,300
1719464789459,12.1,50
1719464789960,12.05,25
1719464791081,11.85,75
1719464791139,11.9,150
1719464791574,11.85,25
1719464791894,11.85,25
1719464792498,11.75,25
1719464809462,12.1,500
1719464809939,12.05,225
1719464810958,11.8,75
1719464811070,11.9,25
1719464811959,11.75,25
1719464812445,11.65,25
1719464812960,11.6,25
1719464813914,11.7,575
1719464813963,11.8,25
1719464814905,11.85,75
1719464815698,11.9,425
1719464815985,12.0,100
1719464816934,11.85,400
1719464817298,11.8,125
1719464817907,11.95,75
1719464818942,11.8,150
1719464819965,11.9,250
1719464820708,11.7,100
1719464820957,11.8,1200
1719464821593,11.75,25
1719464821944,11.8,500
1719464822318,12.25,75
1719464822967,12.15,1400
1719464823988,11.85,100
1719464824907,11.85,100
1719464825734,11.8,25
1719464825968,11.85,50
1719464826977,11.7,25
1719464827344,11.65,75
1719464827977,11.7,75
1719464828945,12.0,75
1719464828974,12.1,25
1719464829980,12.25,75
1719464830555,12.6,25
1719464830977,12.55,25
1719464831959,12.55,25
1719464832156,12.45,50
1719464832984,12.8,50
1719464833734,12.6,125
1719464833962,12.55,50
1719464834979,12.4,925
1719464835532,12.45,25
1719464835996,12.05,650
1719464837170,12.1,1000
1719464837966,12.25,25
1719464838758,12.2,1625
1719464838976,12.2,100
1719464839924,12.5,250
1719464840911,12.45,550
1719464841562,12.4,50
1719464841988,12.35,1600
1719464842976,12.3,25
1719464844181,12.55,75
1719464844536,12.45,50
1719464844984,12.65,500
1719464845968,12.65,75
1719464846191,12.6,25
1719464846984,12.7,25
1719464847947,12.5,525
1719464848971,12.55,25
1719464849379,12.65,25
1719464850001,12.7,100
1719464850998,12.65,50
1719464851177,12.55,250
1719464851600,12.55,75
1719464851996,12.65,100
