time,price,volume
1719461503576,136.0,75
1719461504423,135.95,25
1719461505230,135.5,50
1719461505230,135.5,50
1719461506692,136.05,75
1719461506692,136.05,75
1719461507165,135.8,100
1719461508448,136.0,100
1719461508448,136.0,100
1719461509620,135.3,225
1719461510164,135.65,25
1719461510164,135.65,25
1719461511287,135.5,125
1719461511781,135.15,50
1719461512443,135.2,25
1719461513562,135.8,25
1719461514398,135.05,75
1719461514398,135.05,75
1719461515825,134.7,25
1719461516625,133.5,50
1719461516625,133.5,50
1719461517253,134.8,25
1719461518468,135.15,25
1719461518468,135.15,25
1719461519311,135.8,50
1719461520158,135.25,100
1719461520428,135.55,25
1719461520428,135.55,25
1719461520869,135.0,25
1719461520869,135.0,25
1719461522764,135.95,100
1719461523428,135.4,250
1719461523950,135.55,25
1719461524839,135.75,25
1719461525259,135.55,25
1719461525514,135.75,50
1719461526621,136.45,50
1719461526954,136.7,125
1719461527617,137.45,25
1719461528581,137.15,25
1719461528648,137.65,25
1719461529669,137.05,25
1719461530254,136.5,25
1719461530254,136.5,25
1719461531547,137.25,125
1719461531949,137.3,25
1719461532746,136.8,25
1719461533835,136.7,25
1719461534034,136.7,25
1719461535250,136.8,25
1719461535630,136.85,50
1719461536520,136.8,25
1719461536798,136.85,25
1719461537464,136.8,25
1719461537768,136.25,150
1719461538634,136.7,25
1719461539315,136.8,75
1719461540351,137.35,25
1719461540629,137.75,25
1719461541212,137.75,25
1719461541716,137.4,50
1719461542412,137.3,25
1719461543076,137.65,25
1719461543076,137.65,25
1719461544623,138.15,100
1719461544894,138.2,50
1719461545535,138.7,75
1719461546588,139.0,200
1719461546698,139.0,25
1719461547571,137.9,100
1719461548638,136.7,175
1719461548783,137.2,225
1719461549548,137.9,25
1719461550367,137.3,50
1719461550367,137.3,50
1719461550367,137.3,50
1719461551635,137.9,25
1719461551635,137.9,25
1719461551635,137.9,25
1719461553615,138.05,25
1719461553615,138.05,25
1719461554652,137.55,100
1719461555205,137.5,75
1719461555205,137.5,75
1719461556570,137.85,75
1719461556763,137.85,250
1719461557409,137.4,25
1719461558590,137.4,325
1719461558590,137.4,325
1719461559776,137.3,25
1719461559776,137.3,25
1719461560508,137.55,25
1719461561585,137.6,50
1719461561943,137.8,25
1719461562468,138.0,25
1719461563306,139.05,25
1719461563306,139.05,25
1719461564837,139.2,25
1719461565385,139.75,100
1719461565516,139.45,50
1719461566104,138.5,225
1719461566782,139.2,150
1719461567405,139.1,50
1719461568295,139.35,25
1719461568295,139.35,25
1719461569847,139.2,25
1719461569847,139.2,25
1719461570512,139.2,25
1719461571573,138.35,25
1719461571573,138.35,25
1719461572595,138.2,50
1719461573550,139.0,100
1719461573550,139.0,100
1719461574645,139.15,25
1719461575137,138.7,25
1719461575137,138.7,25
1719461576637,138.0,100
1719461576637,138.0,100
1719461577573,138.05,25
1719461577573,138.05,25
1719461579062,138.45,50
1719461579619,138.35,25
1719461580066,138.15,25
1719461580600,138.05,200
1719461581629,138.0,100
1719461581629,138.0,100
1719461582813,137.65,50
1719461583171,137.95,50
1719461583800,138.05,50
1719461584597,138.3,50
1719461585048,138.65,25
1719461585841,139.0,50
1719461586222,139.0,200
1719461586930,139.05,25
1719461586930,139.05,25
1719461588441,139.15,25
1719461588441,139.15,25
1719461589635,139.3,150
1719461590065,139.3,75
1719461590560,139.4,75
1719461591545,139.35,100
1719461591545,139.35,100
1719461592592,140.0,25
1719461593831,139.25,50
1719461594458,139.2,100
1719461595256,139.2,25
1719461595464,138.95,250
1719461595826,139.05,50
1719461595826,139.05,50
1719461597691,139.05,25
1719461598621,138.7,75
1719461598806,139.15,25
1719461599347,139.15,25
1719461600319,138.6,100
1719461600319,138.6,100
1719461601477,138.25,200
1719461601851,138.65,25
1719461602816,138.95,150
1719461603184,139.0,25
1719461603184,139.0,25
1719461604620,139.65,50
1719461605383,139.0,100
1719461605586,138.45,100
1719461606472,138.05,75
1719461606779,138.8,100
1719461607476,138.9,25
1719461607724,139.45,25
1719461607724,139.45,25
1719461609552,139.1,50
1719461610464,139.3,25
1719461610464,139.3,25
1719461611609,138.6,25
1719461611609,138.6,25
1719461612400,138.8,25
1719461613653,139.15,25
1719461613787,139.25,50
1719461614588,138.95,25
1719461615368,139.5,650
1719461615584,139.35,25
1719461615974,138.95,50
1719461617017,139.5,125
1719461617584,139.2,25
1719461618145,139.5,75
1719461618877,139.45,50
1719461618877,139.45,50
1719461620366,139.05,100
1719461620654,138.95,25
1719461621786,138.7,25
1719461622046,138.45,25
1719461622297,138.3,50
1719461623203,138.4,25
1719461623767,138.4,25
1719461624756,137.65,25
1719461625369,137.05,200
1719461625369,137.05,200
1719461626394,137.55,100
1719461626880,137.85,25
1719461627879,137.05,25
1719461628074,136.7,25
1719461628883,136.85,25
1719461628983,137.15,50
1719461630422,137.05,25
1719461630565,137.0,25
1719461631548,137.35,25
1719461631984,138.15,25
1719461632403,137.15,25
1719461633853,137.25,75
1719461634468,137.3,25
1719461634468,137.3,25
1719461636484,137.45,25
1719461636603,137.5,25
1719461636978,137.1,25
1719461637400,137.25,25
1719461638658,137.6,25
1719461638658,137.6,25
1719461638973,138.15,25
1719461640363,137.55,75
1719461640363,137.55,75
1719461641429,137.85,25
1719461642022,138.4,25
1719461642022,138.4,25
1719461643840,138.05,25
1719461644839,137.75,25
1719461645096,138.2,100
1719461645689,138.35,25
1719461646080,138.4,25
1719461647020,137.95,25
1719461647608,137.8,25
1719461647799,138.35,25
1719461648737,137.75,100
1719461649689,137.95,25
1719461650271,138.15,50
1719461650649,138.1,25
1719461651669,137.75,75
1719461652112,137.85,25
1719461652556,137.55,25
1719461653825,137.1,25
1719461653825,137.1,25
1719461654327,136.7,25
1719461654995,137.0,25
1719461654995,137.0,25
1719461656635,136.95,50
1719461657131,137.0,75
1719461657654,136.85,25
1719461658324,137.6,25
1719461658717,138.1,25
1719461659273,138.05,100
1719461659999,138.2,25
1719461660594,138.05,50
1719461661670,138.5,225
1719461662110,138.9,300
1719461662901,139.5,25
1719461663689,139.95,25
1719461663922,139.35,25
1719461664645,139.1,25
1719461665552,138.85,100
1719461665552,138.85,100
1719461666695,138.25,25
1719461667110,138.2,25
1719461667110,138.2,25
1719461668614,137.55,25
1719461668816,137.7,25
1719461669295,137.9,200
1719461670545,137.55,25
1719461670618,137.9,25
1719461671587,137.55,25
1719461672007,137.55,300
1719461672673,137.65,375
1719461673130,137.75,25
1719461673130,137.75,25
1719461674201,138.15,50
1719461675512,138.0,75
1719461675512,138.0,75
1719461676578,137.4,125
1719461676849,137.6,250
1719461677656,137.05,25
1719461678628,138.0,25
1719461678912,138.1,25
1719461679635,138.2,75
1719461680337,138.55,225
1719461680337,138.55,225
1719461681337,138.2,50
1719461682135,137.4,300
1719461682662,137.7,75
1719461683561,137.0,150
1719461683922,136.85,25
1719461684576,136.9,125
1719461685179,137.0,25
1719461685179,137.0,25
1719461686528,136.85,50
1719461686977,137.25,25
1719461687597,137.15,100
1719461688545,137.4,100
1719461688825,137.7,100
1719461689577,137.1,100
1719461689577,137.1,100
1719461690678,137.0,725
1719461690860,136.95,25
1719461691947,136.7,75
1719461692658,137.2,100
1719461693606,137.5,25
1719461693606,137.5,25
1719461694498,137.0,25
1719461695240,136.75,25
1719461696642,137.0,50
1719461696642,137.0,50
1719461697586,136.75,25
1719461698676,137.65,175
1719461698813,138.1,350
1719461699628,138.1,100
1719461700550,137.2,25
1719461700550,137.2,25
1719461701687,136.1,50
1719461702146,136.05,25
1719461702652,135.75,25
1719461703521,136.15,25
1719461703784,136.25,300
1719461704513,136.15,25
1719461705593,137.55,25
1719461705593,137.55,25
1719461706557,137.7,25
1719461706855,137.6,25
1719461707803,138.65,25
1719461708475,138.15,100
1719461708475,138.15,100
1719461709733,138.1,25
1719461710114,137.7,25
1719461710699,137.35,50
1719461711208,136.8,200
1719461712150,137.35,25
1719461712150,137.35,25
1719461713584,137.6,75
1719461713584,137.6,75
1719461714456,137.6,25
1719461714947,137.6,25
1719461715543,138.0,25
1719461716599,137.65,25
1719461717202,137.55,100
1719461717202,137.55,100
1719461718484,137.55,75
1719461719150,137.1,25
1719461720372,135.85,25
1719461720372,135.85,25
1719461721868,135.8,50
1719461722170,136.05,125
1719461722536,136.65,75
1719461723391,136.65,25
1719461723391,136.65,25
1719461748758,133.0,100
1719461748758,133.0,100
1719461749609,133.15,25
1719461750300,132.9,25
1719461750640,132.85,200
1719461751905,132.15,25
1719461751905,132.15,25
1719461752705,132.1,25
1719461753770,131.95,25
1719461754691,132.85,50
1719461755499,131.9,50
1719461755533,132.45,100
1719461756506,132.15,225
1719461757085,132.2,25
1719461757575,132.85,500
1719461758883,132.2,200
1719461759572,132.9,175
1719461760490,132.75,75
1719461760490,132.75,75
1719461760725,132.6,100
1719461761734,132.8,50
1719461762286,131.9,25
1719461762702,131.75,25
1719461763647,132.3,25
1719461763781,132.5,150
1719461764575,131.6,25
1719461765495,132.1,25
1719461765774,132.4,100
1719461766063,132.05,50
1719461767164,132.2,25
1719461767844,132.0,25
1719461768621,132.45,50
1719461768893,132.4,25
1719461769427,132.0,100
1719461770473,132.1,100
1719461770473,132.1,100
1719461771948,132.5,50
1719461772258,133.45,25
1719461772632,132.65,100
1719461773372,132.75,100
1719461773922,132.8,50
1719461774811,133.2,225
1719461775332,132.9,50
1719461775963,132.95,50
1719461776917,133.15,125
1719461776917,133.15,125
1719461777408,133.25,250
1719461778632,133.0,50
1719461778902,133.0,25
1719461779593,133.15,25
1719461780390,133.2,400
1719461780390,133.2,400
1719461781584,132.85,50
1719461782313,132.4,225
1719461782772,132.9,25
1719461783767,132.5,100
1719461783937,132.6,25
1719461784519,132.3,25
1719461785491,132.85,50
1719461785672,132.5,75
1719461786853,131.0,100
1719461787354,131.15,25
1719461788170,130.55,25
1719461788654,130.25,25
1719461788654,130.25,25
1719461789671,130.75,50
1719461790355,130.45,250
1719461790355,130.45,250
1719461790355,130.45,250
1719461791732,131.3,300
1719461792158,131.1,25
1719461792937,131.95,100
1719461793782,131.4,25
1719461794685,131.6,75
1719461795512,131.3,25
1719461795665,131.7,25
1719461796862,131.65,50
1719461797073,131.95,50
1719461797585,131.65,25
1719461798786,131.0,50
1719461798905,130.95,275
1719461799558,131.35,100
1719461800567,131.35,150
1719461800714,131.25,25
1719461801748,131.1,25
1719461802001,131.5,25
1719461802992,131.35,25
1719461803503,131.2,25
1719461803951,130.85,25
1719461804953,131.45,25
1719461805416,131.7,25
1719461805735,131.6,25
1719461806606,131.1,225
1719461806853,131.35,75
1719461807614,131.2,25
1719461808750,131.15,475
1719461808750,131.15,475
1719461810125,132.3,25
1719461810373,131.3,75
1719461810801,131.25,50
1719461811801,131.35,50
1719461812384,131.7,25
1719461812428,131.35,25
1719461813878,131.65,50
1719461814360,131.6,25
1719461815472,132.05,150
1719461815718,131.85,150
1719461816430,132.15,450
1719461817133,133.0,50
1719461817626,132.6,50
1719461818584,132.5,300
1719461818944,132.55,25
1719461819677,132.8,275
1719461819925,132.9,25
1719461820907,132.8,25
1719461821388,132.8,25
1719461822194,132.9,75
1719461822616,132.95,50
1719461823571,132.8,25
1719461823835,132.85,25
1719461824378,132.95,300
1719461825430,132.95,75
1719461825719,132.9,50
1719461826731,133.5,300
1719461827261,133.35,100
1719461827640,133.6,25
1719461828200,133.4,25
1719461828852,133.7,25
1719461829798,133.5,50
1719461830283,133.5,600
1719461830767,133.8,25
1719461831695,133.75,25
1719461832403,133.4,25
1719461832648,133.2,25
1719461833886,132.85,25
1719461834348,132.55,200
1719461835589,131.55,250
1719461835656,131.95,25
1719461835656,131.95,25
1719461837631,133.0,175
1719461838568,133.4,50
1719461838964,133.85,25
1719461839590,134.1,25
1719461840550,134.05,25
1719461841003,134.25,75
1719461841683,134.2,300
1719461842187,134.85,25
1719461842187,134.85,25
1719461843682,134.15,200
1719461843882,134.25,25
1719461844071,134.5,225
1719461845507,134.4,50
1719461845507,134.4,50
1719461846362,134.3,100
1719461847317,134.35,200
1719461847733,133.85,25
1719461848660,133.95,25
1719461848660,133.95,25
1719461849650,134.3,25
1719461850604,134.7,325
1719461850657,134.45,25
1719461851723,134.7,25
1719461851723,134.7,25
1719461853061,134.6,175
1719461853061,134.6,175
1719461854764,134.95,200
1719461855556,134.8,50
1719461855556,134.8,50
1719461856516,134.45,25
1719461857126,134.05,25
1719461857766,134.8,25
1719461858641,135.0,350
1719461858641,135.0,350
1719461859652,134.85,25
1719461860454,135.35,275
1719461860778,135.45,25
1719461861596,135.05,50
1719461861890,134.55,25
1719461862571,134.65,100
1719461862571,134.65,100
1719461864559,135.0,350
1719461865005,134.95,25
1719461865598,134.8,25
1719461865746,134.75,25
1719461867017,134.6,200
1719461867449,134.85,75
1719461867449,134.85,75
1719461868750,135.0,75
1719461868985,134.8,50
1719461869332,135.35,225
1719461870651,135.5,25
1719461870824,135.35,25
1719461871639,135.6,125
1719461872337,135.75,250
1719461872337,135.75,250
1719461874013,135.9,275
1719461874220,135.95,25
1719461874589,136.0,25
1719461875270,136.15,225
1719461875270,136.15,225
1719461876878,136.2,50
1719461877389,136.4,25
1719461877389,136.4,25
1719461878756,136.35,25
1719461878932,136.4,125
1719461879353,136.4,150
1719461880117,136.35,25
1719461881006,136.25,25
1719461881830,136.45,25
1719461882343,136.7,25
1719461883018,136.5,25
1719461883590,136.5,75
1719461884596,136.3,150
1719461885222,136.0,50
1719461885759,136.2,25
1719461886621,135.75,125
1719461887459,136.0,100
1719461887459,136.0,100
1719461888795,136.25,100
1719461888795,136.25,100
1719461889818,136.2,275
1719461890081,136.35,50
1719461891758,136.7,25
1719461892411,136.55,175
1719461892873,137.0,50
1719461893664,137.05,25
1719461893664,137.05,25
1719461894741,136.95,25
1719461895133,137.0,100
1719461896667,136.7,225
1719461896667,136.7,225
1719461897890,136.9,125
1719461898264,136.9,400
1719461898899,137.0,25
1719461899475,136.95,50
1719461900745,136.7,25
1719461901837,136.25,50
1719461901972,135.6,75
1719461902523,136.0,25
1719461903476,135.45,150
1719461904088,135.8,200
1719461904471,136.05,25
1719461905618,135.95,100
1719461905886,136.25,25
1719461906504,136.95,25
1719461907385,136.95,200
1719461907385,136.95,200
1719461907385,136.95,200
1719461909638,136.8,25
1719461909663,136.9,250
1719461910332,136.95,100
1719461910769,137.0,50
1719461910769,137.0,50
1719461911324,138.0,50
1719461912390,137.35,25
1719461912390,137.35,25
1719461913848,136.9,25
1719461913848,136.9,25
1719461914807,137.55,25
1719461915590,137.4,25
1719461916582,138.0,25
1719461917373,137.65,25
1719461917373,137.65,25
1719461918397,137.35,50
1719461919083,137.2,100
1719461919718,137.65,25
1719461920713,137.45,25
1719461920713,137.45,25
1719461921206,136.9,25
1719461922339,136.55,25
1719461922339,136.55,25
1719461923842,136.9,25
1719461924123,136.5,200
1719461924622,136.85,25
1719461925904,136.05,50
1719461926734,136.2,250
1719461927525,136.45,25
1719461927846,136.3,50
1719461928638,136.25,100
1719461929156,136.35,25
1719461929842,136.8,25
1719461930768,135.9,50
1719461931704,136.55,100
1719461932553,136.25,25
1719461932553,136.25,25
1719461933796,136.5,25
1719461933923,136.8,25
1719461933923,136.8,25
1719461935951,136.1,25
1719461935951,136.1,25
1719461936583,137.0,25
1719461937386,137.15,25
1719461937709,136.85,25
1719461938535,136.95,75
1719461939077,136.95,50
1719461939754,136.35,200
1719461940269,136.35,25
1719461940804,135.9,50
1719461940996,135.65,50
1719461941499,136.1,25
1719461942265,136.3,25
1719461942265,136.3,25
1719461942913,136.5,75
1719461944109,136.35,25
1719461944508,136.45,50
1719461944508,136.45,50
1719461944508,136.45,50
1719461948081,135.5,100
1719461948319,135.5,25
1719461948319,135.5,25
1719461949249,135.55,50
1719461950798,135.25,25
1719461951809,135.35,25
1719461952547,135.1,25
1719461952547,135.1,25
1719461953557,135.2,25
1719461954130,135.1,150
1719461954868,135.15,25
1719461954923,135.7,25
1719461954923,135.7,25
1719461956636,135.15,25
1719461957580,135.3,25
1719461957868,135.0,50
1719461958867,134.35,25
1719461959166,133.85,25
1719461960024,133.8,25
1719461960792,133.05,25
1719461960818,133.3,25
1719461961827,131.85,25
1719461962431,132.7,25
1719461962666,132.7,25
1719461963838,132.05,25
1719461964172,132.7,25
1719461964172,132.7,25
1719461965737,132.7,25
1719461966081,132.65,25
1719461966814,133.15,25
1719461967420,132.75,25
1719461967420,132.75,25
1719461968007,133.4,25
1719461969036,133.25,100
1719461969627,133.0,50
1719461970559,132.8,25
1719461970658,132.95,25
1719461970658,132.95,25
1719461971805,132.5,200
1719461972128,132.15,275
1719461972818,132.55,25
1719461973559,132.8,25
1719461974074,133.35,25
1719461974677,132.95,150
1719461975625,133.45,150
1719461975990,133.0,50
1719461976860,133.05,50
1719461977463,133.3,25
1719461977900,133.0,25
1719461978854,133.65,25
1719461979037,133.5,75
1719461979794,133.45,25
1719461980842,133.5,25
1719461981798,133.25,25
1719461982599,133.0,25
1719461983020,132.4,25
1719461983792,132.4,25
1719461984236,132.0,25
1719461984892,131.75,25
1719461985575,132.25,25
1719461985575,132.25,25
1719461986613,131.85,250
1719461987306,131.95,25
1719461987857,132.45,25
1719461988560,132.4,25
1719461988560,132.4,25
1719461989622,132.35,25
1719461990648,132.4,25
1719461991421,132.25,150
1719461992605,132.3,25
1719461992861,132.35,25
1719461993796,132.35,25
1719461993796,132.35,25
1719461994983,132.3,100
1719461995808,132.05,25
1719461995808,132.05,25
1719461996884,132.8,25
1719461997450,132.85,25
1719461997715,132.6,25
1719461998770,132.7,25
1719461999219,132.5,25
1719462000079,132.65,25
1719462000373,132.8,175
1719462000767,132.35,25
1719462001884,131.7,25
1719462002401,131.45,25
1719462002401,131.45,25
1719462003893,131.95,150
1719462004232,131.8,25
1719462005006,131.75,25
1719462005668,131.6,25
1719462006076,131.8,25
1719462007608,130.95,50
1719462007608,130.95,50
1719462008800,130.5,100
1719462009082,130.6,25
1719462009751,130.6,125
1719462010638,130.7,50
1719462010867,130.75,25
1719462011982,131.55,25
1719462012352,131.35,25
1719462013114,130.95,25
1719462013878,131.3,25
1719462013878,131.3,25
1719462014788,131.5,300
1719462015684,130.65,25
1719462015928,130.7,100
1719462016833,130.95,25
1719462017087,130.85,25
1719462017969,130.4,75
1719462018884,130.05,25
1719462018989,130.45,25
1719462020030,130.25,75
1719462020695,130.7,75
1719462021109,130.55,25
1719462022239,131.8,25
1719462022515,131.7,200
1719462022752,131.95,25
1719462023597,132.25,25
1719462023952,132.1,50
1719462024886,132.55,25
1719462025652,132.5,300
1719462025823,132.4,75
1719462026455,132.1,25
1719462027348,132.5,25
1719462028041,132.7,25
1719462028716,132.25,225
1719462029128,132.0,25
1719462029814,132.35,25
1719462030494,132.2,400
1719462030494,132.2,400
1719462030749,132.2,75
1719462031182,131.7,25
1719462032272,131.65,25
1719462032272,131.65,25
1719462033401,132.1,25
1719462033401,132.1,25
1719462034750,132.0,25
1719462035738,132.15,25
1719462035738,132.15,25
1719462036745,132.05,50
1719462036745,132.05,50
1719462037864,132.5,100
1719462038665,132.55,275
1719462038665,132.55,275
1719462039485,132.05,50
1719462040679,132.0,50
1719462040679,132.0,50
1719462041508,132.6,75
1719462041508,132.6,75
1719462042822,132.9,1775
1719462043996,132.7,25
1719462044855,133.15,25
1719462045447,133.05,250
1719462045447,133.05,250
1719462045447,133.05,250
1719462047741,132.75,125
1719462047741,132.75,125
1719462049008,132.1,25
1719462049393,132.55,25
1719462050612,131.7,100
1719462050612,131.7,100
1719462051780,131.95,25
1719462052526,131.8,25
1719462052526,131.8,25
1719462052526,131.8,25
1719462054645,132.2,25
1719462055029,131.9,25
1719462055029,131.9,25
1719462055956,132.15,25
1719462056273,132.55,25
1719462057352,132.75,50
1719462057352,132.75,50
1719462058697,133.0,100
1719462058697,133.0,100
1719462059635,133.0,75
1719462060201,133.05,100
1719462060201,133.05,100
1719462060201,133.05,100
1719462062097,132.35,25
1719462062097,132.35,25
1719462063444,132.55,100
1719462063894,132.9,25
1719462063894,132.9,25
1719462064739,133.55,125
1719462065735,133.6,100
1719462065879,133.3,25
1719462066601,133.2,25
1719462066601,133.2,25
1719462067919,133.35,25
1719462068921,133.15,100
1719462068921,133.15,100
1719462069390,133.4,150
1719462069390,133.4,150
1719462070870,133.15,25
1719462071379,133.3,50
1719462071379,133.3,50
1719462072771,133.0,150
1719462073017,133.5,25
1719462074081,133.05,25
1719462074081,133.05,25
1719462075689,133.4,25
1719462075942,133.05,150
1719462076942,133.35,50
1719462077016,133.3,150
1719462077016,133.3,150
1719462077016,133.3,150
1719462080360,133.1,150
1719462080730,132.8,25
1719462080886,133.1,300
1719462082028,133.35,100
1719462082280,133.5,75
1719462082839,134.45,400
1719462083491,134.0,25
1719462083491,134.0,25
1719462084408,134.15,225
1719462085506,134.1,75
1719462085873,134.35,50
1719462086540,134.15,100
1719462086540,134.15,100
1719462087803,134.0,25
1719462088680,133.6,75
1719462088680,133.6,75
1719462089288,133.6,75
1719462090503,133.5,75
1719462090503,133.5,75
1719462090503,133.5,75
1719462091348,133.8,75
1719462092125,134.1,50
1719462092817,133.75,25
1719462094083,134.55,25
1719462094906,134.7,25
1719462095791,134.15,25
1719462095791,134.15,25
1719462096569,134.2,25
1719462097416,134.0,25
1719462097882,134.3,200
1719462098960,134.0,25
1719462099922,133.45,75
1719462100743,133.7,50
1719462100866,134.0,25
1719462101963,134.0,25
1719462102065,133.8,25
1719462102870,134.05,100
1719462103889,133.8,25
1719462104217,133.9,25
1719462105000,133.7,25
1719462105773,134.0,25
1719462105944,134.0,125
1719462107011,134.15,250
1719462107226,134.15,25
1719462107502,134.0,75
1719462108747,133.1,25
1719462108747,133.1,25
1719462109686,133.0,25
1719462110677,132.5,425
1719462110677,132.5,425
1719462111970,132.8,75
1719462112147,132.7,100
1719462112843,132.15,75
1719462113168,132.0,25
1719462114208,132.85,25
1719462114208,132.85,25
1719462115131,132.3,100
1719462115865,132.6,25
1719462115865,132.6,25
1719462117953,133.2,25
1719462118418,133.15,50
1719462119241,133.95,25
1719462120162,133.7,25
1719462120557,133.65,25
1719462120579,133.7,25
1719462121182,133.65,325
1719462121854,133.75,100
1719462122305,134.1,25
1719462122953,133.95,100
1719462123413,134.3,300
1719462124976,134.05,25
1719462125586,134.1,25
1719462125586,134.1,25
1719462126607,134.15,25
1719462126607,134.15,25
1719462127526,133.8,25
1719462128452,134.0,25
1719462129246,134.25,25
1719462130145,134.1,25
1719462130381,134.05,25
1719462130381,134.05,25
1719462130381,134.05,25
1719462132983,134.45,125
1719462134046,134.15,25
1719462134046,134.15,25
1719462134871,133.55,75
1719462135521,134.0,25
1719462136972,133.75,100
1719462137430,134.35,100
1719462137430,134.35,100
1719462138862,134.8,25
1719462138862,134.8,25
1719462139784,134.9,50
1719462140695,134.65,25
1719462140695,134.65,25
1719462140695,134.65,25
1719462140695,134.65,25
1719462144457,134.9,25
1719462144730,135.05,100
1719462145870,134.8,25
1719462145870,134.8,25
1719462147007,134.5,150
1719462147432,134.0,50
1719462147432,134.0,50
1719462149140,134.35,25
1719462150284,134.2,50
1719462150441,134.3,150
1719462150441,134.3,150
1719462151466,134.7,50
1719462151466,134.7,50
1719462153179,134.95,100
1719462153892,134.85,25
1719462154068,134.55,50
1719462154832,134.75,100
1719462155780,134.35,100
1719462155780,134.35,100
1719462156984,134.8,25
1719462157301,134.3,25
1719462157301,134.3,25
1719462158568,134.7,25
1719462159278,134.5,50
1719462159851,135.05,50
1719462160691,135.2,250
1719462161849,135.15,75
1719462162312,135.25,200
1719462162952,135.05,25
1719462163880,135.35,100
1719462164137,135.1,25
1719462164804,135.5,1350
1719462165867,135.65,25
1719462165867,135.65,25
1719462166936,135.6,225
1719462167372,135.75,50
1719462167708,135.75,200
1719462168599,135.3,100
1719462169271,135.6,25
1719462169899,136.25,300
1719462170470,135.75,25
1719462170470,135.75,25
1719462172572,135.65,25
1719462172909,135.3,25
1719462174006,135.1,300
1719462174144,134.5,150
1719462175151,134.35,75
1719462175404,134.4,100
1719462176908,135.5,125
1719462176908,135.5,125
1719462177728,136.1,50
1719462178950,136.55,25
1719462179161,136.7,150
1719462179161,136.7,150
1719462180562,136.05,50
1719462180562,136.05,50
1719462180945,136.4,75
1719462181978,136.85,125
1719462182264,136.0,25
1719462182882,136.0,100
1719462182882,136.0,100
1719462184734,136.3,25
1719462185428,136.0,25
1719462185870,136.5,25
1719462185870,136.5,25
1719462186999,136.7,50
1719462187019,136.9,25
1719462187019,136.9,25
1719462188969,136.75,100
1719462188969,136.75,100
1719462189995,136.6,125
1719462190855,136.4,25
1719462191919,136.0,100
1719462192335,136.0,50
1719462192905,136.25,50
1719462193894,136.3,75
1719462194293,136.1,125
1719462195019,136.3,50
1719462195841,136.1,125
1719462195841,136.1,125
1719462196553,136.2,125
1719462196553,136.2,125
1719462198193,136.2,250
1719462198829,136.5,125
1719462199322,136.35,125
1719462199984,136.6,25
1719462200787,135.95,25
1719462200787,135.95,25
1719462201637,135.95,25
1719462202356,135.35,25
1719462203005,136.15,50
1719462203982,135.35,75
1719462204315,134.7,100
1719462204661,134.85,150
1719462205951,134.55,50
1719462206947,135.0,25
1719462207493,134.25,25
1719462208187,134.95,50
1719462208706,135.65,25
1719462208706,135.65,25
1719462209967,135.35,100
1719462210567,135.65,75
1719462210858,135.6,50
1719462210858,135.6,50
1719462212066,135.95,100
1719462212278,136.2,50
1719462212701,136.0,25
1719462213723,135.25,25
1719462213723,135.25,25
1719462214679,136.0,25
1719462215759,135.75,50
1719462217145,135.65,25
1719462217335,135.55,25
1719462217930,135.85,25
1719462218858,135.45,150
1719462219236,135.25,25
1719462219236,135.25,25
1719462220297,135.15,25
1719462221831,135.75,75
1719462221831,135.75,75
1719462223014,135.45,25
1719462223794,135.4,100
1719462223794,135.4,100
1719462224646,135.6,150
1719462225881,135.45,75
1719462226529,135.45,75
1719462227436,135.6,50
1719462228007,135.4,50
1719462228313,135.65,100
1719462228313,135.65,100
1719462230111,136.0,25
1719462230857,136.4,125
1719462232030,135.9,25
1719462232597,136.0,175
1719462232837,136.5,25
1719462233869,135.85,50
1719462234128,136.0,25
1719462234913,135.8,100
1719462234913,135.8,100
1719462236538,135.9,50
1719462236538,135.9,50
1719462237785,136.25,100
1719462238442,136.6,25
1719462239034,136.25,25
1719462239094,136.5,25
1719462240022,136.0,125
1719462240561,135.85,50
1719462241002,135.65,25
1719462241867,135.25,25
1719462242145,135.35,25
1719462242926,135.2,25
1719462243968,135.05,25
1719462244398,134.85,25
1719462244398,134.85,25
1719462245639,135.0,175
1719462247198,134.25,25
1719462247344,134.75,25
1719462247676,134.85,75
1719462249057,134.45,150
1719462249057,134.45,150
1719462249874,134.65,25
1719462251038,135.3,150
1719462251241,135.6,50
1719462252106,136.1,25
1719462252106,136.1,25
1719462253000,136.5,25
1719462253355,136.55,75
1719462254264,136.0,50
1719462255143,135.8,25
1719462255951,136.0,25
1719462256937,136.3,25
1719462257543,136.1,25
1719462257543,136.1,25
1719462258652,136.15,175
1719462259301,135.75,50
1719462259301,135.75,50
1719462260822,135.9,25
1719462261154,135.95,25
1719462262503,135.95,25
1719462263046,135.65,25
1719462263205,136.0,50
1719462263205,136.0,50
1719462264825,135.4,25
1719462265820,135.5,175
1719462265820,135.5,175
1719462266842,135.45,75
1719462267531,135.0,25
1719462267956,134.85,50
1719462269325,134.95,25
1719462270158,135.15,125
1719462270158,135.15,125
1719462270691,134.9,25
1719462271645,135.45,50
1719462271645,135.45,50
1719462273041,135.15,50
1719462273680,135.1,50
1719462274105,134.95,25
1719462274105,134.95,25
1719462276084,134.9,125
1719462276084,134.9,125
1719462277575,134.3,250
1719462277704,133.95,25
1719462277704,133.95,25
1719462279810,133.85,25
1719462280285,133.5,25
1719462280963,133.65,300
1719462282300,133.1,450
1719462282300,133.1,450
1719462283007,133.55,25
1719462283007,133.55,25
1719462284856,133.75,125
1719462285047,134.35,25
1719462285047,134.35,25
1719462286832,133.8,150
1719462286991,134.15,25
1719462286991,134.15,25
1719462288279,133.9,25
1719462288771,134.0,25
1719462288771,134.0,25
1719462290029,133.2,25
1719462291051,133.0,25
1719462291169,132.95,25
1719462292212,132.55,25
1719462292625,132.55,25
1719462292791,132.15,25
1719462293948,132.95,100
1719462294477,133.35,100
1719462294942,133.65,150
1719462295167,134.0,50
1719462297248,133.45,25
1719462297248,133.45,25
1719462299208,132.95,150
1719462299410,133.25,125
1719462299410,133.25,125
1719462300380,132.8,25
1719462300380,132.8,25
1719462301794,132.8,25
1719462302591,133.05,25
1719462302591,133.05,25
1719462303680,133.05,100
1719462304176,133.25,25
1719462304988,133.05,250
1719462305667,133.2,100
1719462305667,133.2,100
1719462307063,133.0,25
1719462307714,132.85,25
1719462308038,132.6,25
1719462308752,132.95,25
1719462309478,133.35,50
1719462309582,133.4,75
1719462310733,133.05,200
1719462312616,131.65,25
1719462312616,131.65,25
1719462313079,131.15,50
1719462314039,131.75,25
1719462314531,132.1,25
1719462314715,132.1,75
1719462316049,131.9,25
1719462317081,132.4,100
1719462317705,131.6,75
1719462317914,131.9,50
1719462318897,132.35,50
1719462319500,132.25,75
1719462320047,132.25,25
1719462320642,132.4,25
1719462320642,132.4,25
1719462322114,132.3,25
1719462322638,131.9,125
1719462322638,131.9,125
1719462324069,132.05,50
1719462324417,132.0,25
1719462324882,132.0,25
1719462325726,132.1,25
1719462325726,132.1,25
1719462326812,131.9,50
1719462327589,131.85,25
1719462327589,131.85,25
1719462328959,130.95,25
1719462328959,130.95,25
1719462330230,131.65,100
1719462330230,131.65,100
1719462330960,131.2,50
1719462330960,131.2,50
1719462332617,131.75,25
1719462333412,131.7,25
1719462333914,131.6,25
1719462334534,131.65,25
1719462334598,131.65,100
1719462336021,131.75,50
1719462336021,131.75,50
1719462337077,132.0,75
1719462337144,131.95,25
1719462338228,132.5,50
1719462339009,132.2,25
1719462339487,132.3,100
1719462339487,132.3,100
1719462339487,132.3,100
1719462341483,132.3,25
1719462341483,132.3,25
1719462343073,131.95,25
1719462343073,131.95,25
1719462344642,132.1,25
1719462345428,132.2,25
1719462345428,132.2,25
1719462346688,132.15,25
1719462346688,132.15,25
1719462348419,132.45,125
1719462348995,132.8,50
1719462349258,132.2,50
1719462350098,132.15,25
1719462351079,132.45,75
1719462351653,132.05,25
1719462352729,132.5,25
1719462353077,132.45,25
1719462354198,132.7,25
1719462354599,133.1,25
1719462354948,132.05,50
1719462355439,132.75,25
1719462355439,132.75,25
1719462356980,132.8,100
1719462357494,132.6,25
1719462358028,132.3,25
1719462359037,133.15,25
1719462359037,133.15,25
1719462359806,132.75,25
1719462360404,132.85,25
1719462361032,132.95,50
1719462361032,132.95,50
1719462362467,132.5,50
1719462362467,132.5,50
1719462362862,132.7,100
1719462363561,133.0,25
1719462364624,132.8,25
1719462364837,133.2,25
1719462365615,133.2,25
1719462367007,133.6,25
1719462367789,133.75,25
1719462368111,133.7,75
1719462368942,133.6,25
1719462369346,133.15,100
1719462369767,133.55,75
1719462370870,133.0,25
1719462370870,133.0,25
1719462371928,132.45,25
1719462372258,132.65,150
1719462372258,132.65,150
1719462373946,132.5,100
1719462374355,132.4,25
1719462375120,132.7,100
1719462375331,132.65,100
1719462375331,132.65,100
1719462376684,132.7,25
1719462377338,132.5,25
1719462377338,132.5,25
1719462378127,133.0,25
1719462378127,133.0,25
1719462381208,133.75,25
1719462381374,134.15,50
1719462382215,133.7,375
1719462382885,133.4,50
1719462383594,133.75,100
1719462384486,133.65,50
1719462384751,133.5,25
1719462385694,133.7,50
1719462385694,133.7,50
1719462386362,133.65,125
1719462387296,133.5,175
1719462388062,133.65,250
1719462389580,133.7,50
1719462389855,133.85,250
1719462389855,133.85,250
1719462390851,133.9,25
1719462390851,133.9,25
1719462391749,133.35,225
1719462392836,133.9,75
1719462392981,133.75,100
1719462393914,133.25,25
1719462393914,133.25,25
1719462394883,133.45,25
1719462395887,132.6,25
1719462396147,133.2,25
1719462396986,132.95,25
1719462396986,132.95,25
1719462398394,132.1,25
1719462398999,131.9,550
1719462398999,131.9,550
1719462400103,130.35,25
1719462401114,129.55,75
1719462401195,129.8,225
1719462402121,129.2,175
1719462402766,129.05,25
1719462403091,128.5,25
1719462403295,128.0,50
1719462404601,128.8,50
1719462405322,128.65,50
1719462405954,128.8,100
1719462406178,128.9,125
1719462406569,128.9,75
1719462407864,127.95,100
1719462408115,127.35,25
1719462409427,126.95,25
1719462409633,127.5,25
1719462410506,127.85,25
1719462411082,127.7,25
1719462411281,127.6,25
1719462411932,127.05,75
1719462412707,127.15,200
1719462412707,127.15,200
1719462414177,127.25,25
1719462414177,127.25,25
1719462415114,125.7,25
1719462416016,125.3,50
1719462416285,125.45,25
1719462416992,125.25,100
1719462417881,125.25,125
1719462418155,125.15,175
1719462419240,124.55,50
1719462419706,124.6,50
1719462420344,124.05,25
1719462420523,123.8,25
1719462421116,123.55,100
1719462421189,123.3,125
1719462422150,122.2,25
1719462422914,122.5,375
1719462423325,122.75,25
1719462424353,123.0,325
1719462424659,123.2,50
1719462425364,123.95,25
1719462426199,123.85,25
1719462427143,124.15,200
1719462427848,125.0,50
1719462428243,124.45,50
1719462429312,123.6,25
1719462429513,124.0,50
1719462430247,124.3,25
1719462431326,123.9,25
1719462431348,124.0,50
1719462432158,123.95,25
1719462432922,124.85,25
1719462433199,124.8,25
1719462434157,124.8,50
1719462434481,124.05,25
1719462435316,123.55,25
1719462436189,123.55,150
1719462436813,123.8,25
1719462437881,123.25,175
1719462438108,122.85,25
1719462439309,123.2,75
1719462439444,123.25,150
1719462439711,123.2,25
1719462440991,123.6,175
1719462441230,123.95,25
1719462442017,123.0,25
1719462442652,123.3,150
1719462443142,123.45,100
1719462443932,123.25,75
1719462444245,122.75,250
1719462445124,122.5,25
1719462446299,122.25,25
1719462446359,121.8,25
1719462447137,122.5,25
1719462447907,122.45,25
1719462448160,122.45,75
1719462449079,123.15,25
1719462449520,123.15,75
1719462450363,123.25,300
1719462450363,123.25,300
1719462450950,124.05,25
1719462450950,124.05,25
1719462451868,123.3,200
1719462452911,124.45,25
1719462453346,123.95,200
1719462454097,122.95,25
1719462454489,123.0,50
1719462454897,122.8,100
1719462456178,123.1,75
1719462456334,123.0,425
1719462456729,123.2,25
1719462457623,123.15,125
1719462457623,123.15,125
1719462459231,123.35,175
1719462459441,123.4,175
1719462460048,123.0,125
1719462460922,122.75,75
1719462460922,122.75,75
1719462462184,122.55,25
1719462462835,122.0,25
1719462463009,122.05,25
1719462464071,121.3,25
1719462464581,122.05,25
1719462465182,122.2,25
1719462466140,120.6,25
1719462466366,120.65,25
1719462466929,120.55,25
1719462467978,120.0,25
1719462468320,120.45,50
1719462469468,120.1,25
1719462470154,119.35,25
1719462471192,118.75,25
1719462471338,119.05,75
1719462472103,118.8,125
1719462472985,118.4,50
1719462474086,118.15,75
1719462474568,117.85,25
1719462475062,118.25,25
1719462476092,118.1,25
1719462476287,117.65,100
1719462477165,116.95,50
1719462477916,117.5,525
1719462477916,117.5,525
1719462479143,117.9,25
1719462479576,118.0,250
1719462480107,118.05,25
1719462480427,117.35,275
1719462481347,116.2,25
1719462482367,116.45,25
1719462482999,115.6,200
1719462483191,115.75,25
1719462484100,116.0,125
1719462484576,116.8,150
1719462485158,115.8,25
1719462486119,116.75,25
1719462486373,116.25,25
1719462487161,116.75,200
1719462488021,117.5,25
1719462488372,117.75,75
1719462489339,117.05,25
1719462489821,116.95,25
1719462490359,117.2,100
1719462491302,117.3,75
1719462492542,116.75,25
1719462492896,116.75,275
1719462493190,116.95,50
1719462494152,116.8,25
1719462494808,116.55,50
1719462495188,116.6,25
1719462496344,117.0,75
1719462496434,116.65,25
1719462496918,116.65,125
1719462497957,116.9,25
1719462497957,116.9,25
1719462499376,117.15,150
1719462499665,117.65,250
1719462500558,117.2,25
1719462501182,116.7,25
1719462501250,117.1,50
1719462502048,116.55,50
1719462502997,116.65,75
1719462503191,116.5,250
1719462503513,116.6,50
1719462504840,116.5,50
1719462505369,116.0,25
1719462506207,115.85,25
1719462507329,115.15,250
1719462507558,115.25,200
1719462508603,115.8,200
1719462509157,115.6,75
1719462509759,115.35,25
1719462510069,115.95,25
1719462510547,116.0,100
1719462511173,115.95,25
1719462511355,115.65,25
1719462511985,115.7,225
1719462512987,115.4,100
1719462513199,115.0,25
1719462514192,115.0,25
1719462514763,115.05,50
1719462515114,115.4,150
1719462516165,115.05,50
1719462516371,115.0,25
1719462517384,115.45,100
1719462517965,115.15,25
1719462518098,115.25,50
1719462519298,116.0,25
1719462519783,115.65,25
1719462520206,115.0,25
1719462521145,115.9,350
1719462521470,116.05,25
1719462522351,116.5,50
1719462522707,116.2,25
1719462523157,116.2,100
1719462523812,115.75,25
1719462524610,115.95,25
1719462524610,115.95,25
1719462526195,116.2,25
1719462526195,116.2,25
1719462526803,116.1,100
1719462527955,116.1,50
1719462527955,116.1,50
1719462528616,116.9,25
1719462529799,116.35,25
1719462530108,116.75,150
1719462531466,116.45,50
1719462532074,116.0,25
1719462533061,116.0,25
1719462533179,116.1,50
1719462534225,115.85,50
1719462534769,116.1,550
1719462535021,116.1,25
1719462536486,116.05,25
1719462537184,116.35,25
1719462538024,115.75,150
1719462538173,115.7,100
1719462539205,116.1,100
1719462539884,115.95,50
1719462540213,115.7,50
1719462540442,115.7,100
1719462541330,115.8,150
1719462541330,115.8,150
1719462542180,115.55,250
1719462542857,115.55,25
1719462543173,115.4,250
1719462544150,116.0,25
1719462544150,116.0,25
1719462545419,115.65,100
1719462546126,116.0,50
1719462546402,116.1,25
1719462546600,116.35,50
1719462547897,116.0,50
1719462547897,116.0,50
1719462548721,116.0,550
1719462549757,116.1,25
1719462550007,115.7,75
1719462551187,115.7,25
1719462551478,115.7,75
1719462552398,115.5,25
1719462552988,115.7,25
1719462552988,115.7,25
1719462554003,115.35,25
1719462554871,115.65,25
1719462555130,115.05,100
1719462556414,114.7,25
1719462556479,114.5,25
1719462557208,114.85,25
1719462558028,114.85,250
1719462558028,114.85,250
1719462559234,114.9,50
1719462559901,114.85,100
1719462560077,114.8,100
1719462561183,114.8,25
1719462561455,114.45,275
1719462562152,114.35,25
1719462563130,114.7,25
1719462563324,114.95,50
1719462563996,114.8,50
1719462564854,114.85,250
1719462565162,114.85,50
1719462565818,114.65,25
1719462566357,114.85,900
1719462567027,114.95,25
1719462567953,114.2,100
1719462567953,114.2,100
1719462569226,114.55,25
1719462569226,114.55,25
1719462570161,114.1,250
1719462570247,114.1,200
1719462571251,114.5,100
1719462571466,114.0,200
1719462572147,113.75,25
1719462572742,114.45,25
1719462574119,114.5,100
1719462574788,114.15,25
1719462575440,114.85,100
1719462576201,115.05,25
1719462577246,115.3,50
1719462578033,115.75,25
1719462578033,115.75,25
1719462578619,115.95,300
1719462579738,116.0,400
1719462580110,115.8,25
1719462581222,115.5,50
1719462581245,115.5,25
1719462582063,116.15,200
1719462583063,116.1,200
1719462583063,116.1,200
1719462584126,115.5,25
1719462584720,115.3,25
1719462584720,115.3,25
1719462586431,115.25,25
1719462586483,115.05,25
1719462587144,115.0,25
1719462588065,115.3,50
1719462588065,115.3,50
1719462589013,115.2,325
1719462589791,114.8,50
1719462590442,114.95,50
1719462591195,115.15,25
1719462591557,115.25,50
1719462592148,115.2,125
1719462592858,115.25,125
1719462593234,115.0,25
1719462594128,115.0,25
1719462594128,115.0,25
1719462595632,115.15,50
1719462596097,115.3,25
1719462596097,115.3,25
1719462596640,115.3,25
1719462597712,115.1,25
1719462598384,115.1,25
1719462598788,114.9,125
1719462599798,114.45,175
1719462600454,113.95,25
1719462600454,113.95,25
1719462601220,113.0,50
1719462601583,112.85,25
1719462602112,113.1,200
1719462602966,113.35,50
1719462603260,113.7,50
1719462604193,114.25,75
1719462604917,114.45,25
1719462605256,114.6,25
1719462606204,114.75,25
1719462606587,115.0,50
1719462606971,114.6,25
1719462608004,114.7,25
1719462609249,114.45,50
1719462609520,114.35,50
1719462609520,114.35,50
1719462611450,114.9,25
1719462611595,114.6,50
1719462612029,114.6,75
1719462612590,114.5,225
1719462614017,114.7,25
1719462614482,114.05,200
1719462615457,113.85,25
1719462616187,114.45,25
1719462616187,114.45,25
1719462616967,114.75,25
1719462618091,114.5,200
1719462618091,114.5,200
1719462618952,114.55,25
1719462619811,114.7,200
1719462620162,115.2,25
1719462620900,114.8,325
1719462621568,114.7,25
1719462622156,115.3,50
1719462623067,115.15,150
1719462623449,115.15,25
1719462623946,115.15,50
1719462624948,115.7,175
1719462625295,115.4,75
1719462626173,115.15,25
1719462626508,115.55,25
1719462626508,115.55,25
1719462628268,114.7,50
1719462628732,114.6,25
1719462630038,115.05,25
1719462630384,114.9,25
1719462630384,114.9,25
1719462631390,114.25,350
1719462631616,114.45,100
1719462632583,114.1,100
1719462633206,114.0,50
1719462633284,114.0,25
1719462634155,114.1,100
1719462635004,113.95,25
1719462635253,114.05,25
1719462635841,114.05,50
1719462636577,113.75,25
1719462637300,114.05,50
1719462637300,114.05,50
1719462638594,114.15,50
1719462638845,114.2,25
1719462639968,114.4,25
1719462640254,114.8,25
1719462640683,114.35,175
1719462641492,114.6,1000
1719462642254,114.65,25
1719462643036,115.05,50
1719462644382,115.05,75
1719462645030,114.4,25
1719462645030,114.4,25
1719462646254,114.3,25
1719462646545,114.5,75
1719462647328,114.0,25
1719462648040,114.45,25
1719462648338,114.2,25
1719462649353,114.3,50
1719462650022,114.65,100
1719462650254,114.7,25
1719462650514,114.6,25
1719462650514,114.6,25
1719462652040,114.4,25
1719462653158,114.3,50
1719462654245,114.35,25
1719462655039,114.8,25
1719462655208,114.85,25
1719462656257,114.5,25
1719462656576,114.3,25
1719462657503,114.2,25
1719462658254,113.6,25
1719462659302,113.3,75
1719462660069,112.5,25
1719462660254,112.9,25
1719462660503,112.55,25
1719462661301,112.45,50
1719462661526,112.0,100
1719462662254,112.4,25
1719462663259,112.55,125
1719462663486,112.25,50
1719462704526,111.15,200
1719462704937,111.0,100
1719462705296,110.75,75
1719462706065,111.05,50
1719462706752,111.05,25
1719462707121,110.95,525
1719462708310,111.0,25
1719462708374,111.15,50
1719462709257,111.15,225
1719462710024,111.25,25
1719462710417,111.45,25
1719462711264,111.25,25
1719462711611,110.75,25
1719462712407,110.7,25
1719462713454,110.15,25
1719462713619,110.1,25
1719462714307,109.7,25
1719462714819,109.15,25
1719462715278,109.65,100
1719462716267,109.55,50
1719462716528,109.35,150
1719462716972,109.85,50
1719462718341,109.45,100
1719462718490,109.35,25
1719462719163,108.95,25
1719462720106,109.55,25
1719462720447,109.4,75
1719462720590,109.45,25
1719462721269,108.6,50
1719462721768,108.0,100
1719462722252,107.15,75
1719462723288,107.45,50
1719462723288,107.45,50
1719462724144,107.1,25
1719462725207,107.6,25
1719462725527,107.8,25
1719462726615,107.9,125
1719462727458,108.4,25
1719462728330,107.85,25
1719462728330,107.85,25
1719462729037,108.0,25
1719462729806,108.8,100
1719462730215,108.85,25
1719462731535,108.9,25
1719462731743,108.8,25
1719462732283,109.05,25
1719462733096,109.15,75
1719462734393,109.1,25
1719462734928,109.05,150
1719462735715,109.45,75
1719462736329,109.45,25
1719462736788,109.6,25
1719462737248,109.55,25
1719462738270,109.6,25
1719462738270,109.6,25
1719462739236,109.45,25
1719462739922,109.75,25
1719462740029,109.4,50
1719462741291,109.75,25
1719462741572,109.8,25
1719462742343,110.0,25
1719462742970,109.3,75
1719462742970,109.3,75
1719462744520,109.45,50
1719462744867,109.0,125
1719462745706,109.2,100
1719462746344,108.95,100
1719462746777,109.3,75
1719462747125,109.2,225
1719462748385,109.0,25
1719462749304,108.75,175
1719462749620,109.2,25
1719462750187,109.4,50
1719462750543,109.35,25
1719462751401,109.2,150
1719462751755,109.5,100
1719462751961,109.0,725
1719462753431,108.7,25
1719462753679,108.75,25
1719462754278,108.95,25
1719462754879,109.2,25
1719462755226,109.1,25
1719462756331,109.1,25
1719462756813,108.75,25
1719462757216,108.05,225
1719462758255,108.35,50
1719462758255,108.35,50
1719462759480,108.75,150
1719462759849,107.85,25
1719462760259,108.1,25
1719462761217,108.2,25
1719462761507,108.3,25
1719462762046,108.3,100
1719462763267,108.05,100
1719462763394,108.35,200
1719462763976,108.75,25
1719462764962,108.2,25
1719462764962,108.2,25
1719462766333,108.05,125
1719462766506,107.9,25
1719462766982,108.2,25
1719462768486,108.3,100
1719462769489,107.8,125
1719462770015,107.9,25
1719462770740,107.85,100
1719462771337,107.5,25
1719462771834,106.05,100
1719462772343,106.2,50
1719462773408,105.85,25
1719462774337,106.2,50
1719462775026,106.05,25
1719462775517,105.85,25
1719462776537,105.15,25
1719462776776,105.1,25
1719462777311,105.65,50
1719462778222,105.75,175
1719462778465,105.85,200
1719462779322,105.7,25
1719462780048,105.75,200
1719462780498,106.1,125
1719462781836,105.3,25
1719462782245,105.0,100
1719462783275,104.85,250
1719462783275,104.85,250
1719462784629,104.45,25
1719462784895,104.4,25
1719462785333,104.5,25
1719462786042,104.8,25
1719462786570,104.2,100
1719462787301,104.5,100
1719462788290,104.3,100
1719462788374,104.55,25
1719462788856,104.45,25
1719462790030,103.85,125
1719462790556,103.6,25
1719462791336,103.6,125
1719462791659,104.0,25
1719462792473,103.4,25
1719462793251,104.0,125
1719462794418,103.75,25
1719462794825,104.1,250
1719462795434,104.0,100
1719462796540,104.0,25
1719462796688,104.05,50
1719462796932,104.55,250
1719462798376,104.7,75
1719462798376,104.7,75
1719462799346,104.65,25
1719462799497,104.4,25
1719462800570,104.2,50
1719462801184,103.95,50
1719462801649,103.85,75
1719462802227,104.1,100
1719462803331,104.0,25
1719462803331,104.0,25
1719462804468,104.05,200
1719462804840,104.35,425
1719462805357,104.4,125
1719462806733,104.95,25
1719462806861,105.15,25
1719462806861,105.15,25
1719462808370,105.3,25
1719462808521,105.15,25
1719462809183,105.15,150
1719462810077,105.65,25
1719462810310,106.0,25
1719462810453,105.5,75
1719462811521,105.45,25
1719462811909,105.5,25
1719462812711,105.6,25
1719462813517,105.15,50
1719462813855,104.9,25
1719462814377,104.8,150
1719462814825,105.2,300
1719462815182,105.2,25
1719462816241,104.85,50
1719462816895,104.9,25
1719462817203,105.0,125
1719462818458,105.7,75
1719462819519,105.9,100
1719462820009,106.6,100
1719462820454,106.3,50
1719462821195,106.55,25
1719462821716,106.4,25
1719462822349,106.7,25
1719462823584,106.6,25
1719462824386,106.55,25
1719462825117,106.5,100
1719462825255,106.45,25
1719462826293,106.5,25
1719462826913,106.9,25
1719462827327,106.0,50
1719462828260,106.25,25
1719462828260,106.25,25
1719462829631,106.3,75
1719462829843,106.35,175
1719462829843,106.35,175
1719462831381,106.7,50
1719462831849,106.65,25
1719462832166,106.15,25
1719462833204,106.0,25
1719462833533,106.0,25
1719462834283,106.2,50
1719462835138,106.1,25
1719462835570,106.15,25
1719462835951,106.2,25
1719462836841,106.65,100
1719462837181,106.5,25
1719462838030,106.5,25
1719462838536,106.2,50
1719462839282,106.4,25
1719462840060,105.75,75
1719462840368,105.65,25
1719462840434,105.9,25
1719462840842,106.1,50
1719462841891,106.0,25
1719462842117,106.0,75
1719462843538,105.75,25
1719462843759,106.25,25
1719462844182,105.7,25
1719462845047,105.9,100
1719462845596,106.35,25
1719462846585,107.5,75
1719462846961,107.0,75
1719462847036,106.75,25
1719462848423,107.55,50
1719462848423,107.55,50
1719462849085,107.5,100
1719462850242,108.3,25
1719462851262,107.5,25
1719462851965,106.95,100
1719462852353,106.8,175
1719462853501,107.5,375
1719462853589,107.2,25
1719462854284,107.8,200
1719462855180,107.25,250
1719462856568,107.55,150
1719462856928,107.25,25
1719462857246,107.5,100
1719462858492,107.3,25
1719462859147,107.55,25
1719462860282,107.5,25
1719462860503,107.4,25
1719462861302,107.45,25
1719462861781,107.2,25
1719462862388,107.2,25
1719462863109,107.2,100
1719462863702,107.25,50
1719462864393,107.15,25
1719462864752,107.45,25
1719462866375,107.4,300
1719462866972,107.5,25
1719462867514,107.55,25
1719462868373,107.45,25
1719462868475,107.4,100
1719462869550,107.5,25
1719462870307,108.0,225
1719462870307,108.0,225
1719462871049,107.5,25
1719462871932,107.35,100
1719462872328,107.55,25
1719462873575,107.6,200
1719462874411,107.4,25
1719462875283,107.45,25
1719462875645,107.3,25
1719462875645,107.3,25
1719462877347,107.05,275
1719462878271,106.65,75
1719462878271,106.65,75
1719462879423,107.3,25
1719462879970,107.25,25
1719462881209,106.35,150
1719462882009,107.0,50
1719462882213,106.95,25
1719462883553,106.85,475
1719462884099,106.8,300
1719462884730,106.8,25
1719462886373,107.05,75
1719462887024,106.9,25
1719462887375,107.05,50
1719462888039,107.2,25
1719462888039,107.2,25
1719462888895,107.35,25
1719462890067,107.25,25
1719462890545,106.85,375
1719462891358,106.85,75
1719462891820,106.85,100
1719462892526,106.6,25
1719462893369,106.65,25
1719462893632,106.85,100
1719462894618,106.4,25
1719462895320,106.55,25
1719462896113,106.6,25
1719462896113,106.6,25
1719462897547,106.3,50
1719462898195,105.9,100
1719462898195,105.9,100
1719462899369,105.2,50
1719462899552,105.55,25
1719462900475,105.0,125
1719462901044,105.2,50
1719462901993,105.9,250
1719462902615,106.3,350
1719462903626,107.05,25
1719462904621,107.8,50
1719462905401,108.0,25
1719462905544,108.2,25
1719462906424,107.55,25
1719462906661,107.3,25
1719462907390,106.7,25
1719462908594,106.1,25
1719462908594,106.1,25
1719462909260,106.35,400
1719462910442,106.95,50
1719462910442,106.95,50
1719462911312,106.6,50
1719462912054,107.0,150
1719462912238,106.7,25
1719462913365,106.45,25
1719462913602,106.5,25
1719462914341,106.65,25
1719462915127,106.65,25
1719462915127,106.65,25
1719462916550,106.4,75
1719462917030,106.75,25
1719462917270,106.45,75
1719462918271,106.9,175
1719462918451,106.9,100
1719462919584,106.45,25
1719462920349,106.5,50
1719462921548,106.5,25
1719462922074,106.0,125
1719462922339,105.8,25
1719462923128,106.1,25
1719462923605,106.15,50
1719462924206,106.2,25
1719462924802,106.5,225
1719462924802,106.5,225
1719462926302,106.95,25
1719462927033,106.55,25
1719462927612,106.5,50
1719462928536,106.8,50
1719462929381,107.0,100
1719462930210,107.25,25
1719462930210,107.25,25
1719462931517,107.15,25
1719462931774,107.1,25
1719462932110,107.0,25
1719462933390,107.1,125
1719462933609,107.05,50
1719462934605,106.85,25
1719462934605,106.85,25
1719462935693,107.25,25
1719462936378,106.85,200
1719462936986,106.5,125
1719462936986,106.5,125
1719462938229,105.8,50
1719462938640,105.65,50
1719462938802,105.8,25
1719462940307,105.9,200
1719462940578,106.05,25
1719462941425,105.5,25
1719462942031,105.45,25
1719462942424,105.5,25
1719462943328,105.0,25
1719462943328,105.0,25
1719462944373,104.45,50
1719462945474,104.6,50
1719462946290,104.45,225
1719462947052,104.85,200
1719462947640,105.7,25
1719462948547,105.4,25
1719462948547,105.4,25
1719462948966,105.9,50
1719462950496,106.35,50
1719462950496,106.35,50
1719462951564,106.2,25
1719462952115,106.6,25
1719462952819,106.45,50
1719462953290,106.35,25
1719462953290,106.35,25
1719462954584,106.55,25
1719462954989,106.25,25
1719462956238,106.2,25
1719462956595,106.6,100
1719462957383,106.65,150
1719462958323,106.8,75
1719462958698,106.75,425
1719462959448,107.3,100
1719462960508,106.55,25
1719462960508,106.55,25
1719462961189,105.85,75
1719462962033,105.6,175
1719462962349,105.35,25
1719462963091,105.85,50
1719462963485,105.85,50
1719462964187,106.5,50
1719462965311,107.0,200
1719462965507,106.9,25
1719462966456,106.45,25
1719462966456,106.45,25
1719462967337,106.75,175
1719462968226,106.75,75
1719462968735,106.9,75
1719462969422,106.55,50
1719462970230,106.4,75
1719462971432,106.35,25
1719463136031,106.55,100
1719463137258,105.9,75
1719463137643,105.85,100
1719463138725,105.65,25
1719463138848,105.8,25
1719463139573,105.0,75
1719463209499,106.55,25
1719463210713,105.85,50
1719463210792,105.4,125
1719463212015,105.0,25
1719463212351,105.1,25
1719463212548,104.9,100
1719463213574,104.9,25
1719463213901,105.35,25
1719463213901,105.35,25
1719463213901,105.35,25
1719463216541,105.8,50
1719463217452,105.55,125
1719463218042,105.85,25
1719463219092,106.4,100
1719463219373,106.4,25
1719463220505,106.45,25
1719463220657,106.15,100
1719463221587,106.0,125
1719463222261,106.0,25
1719463222613,105.7,75
1719463223561,105.8,50
1719463223814,105.9,100
1719463224493,105.0,100
1719463225560,105.1,125
1719463225772,105.4,375
1719463225959,105.7,25
1719463227499,104.65,150
1719463227499,104.65,150
1719463228175,104.7,25
1719463228175,104.7,25
1719463229849,105.75,100
1719463229849,105.75,100
1719463230759,105.75,25
1719463231384,106.0,75
1719463232627,105.1,250
1719463233584,105.45,200
1719463233881,105.75,400
1719463233881,105.75,400
1719463235479,105.7,50
1719463235652,105.95,25
1719463236323,105.9,25
1719463236323,105.9,25
1719463237923,105.7,125
1719463238050,105.4,75
1719463239133,105.75,25
1719463239598,105.6,75
1719463240606,105.55,125
1719463241556,105.65,50
1719463242579,105.85,75
1719463243575,105.85,25
1719463243921,105.85,25
1719463244471,105.9,25
1719463245702,105.45,75
1719463246585,105.55,25
1719463247596,105.35,75
1719463248945,105.85,50
1719463249117,105.35,25
1719463249657,105.7,75
1719463250393,105.6,25
1719463250393,105.6,25
1719463251215,105.7,25
1719463252581,105.2,25
1719463252594,105.2,25
1719463253236,104.9,175
1719463254124,105.45,225
1719463254642,105.5,25
1719463254642,105.5,25
1719463254642,105.5,25
1719463256651,105.2,75
1719463257508,105.85,25
1719463257775,105.55,25
1719463258973,105.75,25
1719463259807,105.9,100
1719463260504,105.8,125
1719463260504,105.8,125
1719463262028,104.7,25
1719463262407,104.6,25
1719463263694,105.4,250
1719463263850,105.35,475
1719463263850,105.35,475
1719463265531,105.25,25
1719463265531,105.25,25
1719463266190,105.25,25
1719463267216,105.15,25
1719463267216,105.15,25
1719463268606,105.0,150
1719463268606,105.0,150
1719463270058,105.15,25
1719463270058,105.15,25
1719463271177,105.35,625
1719463271592,104.95,25
1719463272336,105.4,125
1719463272426,105.4,100
1719463273064,105.4,25
1719463273064,105.4,25
1719463274774,105.0,25
1719463274918,105.1,150
1719463275786,104.7,125
1719463277016,102.5,75
1719463277206,102.6,100
1719463277519,102.55,25
1719463278811,102.5,25
1719463279203,102.55,25
1719463279992,102.5,25
1719463280276,103.25,100
1719463280813,103.45,25
1719463281603,104.0,25
1719463282406,103.4,100
1719463282406,103.4,100
1719463283790,104.05,50
1719463284178,104.4,100
1719463284643,105.25,75
1719463285640,105.3,75
1719463285640,105.3,75
1719463286566,105.05,25
1719463287342,105.35,75
1719463287342,105.35,75
1719463288841,105.35,100
1719463288841,105.35,100
1719463289294,105.15,50
1719463290533,105.6,50
1719463290794,105.3,150
1719463291617,105.15,25
1719463291617,105.15,25
1719463292583,105.3,50
1719463293092,105.6,25
1719463293868,105.4,50
1719463294423,105.8,50
1719463295811,105.05,25
1719463296720,105.65,100
1719463297374,105.35,25
1719463297374,105.35,25
1719463298464,104.75,25
1719463299216,103.65,100
1719463299846,103.9,25
1719463300312,103.45,25
1719463301426,103.65,25
1719463302371,103.9,25
1719463302708,103.9,25
1719463303510,104.5,25
1719463304180,104.3,25
1719463304408,104.45,150
1719463305501,104.55,25
1719463305501,104.55,25
1719463306372,104.5,25
1719463306745,104.5,25
1719463307559,104.6,25
1719463308642,104.6,25
1719463309164,104.75,25
1719463309164,104.75,25
1719463310631,104.6,100
1719463310681,105.0,75
1719463311462,104.3,50
1719463312321,104.2,25
1719463312656,104.0,25
1719463313317,103.8,25
1719463313954,104.35,25
1719463314754,104.5,25
1719463315154,104.0,500
1719463315154,104.0,500
1719463316297,104.3,75
1719463317438,104.3,25
1719463317516,104.7,25
1719463317685,104.5,150
1719463317685,104.5,150
1719463319812,104.85,50
1719463320305,104.45,300
1719463320305,104.45,300
1719463321124,104.2,200
1719463322476,104.05,25
1719463322662,103.95,900
1719463323616,104.15,50
1719463324198,104.45,150
1719463324439,104.4,25
1719463325682,104.1,50
1719463325682,104.1,50
1719463326317,104.2,100
1719463326317,104.2,100
1719463327833,104.75,25
1719463328065,105.0,25
1719463328065,105.0,25
1719463329691,104.5,25
1719463329960,104.55,700
1719463331387,105.15,500
1719463332386,104.7,250
1719463332386,104.7,250
1719463332386,104.7,250
1719463334174,104.7,25
1719463334658,104.7,50
1719463335769,105.0,100
1719463336852,104.95,50
1719463337462,104.5,100
1719463337462,104.5,100
1719463338305,104.55,25
1719463338960,104.9,25
1719463339461,104.95,150
1719463340594,104.95,75
1719463340855,105.0,25
1719463341196,104.6,25
1719463341196,104.6,25
1719463342690,104.85,100
1719463343519,104.9,75
1719463343943,104.95,25
1719463344499,104.85,25
1719463345247,105.1,25
1719463345800,105.0,75
1719463346423,104.9,750
1719463347361,105.2,50
1719463347575,105.1,50
1719463348068,105.5,50
1719463349006,105.55,75
1719463349476,105.0,725
1719463350580,104.7,25
1719463350745,104.8,50
1719463351034,104.95,25
1719463351034,104.95,25
1719463352916,105.0,25
1719463353592,104.65,50
1719463354109,104.7,100
1719463354639,104.55,50
1719463355474,104.25,25
1719463355474,104.25,25
1719463356185,104.0,25
1719463357455,103.2,50
1719463357455,103.2,50
1719463358693,103.6,50
1719463358817,103.15,800
1719463359352,103.65,125
1719463360544,103.15,50
1719463360544,103.15,50
1719463361850,103.25,75
1719463362507,103.75,25
1719463362879,104.4,375
1719463363832,104.75,25
1719463364066,104.85,25
1719463364820,104.3,25
1719463365455,104.2,25
1719463365861,104.1,125
1719463366526,104.4,25
1719463367475,104.2,50
1719463367861,104.5,75
1719463368551,104.5,25
1719463368551,104.5,25
1719463369847,103.95,250
1719463370011,103.9,100
1719463370011,103.9,100
1719463372585,104.05,25
1719463373824,103.65,25
1719463373824,103.65,25
1719463374795,103.8,25
1719463375530,104.05,25
1719463375740,103.75,100
1719463376608,104.15,25
1719463377251,104.15,250
1719463377251,104.15,250
1719463378750,104.35,25
1719463378750,104.35,25
1719463379641,105.0,75
1719463379641,105.0,75
1719463380668,105.2,25
1719463381571,106.0,100
1719463382302,106.05,75
1719463382587,105.55,50
1719463383830,105.5,25
1719463383913,105.75,75
1719463384842,104.45,25
1719463385526,104.4,150
1719463386879,104.05,75
1719463387447,104.2,225
1719463387447,104.2,225
1719463388868,104.45,25
1719463389183,104.65,25
1719463389913,104.85,25
1719463390578,104.55,25
1719463390920,104.95,25
1719463391292,105.1,25
1719463392089,105.45,25
1719463392089,105.45,25
1719463392089,105.45,25
1719463395033,105.85,25
1719463395033,105.85,25
1719463396084,105.85,25
1719463396505,105.75,75
1719463396814,105.7,25
1719463397707,105.8,25
1719463397912,105.85,500
1719463399264,106.0,25
1719463399712,105.55,25
1719463400913,105.85,75
1719463400913,105.85,75
1719463400913,105.85,75
1719463400913,105.85,75
1719463403037,105.9,25
1719463403808,105.8,75
1719463404324,106.3,75
1719463404324,106.3,75
1719463405160,105.85,25
1719463405160,105.85,25
1719463406493,106.3,25
1719463407551,106.85,75
1719463407551,106.85,75
1719463408441,106.8,25
1719463409350,106.75,25
1719463409426,107.2,50
1719463409856,107.05,25
1719463409856,107.05,25
1719463410962,107.65,25
1719463411487,107.05,25
1719463412155,107.0,25
1719463412598,106.7,175
1719463413853,106.8,50
1719463414285,106.45,50
1719463414649,106.65,150
1719463415349,106.65,150
1719463415743,107.1,25
1719463416715,107.25,25
1719463417573,107.25,25
1719463417645,107.1,25
1719463418814,106.9,25
1719463419318,107.3,25
1719463419711,107.0,25
1719463420106,107.25,25
1719463421104,107.0,25
1719463422365,107.45,25
1719463422929,107.1,25
1719463423745,107.5,125
1719463424276,106.95,175
1719463424454,106.85,50
1719463425638,107.15,50
1719463425995,107.35,125
1719463425995,107.35,125
1719463427432,107.1,25
1719463427750,107.4,25
1719463428665,109.4,25
1719463429153,108.7,25
1719463429717,108.95,75
1719463430725,107.75,225
1719463430881,108.1,25
1719463431871,108.0,1775
1719463432562,108.8,25
1719463432845,109.8,25
1719463434071,108.6,25
1719463434298,108.55,25
1719463434529,109.0,25
1719463435998,108.3,25
1719463436747,108.5,175
1719463437612,108.65,25
1719463437735,108.55,50
1719463438426,108.25,25
1719463439392,108.3,25
1719463439701,108.75,200
1719463440415,108.15,25
1719463440415,108.15,25
1719463440930,108.05,25
1719463441702,108.25,25
1719463442533,107.95,25
1719463442533,107.95,25
1719463443098,107.55,75
1719463444211,107.7,150
1719463444691,107.95,100
1719463445465,107.55,25
1719463446553,107.75,25
1719463447160,108.25,100
1719463447715,107.95,100
1719463448016,107.95,900
1719463449362,108.3,250
1719463449362,108.3,250
1719463450475,108.3,100
1719463451002,108.3,75
1719463451728,107.95,375
1719463451728,107.95,375
1719463452968,108.1,25
1719463453564,108.1,25
1719463453564,108.1,25
1719463454629,107.75,25
1719463455400,107.6,75
1719463455895,107.75,25
1719463456416,107.5,25
1719463457623,107.95,25
1719463457623,107.95,25
1719463458540,107.6,25
1719463459260,108.0,25
1719463459725,108.0,25
1719463460855,108.15,25
1719463460855,108.15,25
1719463461248,108.1,25
1719463462339,107.9,25
1719463462339,107.9,25
1719463463781,107.65,25
1719463463781,107.65,25
1719463464890,107.9,75
1719463465576,108.0,50
1719463465576,108.0,50
1719463466086,108.3,25
1719463467585,107.5,125
1719463467860,107.8,25
1719463468680,107.4,100
1719463468960,107.7,25
1719463469578,107.45,125
1719463470427,106.8,25
1719463470641,106.15,225
1719463471055,106.3,25
1719463471581,106.45,25
1719463471870,106.75,25
1719463473904,106.7,25
1719463474366,106.35,25
1719463474366,106.35,25
1719463475707,106.7,25
1719463475707,106.7,25
1719463476341,106.45,25
1719463476981,106.0,50
1719463476981,106.0,50
1719463478695,107.1,25
1719463479405,107.1,50
1719463479685,107.0,150
1719463480726,107.9,25
1719463480726,107.9,25
1719463481530,108.0,25
1719463482465,107.7,75
1719463482465,107.7,75
1719463483557,108.3,150
1719463483557,108.3,150
1719463484810,107.85,25
1719463485255,108.1,25
1719463485255,108.1,25
1719463486640,107.4,25
1719463487136,108.0,25
1719463488382,107.6,25
1719463489401,107.85,50
1719463489768,107.75,25
1719463490660,107.5,150
1719463490905,108.15,25
1719463490905,108.15,25
1719463492669,108.3,75
1719463492669,108.3,75
1719463493833,108.2,25
1719463494080,108.3,75
1719463494598,108.35,25
1719463494921,108.4,100
1719463496018,108.05,175
1719463496572,108.15,50
1719463497363,108.05,25
1719463498107,107.9,25
1719463499375,108.4,75
1719463499375,108.4,75
1719463500577,107.95,25
1719463500577,107.95,25
1719463500956,107.7,100
1719463501335,108.1,200
1719463502617,108.25,25
1719463503444,108.1,250
1719463504097,108.05,50
1719463504737,107.9,25
1719463505927,108.8,75
1719463506042,108.3,50
1719463506469,108.65,25
1719463507360,108.3,150
1719463507360,108.3,150
1719463508820,107.95,100
1719463509521,107.55,25
1719463509545,107.55,100
1719463510704,108.35,25
1719463511111,108.5,500
1719463511730,108.65,100
1719463512550,108.95,100
1719463513702,108.6,125
1719463514551,108.75,50
1719463514567,108.8,150
1719463515429,108.4,25
1719463516145,108.8,25
1719463516589,108.95,250
1719463517713,108.6,25
1719463517850,108.85,25
1719463518490,108.65,25
1719463518980,108.8,175
1719463519663,108.4,75
1719463520753,108.3,25
1719463520753,108.3,25
1719463521686,108.3,25
1719463522117,107.85,75
1719463522117,107.85,75
1719463523847,107.35,25
1719463523847,107.35,25
1719463524957,107.25,25
1719463525489,107.3,25
1719463525981,107.2,50
1719463526435,107.5,25
1719463527242,107.5,25
1719463528153,107.35,75
1719463529515,107.25,25
1719463529877,107.3,175
1719463530480,106.85,25
1719463530480,106.85,25
1719463530480,106.85,25
1719463531742,106.5,25
1719463532727,106.5,25
1719463532913,106.65,25
1719463533669,106.95,25
1719463533987,106.7,25
1719463534679,106.5,250
1719463535330,106.7,550
1719463535330,106.7,550
1719463536454,106.4,25
1719463537351,106.05,150
1719463537351,106.05,150
1719463538584,106.1,25
1719463539418,106.4,750
1719463539418,106.4,750
1719463540930,106.45,25
1719463541152,106.3,400
1719463541732,106.75,75
1719463542663,106.35,50
1719463543768,106.2,100
1719463544107,106.3,200
1719463544107,106.3,200
1719463545778,106.15,25
1719463545778,106.15,25
1719463546616,106.2,25
1719463547804,106.3,25
1719463548686,106.05,25
1719463549202,105.85,100
1719463549934,105.65,25
1719463550789,105.25,25
1719463551085,105.4,25
1719463551764,105.75,75
1719463552720,105.85,100
1719463553707,106.35,25
1719463554461,106.65,25
1719463554782,106.95,25
1719463555346,106.85,25
1719463556192,106.7,100
1719463556192,106.7,100
1719463557611,106.85,25
1719463558101,106.55,25
1719463559623,106.35,50
1719463559623,106.35,50
1719463560380,106.85,50
1719463560380,106.85,50
1719463560380,106.85,50
1719463561824,107.0,100
1719463562231,106.85,25
1719463562231,106.85,25
1719463563199,106.6,25
1719463564118,107.35,25
1719463564118,107.35,25
1719463565584,107.45,25
1719463565584,107.45,25
1719463566670,107.7,75
1719463567429,107.6,25
1719463568543,107.6,50
1719463569266,107.8,25
1719463569266,107.8,25
1719463570996,107.65,25
1719463571080,107.4,75
1719463571806,107.35,25
1719463572278,107.25,25
1719463572278,107.25,25
1719463573568,107.75,50
1719463574631,107.6,175
1719463574631,107.6,175
1719463575712,107.5,175
1719463575712,107.5,175
1719463576716,107.6,25
1719463577510,107.8,300
1719463578038,107.65,200
1719463578298,107.65,100
1719463579500,108.0,25
1719463579500,108.0,25
1719463580094,108.05,50
1719463580094,108.05,50
1719463582060,108.0,100
1719463582724,108.1,25
1719463582724,108.1,25
1719463583791,108.3,50
1719463584473,108.65,25
1719463584473,108.65,25
1719463585664,108.4,25
1719463585664,108.4,25
1719463586778,107.95,100
1719463587274,107.7,175
1719463587274,107.7,175
1719463588727,108.0,25
1719463589524,108.15,25
1719463589710,108.05,25
1719463590452,107.85,25
1719463590452,107.85,25
1719463591193,107.9,25
1719463591753,108.25,250
1719463592595,108.3,50
1719463592939,108.25,25
1719463592939,108.25,25
1719463594145,108.1,50
1719463594145,108.1,50
1719463595469,108.4,50
1719463595980,108.65,25
1719463596613,108.7,25
1719463596883,108.5,25
1719463596883,108.5,25
1719463596883,108.5,25
1719463600120,108.35,50
1719463600605,108.55,25
1719463600605,108.55,25
1719463601581,108.75,50
1719463602936,107.65,250
1719463604195,107.25,25
1719463604694,107.1,25
1719463605026,106.8,25
1719463606022,106.75,25
1719463606022,106.75,25
1719463606771,106.6,25
1719463607451,107.0,50
1719463607930,106.55,50
1719463607930,106.55,50
1719463609358,107.65,25
1719463609358,107.65,25
1719463609358,107.65,25
1719463611397,107.9,25
1719463611975,108.0,25
1719463612640,107.8,25
1719463612640,107.8,25
1719463613708,108.3,25
1719463613708,108.3,25
1719463614963,108.1,25
1719463615816,108.2,375
1719463615816,108.2,375
1719463616374,108.15,25
1719463617619,107.7,25
1719463617619,107.7,25
1719463618638,108.0,25
1719463619518,108.05,25
1719463619518,108.05,25
1719463620043,108.5,50
1719463620819,108.65,100
1719463621135,109.0,25
1719463621783,108.65,75
1719463622539,108.55,150
1719463622888,108.75,50
1719463623402,108.65,150
1719463624341,108.3,150
1719463624341,108.3,150
1719463625262,108.65,50
1719463625262,108.65,50
1719463626530,109.0,150
1719463627121,108.45,150
1719463628043,108.3,150
1719463628175,108.55,300
1719463629708,108.2,50
1719463629950,108.15,50
1719463630806,108.15,150
1719463630806,108.15,150
1719463631792,108.15,50
1719463632781,108.25,50
1719463632781,108.25,50
1719463633693,108.25,25
1719463634520,107.95,150
1719463635040,108.15,25
1719463636095,108.4,25
1719463636362,108.2,150
1719463637388,107.55,75
1719463638052,107.85,325
1719463638835,108.2,25
1719463639366,107.85,25
1719463639784,108.0,25
1719463641009,107.4,150
1719463641252,107.6,25
1719463641708,107.35,25
1719463643008,107.55,25
1719463643008,107.55,25
1719463643789,107.35,150
1719463644839,107.5,25
1719463645739,107.5,25
1719463646185,107.5,25
1719463646870,107.9,25
1719463647475,108.05,25
1719463647909,108.35,25
1719463648782,108.6,50
1719463649333,108.55,50
1719463649333,108.55,50
1719463649333,108.55,50
1719463649333,108.55,50
1719463651722,108.45,25
1719463652802,108.45,100
1719463653069,108.3,125
1719463653461,108.9,25
1719463654404,109.0,25
1719463655819,108.8,150
1719463656227,108.95,25
1719463656726,108.7,25
1719463658144,109.0,25
1719463658259,108.9,25
1719463658935,108.95,25
1719463658935,108.95,25
1719463659784,108.85,125
1719463660848,108.9,25
1719463660882,108.9,25
1719463660882,108.9,25
1719463662297,108.7,150
1719463663117,108.85,25
1719463663287,108.65,150
1719463664637,109.0,25
1719463664637,109.0,25
1719463665924,109.25,150
1719463665924,109.25,150
1719463666604,108.85,25
1719463666946,108.65,50
1719463666946,108.65,50
1719463669264,109.35,75
1719463669264,109.35,75
1719463670001,109.4,25
1719463670647,108.9,150
1719463670647,108.9,150
1719463671708,108.85,50
1719463672766,109.05,175
1719463672766,109.05,175
1719463673633,108.5,125
1719463674766,108.55,50
1719463675061,108.75,50
1719463675530,109.0,400
1719463676405,109.05,150
1719463676405,109.05,150
1719463677747,108.55,75
1719463678024,108.6,25
1719463678436,108.95,75
1719463679602,109.0,1000
1719463680392,109.1,25
1719463680709,109.45,25
1719463681138,109.15,175
1719463681849,108.85,25
1719463683072,109.15,25
1719463683144,109.3,25
1719463683629,109.1,75
1719463684837,109.4,125
1719463685835,109.05,75
1719463686399,108.8,25
1719463686720,108.8,25
1719463687428,108.7,25
1719463688339,108.15,25
1719463689749,109.0,25
1719463689749,109.0,25
1719463690728,108.8,100
1719463691125,109.0,900
1719463691607,109.0,25
1719463692275,108.85,400
1719463693006,109.25,25
1719463694046,108.75,75
1719463694046,108.75,75
1719463695246,109.3,25
1719463695737,108.75,75
1719463696038,109.3,25
1719463696818,109.45,50
1719463697835,108.65,25
1719463697835,108.65,25
1719463698652,108.05,25
1719463699731,108.25,25
1719463700736,108.7,75
1719463701182,108.8,25
1719463701760,108.95,25
1719463701760,108.95,25
1719463703235,108.8,100
1719463703818,108.55,175
1719463704816,108.35,25
1719463704882,108.35,25
1719463705186,108.2,25
1719463705919,108.05,25
1719463707024,107.6,25
1719463707740,108.25,25
1719463707740,108.25,25
1719463708896,107.95,50
1719463709860,108.2,75
1719463709860,108.2,75
1719463710882,107.8,25
1719463710882,107.8,25
1719463711473,107.85,25
1719463712969,107.0,25
1719463713761,107.75,25
1719463714752,107.95,25
1719463715823,107.95,125
1719463716448,107.35,75
1719463716654,107.35,200
1719463717559,107.2,25
1719463717936,107.3,50
1719463718600,107.5,50
1719463719471,107.4,25
1719463719977,107.0,75
1719463720536,106.6,200
1719463721434,107.05,25
1719463721718,106.75,25
1719463722645,106.75,25
1719463722951,106.85,25
1719463723710,107.0,25
1719463724841,106.75,25
1719463724841,106.75,25
1719463725208,107.05,25
1719463726298,107.35,275
1719463726744,107.5,25
1719463727499,107.4,200
1719463727921,107.55,25
1719463729066,107.85,25
1719463729752,108.2,25
1719463730827,107.65,25
1719463730827,107.65,25
1719463732341,108.0,75
1719463732660,108.2,25
1719463732660,108.2,25
1719463733852,108.0,275
1719463734752,107.95,25
1719463735754,107.7,600
1719463736279,107.75,50
1719463736564,107.55,250
1719463736564,107.55,250
1719463739677,107.0,125
1719463739677,107.0,125
1719463739677,107.0,125
1719463741352,107.0,25
1719463741887,107.3,200
1719463741887,107.3,200
1719463743135,107.05,250
1719463743864,107.55,25
1719463744885,107.3,50
1719463744885,107.3,50
1719463745578,107.45,50
1719463746492,107.2,75
1719463746579,107.55,50
1719463746579,107.55,50
1719463748860,107.25,25
1719463749671,107.35,25
1719463749777,107.3,25
1719463749777,107.3,25
1719463749777,107.3,25
1719463753190,107.0,175
1719463753190,107.0,175
1719463755259,107.0,100
1719463756163,107.25,25
1719463756163,107.25,25
1719463756607,107.05,25
1719463757771,106.55,25
1719463757771,106.55,25
1719463758516,106.5,150
1719463759496,106.15,100
1719463760057,105.55,50
1719463760572,105.4,25
1719463761422,105.6,25
1719463761422,105.6,25
1719463761422,105.6,25
1719463763493,105.45,25
1719463763493,105.45,25
1719463764884,105.75,50
1719463765876,105.4,25
1719463766322,105.85,275
1719463767126,106.25,275
1719463767459,106.05,200
1719463767459,106.05,200
1719463768253,106.65,100
1719463768253,106.65,100
1719463770370,106.4,75
1719463770370,106.4,75
1719463770370,106.4,75
1719463770370,106.4,75
1719463773321,106.35,25
1719463773942,105.75,25
1719463773942,105.75,25
1719463775919,105.25,25
1719463776257,105.05,50
1719463776771,105.3,400
1719463777740,105.3,300
1719463777740,105.3,300
1719463778490,105.4,100
1719463778490,105.4,100
1719463780056,105.5,50
1719463780549,105.5,850
1719463780549,105.5,850
1719463781883,106.0,25
1719463782900,105.9,25
1719463782900,105.9,25
1719463783176,105.7,100
1719463784621,105.4,25
1719463784621,105.4,25
1719463784621,105.4,25
1719463786880,105.9,25
1719463787798,105.9,25
1719463788095,105.6,25
1719463788095,105.6,25
1719463789049,105.4,100
1719463789951,105.45,25
1719463790737,105.25,75
1719463791527,105.2,100
1719463791864,105.0,25
1719463791864,105.0,25
1719463793620,105.0,100
1719463794275,104.8,25
1719463794730,104.65,25
1719463795128,105.05,25
1719463795762,105.2,75
1719463796493,104.9,75
1719463796493,104.9,75
1719463797153,105.3,75
1719463797985,105.7,150
1719463798691,105.2,25
1719463799592,105.55,25
1719463799888,105.5,50
1719463800583,105.2,25
1719463800913,105.0,25
1719463801382,105.2,100
1719463801382,105.2,100
1719463802589,105.25,50
1719463803186,105.4,25
1719463804101,105.0,125
1719463804535,105.1,400
1719463804535,105.1,400
1719463805560,105.3,50
1719463805560,105.3,50
1719463806928,105.5,25
1719463807345,105.15,25
1719463807345,105.15,25
1719463808929,105.3,50
1719463809783,105.05,25
1719463809803,104.85,25
1719463810817,104.8,25
1719463810817,104.8,25
1719463811892,104.9,100
1719463811892,104.9,100
1719463813258,104.2,25
1719463813961,104.0,200
1719463814169,103.75,25
1719463814169,103.75,25
1719463815314,103.85,25
1719463815314,103.85,25
1719463817071,104.05,475
1719463817455,105.05,75
1719463818149,104.65,75
1719463818556,104.6,100
1719463819669,104.7,100
1719463819669,104.7,100
1719463820805,104.75,100
1719463820805,104.75,100
1719463821776,104.65,25
1719463822944,104.7,100
1719463823124,105.0,125
1719463823837,104.8,25
1719463824135,104.45,25
1719463824969,104.35,100
1719463825439,104.65,100
1719463825439,104.65,100
1719463827354,104.95,25
1719463827934,105.0,50
1719463828083,105.05,50
1719463828889,105.55,25
1719463829764,105.35,50
1719463829764,105.35,50
1719463830325,106.0,25
1719463831132,105.65,25
1719463831174,105.6,75
1719463831961,105.25,200
1719463832768,105.05,225
1719463833017,105.25,250
1719463833900,105.4,175
1719463834557,105.75,25
1719463834557,105.75,25
1719463835541,105.15,25
1719463836362,105.5,100
1719463836920,105.4,25
1719463837537,106.15,50
1719463838005,106.5,225
1719463838824,106.1,25
1719463838824,106.1,25
1719463840517,106.35,100
1719463840517,106.35,100
1719463842295,106.6,150
1719463843005,106.8,525
1719463844113,107.45,25
1719463844664,107.4,25
1719463844664,107.4,25
1719463845960,107.45,200
1719463846251,107.45,25
1719463846251,107.45,25
1719463847795,106.7,75
1719463847795,106.7,75
1719463848913,107.4,25
1719463849335,107.4,50
1719463849335,107.4,50
1719463850976,107.4,25
1719463850976,107.4,25
1719463851870,107.5,100
1719463852907,107.25,75
1719463853064,107.7,50
1719463853987,107.35,100
1719463854949,107.55,50
1719463855502,107.9,75
1719463856459,107.8,175
1719463856567,107.8,50
1719463857243,107.3,100
1719463857243,107.3,100
1719463859014,106.3,100
1719463859356,106.25,25
1719463859356,106.25,25
1719463860253,105.9,25
1719463860758,106.05,25
1719463860758,106.05,25
1719463861851,106.0,75
1719463863008,105.5,1000
1719463863008,105.5,1000
1719463863914,106.05,100
1719463863914,106.05,100
1719463866005,106.7,100
1719463866005,106.7,100
1719463866698,106.85,50
1719463867830,106.75,100
1719463868236,107.1,25
1719463868975,106.8,100
1719463869331,107.2,25
1719463870270,106.7,25
1719463870270,106.7,25
1719463871841,106.85,150
1719463872603,106.55,25
1719463872603,106.55,25
1719463872603,106.55,25
1719463875035,106.8,100
1719463875470,106.9,250
1719463876506,107.0,25
1719463876506,107.0,25
1719463877596,106.6,75
1719463877596,106.6,75
1719463878817,105.9,75
1719463878817,105.9,75
1719463881235,106.1,200
1719463881416,105.7,100
1719463881416,105.7,100
1719463881416,105.7,100
1719463883724,105.45,450
1719463884471,105.7,25
1719463884881,105.8,50
1719463884881,105.8,50
1719463885708,105.1,200
1719463885708,105.1,200
1719463887456,105.35,25
1719463887652,105.45,50
1719463888215,105.1,25
1719463888838,105.25,300
1719463889754,105.0,25
1719463889754,105.0,25
1719463890434,105.0,25
1719463890912,105.0,50
1719463891603,105.3,25
1719463891603,105.3,25
1719463893169,105.45,25
1719463893169,105.45,25
1719463893674,105.1,150
1719463894626,105.2,25
1719463895848,105.8,25
1719463896604,106.3,25
1719463897001,106.35,100
1719463897772,106.0,100
1719463897772,106.0,100
1719463898402,106.25,25
1719463899842,105.5,100
1719463900426,105.4,50
1719463901476,105.2,25
1719463901476,105.2,25
1719463902575,105.1,75
1719463903217,105.35,25
1719463903650,105.35,100
1719463904569,105.45,100
1719463904569,105.45,100
1719463904569,105.45,100
1719463907887,105.1,25
1719463907887,105.1,25
1719463907887,105.1,25
1719463909970,105.0,50
1719463910926,105.0,200
1719463911137,105.0,25
1719463911137,105.0,25
1719463911137,105.0,25
1719463913611,105.0,25
1719463913989,105.1,75
1719463914772,104.8,25
1719463914772,104.8,25
1719463916153,104.8,100
1719463916557,104.95,25
1719463917016,104.7,25
1719463917016,104.7,25
1719463918200,104.75,125
1719463918958,105.4,100
1719463919348,105.0,125
1719463919348,105.0,125
1719463921394,105.65,25
1719463921508,105.9,575
1719463921508,105.9,575
1719463923365,105.9,100
1719463923365,105.9,100
1719463924004,105.5,50
1719463924004,105.5,50
1719463925295,105.85,25
1719463925431,105.8,25
1719463926692,105.6,150
1719463926692,105.6,150
1719463927959,105.7,50
1719463927959,105.7,50
1719463929221,106.0,25
1719463929221,106.0,25
1719463929221,106.0,25
1719463930710,105.4,150
1719463930710,105.4,150
1719463932664,105.55,50
1719463932870,105.2,25
1719463932870,105.2,25
1719463933860,105.0,100
1719463935020,104.3,150
1719463935749,103.8,100
1719463936644,104.5,125
1719463937076,104.8,50
1719463937359,104.9,50
1719463938336,105.3,25
1719463938570,104.85,150
1719463939463,105.0,150
1719463941010,105.55,75
1719463941488,105.35,100
1719463942028,105.4,150
1719463942028,105.4,150
1719463943226,105.4,25
1719463943590,105.05,150
1719463944250,105.3,100
1719463944250,105.3,100
1719463945582,105.3,125
1719463946607,105.5,25
1719463946931,105.55,25
1719463947882,105.55,50
1719463948341,105.8,275
1719463948341,105.8,275
1719463949540,105.65,100
1719463950569,105.85,50
1719463950801,106.0,50
1719463950801,106.0,50
1719463952325,105.8,100
1719463952792,106.0,50
1719463952792,106.0,50
1719463953787,106.0,25
1719463954295,105.75,275
1719463955450,106.1,100
1719463956563,106.4,225
1719463956947,106.55,25
1719463957435,106.3,200
1719463958062,106.6,50
1719463958062,106.6,50
1719463959856,106.9,25
1719463961028,107.0,25
1719463961121,106.9,150
1719463961121,106.9,150
1719463963404,106.75,100
1719463963404,106.75,100
1719463963753,107.0,50
1719463963753,107.0,50
1719463965214,106.6,50
1719463965649,106.4,75
1719463966129,106.5,100
1719463967001,106.5,325
1719463967638,106.05,25
1719463967638,106.05,25
1719463969032,106.75,25
1719463969032,106.75,25
1719463969032,106.75,25
1719463971973,107.2,25
1719463971973,107.2,25
1719463974266,107.0,150
1719463974266,107.0,150
1719463974266,107.0,150
1719463977544,107.0,50
1719463977544,107.0,50
1719463980017,106.0,100
1719463980410,106.0,200
1719463980410,106.0,200
1719463980410,106.0,200
1719463980410,106.0,200
1719463984904,106.85,25
1719463985978,106.3,200
1719463985978,106.3,200
1719463985978,106.3,200
1719463989016,106.7,100
1719463989016,106.7,100
1719463991278,106.75,100
1719463991635,106.8,50
1719463991838,106.5,25
1719463993159,106.7,25
1719463993405,106.7,100
1719463993614,107.0,150
1719463994516,107.0,25
1719463994516,107.0,25
1719463995959,106.55,25
1719463996170,106.6,225
1719463996170,106.6,225
1719463997604,107.1,50
1719463997604,107.1,50
1719463998838,106.75,100
1719463999993,107.2,25
1719464000686,107.5,50
1719464001549,107.5,50
1719464002224,107.25,25
1719464002593,106.5,25
1719464002593,106.5,25
1719464003985,106.6,125
1719464003985,106.6,125
1719464006433,107.45,100
1719464006433,107.45,100
1719464008068,106.85,25
1719464008392,107.05,50
1719464008392,107.05,50
1719464010079,107.25,50
1719464010079,107.25,50
1719464010079,107.25,50
1719464010079,107.25,50
1719464012254,107.35,75
1719464012254,107.35,75
1719464014913,107.05,25
1719464015550,107.1,25
1719464015550,107.1,25
1719464016981,107.1,25
1719464017790,106.8,25
1719464017790,106.8,25
1719464018987,106.75,100
1719464018987,106.75,100
1719464020382,106.6,250
1719464021176,106.55,25
1719464021495,105.85,25
1719464022228,106.05,25
1719464023105,105.95,25
1719464023105,105.95,25
1719464024435,106.1,25
1719464024435,106.1,25
1719464026275,106.6,575
1719464026275,106.6,575
1719464027120,107.15,300
1719464027465,107.05,25
1719464027465,107.05,25
1719464029650,106.6,25
1719464029650,106.6,25
1719464030231,106.6,100
1719464030418,106.5,25
1719464030418,106.5,25
1719464032506,107.0,50
1719464032506,107.0,50
1719464034542,107.15,25
1719464034542,107.15,25
1719464036148,107.4,25
1719464036148,107.4,25
1719464036148,107.4,25
1719464038639,107.5,25
1719464038869,107.5,175
1719464038869,107.5,175
1719464038869,107.5,175
1719464041722,107.4,25
1719464041848,107.75,25
1719464042041,107.4,100
1719464042838,107.4,75
1719464042838,107.4,75
1719464044564,107.6,50
1719464045142,107.95,25
1719464045142,107.95,25
1719464045142,107.95,25
1719464048250,107.8,75
1719464048250,107.8,75
1719464048250,107.8,75
1719464050186,107.9,75
1719464050569,108.4,75
1719464050569,108.4,75
1719464052158,108.3,75
1719464052638,108.05,25
1719464053491,107.95,25
1719464054155,107.95,225
1719464054822,107.6,25
1719464055782,107.4,25
1719464056740,107.3,25
1719464057103,107.0,25
1719464057103,107.0,25
1719464058363,106.9,25
1719464059261,107.6,25
1719464059261,107.6,25
1719464061650,108.0,100
1719464061650,108.0,100
1719464062083,108.0,50
1719464062821,108.0,350
1719464063178,108.25,25
1719464064101,108.6,50
1719464064806,108.65,25
1719464064806,108.65,25
1719464065441,108.1,175
1719464066235,108.5,25
1719464067168,108.45,25
1719464068062,108.1,25
1719464068373,108.2,100
1719464068883,108.4,25
1719464069426,108.5,25
1719464070529,108.3,25
1719464070529,108.3,25
1719464070529,108.3,25
1719464073117,108.5,25
1719464073117,108.5,25
1719464075122,108.4,75
1719464075236,108.4,25
1719464075590,108.05,125
1719464077071,108.45,25
1719464077972,108.05,100
1719464077972,108.05,100
1719464078888,108.3,50
1719464080158,108.5,400
1719464080158,108.5,400
1719464080613,108.6,100
1719464081579,108.35,25
1719464082108,108.65,25
1719464082890,108.35,325
1719464083170,108.55,25
1719464083875,108.75,25
1719464084420,108.95,25
1719464085810,108.85,25
1719464086923,108.7,50
1719464086923,108.7,50
1719464088033,108.6,25
1719464088332,108.6,75
1719464089077,108.5,50
1719464089077,108.5,50
1719464090424,108.45,100
1719464090684,108.7,25
1719464090684,108.7,25
1719464092385,107.9,25
1719464093124,107.75,100
1719464093124,107.75,100
1719464093124,107.75,100
1719464095095,107.15,25
1719464095095,107.15,25
1719464095786,107.35,25
1719464096337,107.3,25
1719464096337,107.3,25
1719464097887,107.1,475
1719464098582,107.75,425
1719464099040,108.1,25
1719464099999,108.15,25
1719464100593,107.65,50
1719464100822,108.1,25
1719464100822,108.1,25
1719464103513,107.45,25
1719464103513,107.45,25
1719464103703,107.35,150
1719464104604,107.5,25
1719464105225,107.4,25
1719464105997,107.45,25
1719464106901,107.45,275
1719464107738,107.7,50
1719464108403,107.45,25
1719464108403,107.45,25
1719464109715,107.9,100
1719464110241,108.25,75
1719464110585,107.8,25
1719464111442,107.7,25
1719464112007,108.05,125
1719464113149,107.9,25
1719464113409,108.0,100
1719464113520,108.1,50
1719464114860,108.2,125
1719464114860,108.2,125
1719464115784,108.1,50
1719464116324,108.0,25
1719464116324,108.0,25
1719464118096,107.8,25
1719464118472,107.75,25
1719464119252,107.6,25
1719464119813,107.4,25
1719464120181,107.2,25
1719464120780,107.0,25
1719464121480,107.0,25
1719464122102,107.0,1125
1719464122158,107.3,25
1719464122158,107.3,25
1719464124618,107.75,25
1719464125117,107.85,25
1719464125117,107.85,25
1719464126459,107.5,25
1719464126459,107.5,25
1719464127217,107.8,25
1719464128148,107.4,175
1719464128448,107.65,25
1719464128448,107.65,25
1719464129459,107.5,25
1719464129459,107.5,25
1719464129459,107.5,25
1719464131648,107.75,200
1719464131867,107.7,25
1719464131867,107.7,25
1719464131867,107.7,25
1719464133614,108.05,25
1719464133892,108.45,25
1719464135307,108.45,200
1719464135383,108.2,75
1719464136585,108.05,100
1719464138128,108.45,25
1719464138128,108.45,25
1719464139133,108.85,175
1719464140042,109.35,25
1719464140293,109.35,25
1719464140801,108.75,50
1719464140801,108.75,50
1719464141927,109.2,100
1719464142960,108.75,25
1719464143471,108.4,25
1719464144214,107.7,25
1719464145163,107.25,25
1719464145163,107.25,25
1719464145718,107.7,75
1719464145718,107.7,75
1719464147328,107.85,50
1719464148149,107.7,25
1719464148237,107.35,25
1719464149080,107.7,75
1719464150026,107.7,25
1719464150026,107.7,25
1719464151078,107.7,25
1719464151905,107.5,25
1719464152156,107.7,25
1719464153161,107.65,25
1719464153319,107.75,25
1719464154119,107.35,25
1719464155157,108.0,25
1719464155584,108.05,25
1719464156454,108.3,25
1719464156454,108.3,25
1719464157617,108.65,50
1719464157617,108.65,50
1719464159026,108.55,125
1719464159701,108.7,100
1719464160574,108.3,100
1719464160776,108.45,50
1719464161642,108.15,50
1719464161642,108.15,50
1719464163044,107.75,125
1719464163044,107.75,125
1719464163958,107.75,300
1719464163958,107.75,300
1719464166068,108.15,50
1719464166677,108.35,25
1719464166677,108.35,25
1719464168014,108.3,25
1719464168014,108.3,25
1719464169725,108.1,175
1719464169725,108.1,175
1719464170408,108.0,25
1719464171587,107.6,125
1719464171587,107.6,125
1719464171587,107.6,125
1719464173203,107.8,25
1719464173431,107.35,25
1719464173573,107.5,125
1719464174658,108.0,25
1719464175877,108.35,50
1719464176803,108.35,25
1719464176803,108.35,25
1719464177938,108.65,175
1719464178456,107.95,75
1719464178896,108.0,25
1719464178896,108.0,25
1719464180348,108.05,100
1719464181618,107.3,175
1719464181618,107.3,175
1719464182359,107.4,50
1719464182591,107.35,50
1719464182591,107.35,50
1719464184222,107.15,200
1719464184669,107.3,25
1719464186025,107.25,50
1719464186400,107.15,200
1719464186400,107.15,200
1719464187451,107.6,25
1719464187451,107.6,25
1719464189455,107.95,125
1719464189889,108.2,25
1719464190512,107.85,75
1719464190512,107.85,75
1719464191622,108.65,200
1719464191622,108.65,200
1719464192487,108.65,200
1719464192487,108.65,200
1719464193644,108.3,25
1719464193644,108.3,25
1719464195808,107.75,25
1719464196069,107.85,25
1719464196650,107.35,25
1719464196650,107.35,25
1719464196650,107.35,25
1719464198908,107.65,25
1719464199545,107.55,25
1719464199545,107.55,25
1719464200553,108.0,25
1719464200553,108.0,25
1719464203243,108.65,25
1719464203243,108.65,25
1719464203726,108.5,300
1719464204950,107.95,25
1719464204950,107.95,25
1719464207046,108.05,25
1719464207247,108.25,25
1719464208520,107.95,25
1719464208520,107.95,25
1719464210082,107.95,25
1719464211101,107.8,75
1719464211101,107.8,75
1719464211101,107.8,75
1719464214108,108.0,275
1719464214436,108.2,75
1719464215517,108.0,25
1719464216824,107.8,25
1719464216824,107.8,25
1719464218348,107.0,300
1719464218434,107.0,425
1719464219124,106.55,75
1719464219124,106.55,75
1719464220396,106.0,25
1719464220396,106.0,25
1719464220396,106.0,25
1719464220396,106.0,25
1719464220396,106.0,25
1719464224002,106.4,25
1719464224002,106.4,25
1719464225779,106.2,125
1719464226162,105.8,25
1719464226162,105.8,25
1719464227562,105.55,150
1719464228343,105.45,175
1719464228536,105.3,50
1719464228811,105.2,100
1719464229465,105.2,250
1719464230262,105.0,200
1719464231168,105.0,25
1719464231996,104.6,75
1719464232214,104.6,50
1719464233206,105.65,50
1719464233468,105.6,75
1719464233898,105.4,400
1719464235098,104.9,150
1719464235475,105.3,25
1719464236822,104.85,50
1719464236822,104.85,50
1719464238472,104.95,125
1719464240211,104.85,25
1719464240211,104.85,25
1719464241061,105.0,25
1719464241917,105.0,25
1719464242165,105.0,200
1719464242438,105.1,100
1719464242438,105.1,100
1719464244563,104.6,25
1719464244563,104.6,25
1719464246284,105.0,1000
1719464247023,103.55,275
1719464247182,103.75,100
1719464248427,102.25,25
1719464248602,102.25,25
1719464249417,102.1,25
1719464250101,102.75,250
1719464250602,102.95,25
1719464251172,101.5,50
1719464251555,102.3,25
1719464252391,102.3,100
1719464253128,102.3,25
1719464253578,101.8,25
1719464254213,101.75,25
1719464255092,102.0,25
1719464255378,102.55,100
1719464256020,102.5,100
1719464256972,102.7,375
1719464257145,102.05,25
1719464257907,102.2,75
1719464258631,101.65,300
1719464259076,101.35,25
1719464260060,102.3,175
1719464260384,102.45,25
1719464261205,102.7,50
1719464261517,102.75,125
1719464262091,102.4,25
1719464262921,102.45,25
1719464263646,102.25,50
1719464264082,101.8,25
1719464264667,101.75,25
1719464264667,101.75,25
1719464266187,101.7,25
1719464267031,102.2,150
1719464267218,102.1,200
1719464267883,102.2,300
1719464268364,101.75,25
1719464268364,101.75,25
1719464269758,101.35,50
1719464270435,101.95,25
1719464270678,102.35,25
1719464271432,102.2,300
1719464272297,102.7,250
1719464273042,102.2,25
1719464273419,102.15,50
1719464273419,102.15,50
1719464273419,102.15,50
1719464275786,102.35,25
1719464276396,102.1,50
1719464277066,101.85,75
1719464277066,101.85,75
1719464278082,102.7,25
1719464278082,102.7,25
1719464279191,102.6,25
1719464280153,103.25,25
1719464280153,103.25,25
1719464280493,103.0,25
1719464280493,103.0,25
1719464281510,102.9,100
1719464282177,102.3,25
1719464282949,102.8,25
1719464283517,102.3,25
1719464283517,102.3,25
1719464285140,102.55,25
1719464285140,102.55,25
1719464287403,102.95,50
1719464288153,102.75,125
1719464288311,102.8,50
1719464288311,102.8,50
1719464290017,102.7,50
1719464290017,102.7,50
1719464291370,102.2,25
1719464292115,101.55,50
1719464292464,101.1,250
1719464293123,101.55,50
1719464293632,101.25,25
1719464293632,101.25,25
1719464295077,101.5,25
1719464295077,101.5,25
1719464295449,101.85,25
1719464297113,102.25,25
1719464297113,102.25,25
1719464298073,101.9,25
1719464298640,101.9,25
1719464299186,101.3,100
1719464300270,101.45,25
1719464301019,101.7,25
1719464301853,101.85,25
1719464301853,101.85,25
1719464303223,102.1,375
1719464303223,102.1,375
1719464304241,101.95,225
1719464305238,101.95,25
1719464306028,102.05,50
1719464307200,102.05,75
1719464308148,101.6,25
1719464308358,102.05,200
1719464309288,101.6,150
1719464310149,101.55,25
1719464310336,100.75,50
1719464310549,100.55,25
1719464310736,101.0,25
1719464311833,101.35,75
1719464311833,101.35,75
1719464313152,101.35,25
1719464313152,101.35,25
1719464314603,100.65,200
1719464315226,100.6,50
1719464316240,100.55,25
1719464317143,100.55,125
1719464317143,100.55,125
1719464318226,100.6,25
1719464318683,101.1,50
1719464318683,101.1,50
1719464319875,100.5,50
1719464319875,100.5,50
1719464321427,100.5,25
1719464321427,100.5,25
1719464322704,100.6,25
1719464323655,100.4,75
1719464323655,100.4,75
1719464323655,100.4,75
1719464323655,100.4,75
1719464325566,101.1,25
1719464326381,100.95,25
1719464327124,101.05,25
1719464327124,101.05,25
1719464328039,102.0,25
1719464328329,101.85,25
1719464329040,102.25,25
1719464330182,102.9,200
1719464330182,102.9,200
1719464330666,102.0,25
1719464332005,101.9,25
1719464333360,101.45,250
1719464333778,101.45,25
1719464333778,101.45,25
1719464335223,101.75,75
1719464335223,101.75,75
1719464335851,101.7,25
1719464335851,101.7,25
1719464337616,101.65,75
1719464337723,101.95,450
1719464337723,101.95,450
1719464339285,101.9,75
1719464339957,101.65,25
1719464339957,101.65,25
1719464340812,101.5,25
1719464341805,101.8,25
1719464341805,101.8,25
1719464343169,102.0,300
1719464343169,102.0,300
1719464344381,102.05,25
1719464345184,101.9,50
1719464345384,102.1,25
1719464345384,102.1,25
1719464346377,102.15,25
1719464347832,101.55,25
1719464347832,101.55,25
1719464349461,102.3,25
1719464350102,101.95,200
1719464350102,101.95,200
1719464351225,101.75,25
1719464351925,101.95,400
1719464351925,101.95,400
1719464352721,101.75,25
1719464353761,101.95,100
1719464354433,101.95,200
1719464355072,102.0,25
1719464355072,102.0,25
1719464356257,101.6,75
1719464356985,102.35,25
1719464358185,102.2,50
1719464358648,102.2,25
1719464359028,101.95,25
1719464360069,101.95,50
1719464360351,101.55,75
1719464361150,101.75,25
1719464362246,101.55,25
1719464363153,101.9,25
1719464363153,101.9,25
1719464364239,101.55,150
1719464364730,101.5,25
1719464364730,101.5,25
1719464365985,101.85,25
1719464367097,102.0,50
1719464367097,102.0,50
1719464367595,102.15,50
1719464367595,102.15,50
1719464368978,102.05,25
1719464369331,102.1,50
1719464370416,102.3,100
1719464370416,102.3,100
1719464370843,102.0,25
1719464370843,102.0,25
1719464372693,102.15,25
1719464373314,101.7,100
1719464373770,101.7,350
1719464373770,101.7,350
1719464375238,101.6,25
1719464375238,101.6,25
1719464376107,101.9,125
1719464376107,101.9,125
1719464377329,101.95,150
1719464377329,101.95,150
1719464378939,101.75,125
1719464379176,102.2,25
1719464379922,102.05,25
1719464379922,102.05,25
1719464380639,102.2,25
1719464381691,101.75,125
1719464381691,101.75,125
1719464383290,102.0,150
1719464383792,102.35,25
1719464384058,102.7,50
1719464385002,102.7,50
1719464385374,102.2,100
1719464386082,102.65,25
1719464386955,102.95,75
1719464388077,103.05,25
1719464388077,103.05,25
1719464389130,102.35,150
1719464389881,102.65,125
1719464390377,102.45,150
1719464391021,102.35,25
1719464392091,102.1,25
1719464392091,102.1,25
1719464393031,102.4,25
1719464393788,102.05,25
1719464394397,102.1,75
1719464394671,102.2,100
1719464394671,102.2,100
1719464395619,102.4,100
1719464396559,102.15,25
1719464396559,102.15,25
1719464398304,101.65,25
1719464398448,101.65,25
1719464399258,101.75,50
1719464400271,101.85,150
1719464400271,101.85,150
1719464401329,102.3,25
1719464402281,102.6,25
1719464403411,102.15,25
1719464403566,102.15,175
1719464403949,102.1,25
1719464403949,102.1,25
1719464405570,101.95,25
1719464406358,101.8,25
1719464406724,101.45,25
1719464408285,102.05,150
1719464408778,102.1,375
1719464408943,101.95,250
1719464409855,101.65,25
1719464409855,101.65,25
1719464410767,101.9,25
1719464411818,102.05,150
1719464412308,102.4,75
1719464412629,102.65,50
1719464413481,102.45,25
1719464413481,102.45,25
1719464414643,102.4,75
1719464414643,102.4,75
1719464414643,102.4,75
1719464418335,102.35,400
1719464418335,102.35,400
1719464419016,102.0,25
1719464420293,102.0,50
1719464420293,102.0,50
1719464421492,102.35,75
1719464421649,102.35,50
1719464421649,102.35,50
1719464423187,102.15,25
1719464423644,102.5,50
1719464424130,102.35,125
1719464425240,102.6,325
1719464425435,102.35,75
1719464426164,102.0,25
1719464427017,102.05,25
1719464427340,102.1,100
1719464428076,102.3,100
1719464428366,102.2,25
1719464429298,102.25,75
1719464430331,102.15,225
1719464430407,102.1,25
1719464430407,102.1,25
1719464430797,102.3,350
1719464431909,102.2,50
1719464432285,102.0,50
1719464432647,101.7,25
1719464433682,102.1,25
1719464433985,102.0,25
1719464434855,101.6,100
1719464434855,101.6,100
1719464434855,101.6,100
1719464437325,101.45,50
1719464438083,101.15,75
1719464438852,101.15,100
1719464438936,101.15,75
1719464440528,101.1,25
1719464440923,101.4,25
1719464441876,101.25,50
1719464442317,101.35,25
1719464443049,101.5,25
1719464443049,101.5,25
1719464445130,101.95,25
1719464445218,102.0,25
1719464445218,102.0,25
1719464445975,101.5,25
1719464446705,101.55,125
1719464447293,101.8,25
1719464447927,102.2,100
1719464447927,102.2,100
1719464449224,102.0,75
1719464449770,102.0,25
1719464449770,102.0,25
1719464451064,101.6,25
1719464451745,101.6,450
1719464451745,101.6,450
1719464453040,101.65,25
1719464453593,102.25,75
1719464454150,102.3,275
1719464455449,102.0,200
1719464456074,102.3,225
1719464457049,102.35,250
1719464457049,102.35,250
1719464458133,101.95,25
1719464458133,101.95,25
1719464459493,102.15,75
1719464460137,101.95,50
1719464460580,102.25,250
1719464461293,102.5,25
1719464461978,102.6,25
1719464461978,102.6,25
1719464462403,102.35,25
1719464463897,102.5,25
1719464463897,102.5,25
1719464464924,102.35,25
1719464465494,102.95,50
1719464465884,102.5,25
1719464467016,102.2,100
1719464467016,102.2,100
1719464468961,102.5,25
1719464469054,102.4,25
1719464469897,102.0,25
1719464470246,101.75,100
1719464470581,102.15,50
1719464470581,102.15,50
1719464472255,102.1,25
1719464473184,102.0,75
1719464473852,101.65,25
1719464474033,101.5,25
1719464474532,101.7,50
1719464474532,101.7,50
1719464476214,101.3,50
1719464476214,101.3,50
1719464477447,101.7,75
1719464477895,101.65,100
1719464478956,101.9,25
1719464478956,101.9,25
1719464480378,102.1,200
1719464480378,102.1,200
1719464480986,102.4,125
1719464482188,102.55,100
1719464482188,102.55,100
1719464484890,102.0,25
1719464484890,102.0,25
1719464486740,102.25,50
1719464487269,102.25,25
1719464487269,102.25,25
1719464488755,102.05,125
1719464488755,102.05,125
1719464489119,102.0,25
1719464490225,102.35,50
1719464490401,102.3,25
1719464490401,102.3,25
1719464490889,102.35,50
1719464490889,102.35,50
1719464492501,102.3,75
1719464493926,102.0,650
1719464493926,102.0,650
1719464494560,102.2,25
1719464495328,102.4,50
1719464495837,102.3,100
1719464496324,102.05,25
1719464496990,102.05,25
1719464496990,102.05,25
1719464498189,102.1,125
1719464498677,102.1,25
1719464499272,101.8,750
1719464500309,101.4,50
1719464500728,101.05,100
1719464501298,101.05,250
1719464502225,101.7,25
1719464502225,101.7,25
1719464503259,101.85,125
1719464503925,101.45,25
1719464503925,101.45,25
1719464505079,102.0,50
1719464505557,102.15,25
1719464505930,102.3,25
1719464507099,102.25,25
1719464507677,102.0,50
1719464507677,102.0,50
1719464509132,102.3,50
1719464509993,102.3,250
1719464509993,102.3,250
1719464511929,102.15,25
1719464512364,102.05,25
1719464512677,102.2,25
1719464513516,102.45,25
1719464513516,102.45,25
1719464515123,102.3,25
1719464515470,102.3,100
1719464516149,102.25,225
1719464516591,102.4,125
1719464516591,102.4,125
1719464518275,102.5,400
1719464518275,102.5,400
1719464519401,102.45,50
1719464520349,102.5,50
1719464520349,102.5,50
1719464520349,102.5,50
1719464521511,102.55,75
1719464522240,102.7,25
1719464522484,103.0,100
1719464523296,102.55,150
1719464524073,103.15,25
1719464524747,102.95,25
1719464525301,102.65,100
1719464525301,102.65,100
1719464526362,102.7,25
1719464527119,102.5,25
1719464527119,102.5,25
1719464528325,102.2,25
1719464528865,102.2,25
1719464528865,102.2,25
1719464530004,102.25,25
1719464530845,102.75,25
1719464531370,102.5,25
1719464532306,102.25,25
1719464532306,102.25,25
1719464532628,102.45,425
1719464533473,102.5,25
1719464534197,102.6,25
1719464534790,102.8,25
1719464535745,102.6,100
1719464536310,102.75,25
1719464537405,102.7,25
1719464537846,102.85,25
1719464538936,102.75,25
1719464538936,102.75,25
1719464540328,103.0,350
1719464540953,103.0,25
1719464541512,103.05,25
1719464542272,103.05,25
1719464542272,103.05,25
1719464543300,102.75,750
1719464544075,103.3,125
1719464544075,103.3,125
1719464545066,103.25,25
1719464545426,103.25,25
1719464546058,103.2,100
1719464547255,103.0,775
1719464547457,103.0,150
1719464548143,103.35,25
1719464548143,103.35,25
1719464549299,103.35,25
1719464550297,103.65,25
1719464550848,103.55,25
1719464551165,103.5,50
1719464551402,104.0,500
1719464551402,104.0,500
1719464553444,103.5,25
1719464553815,103.45,100
1719464554205,103.4,25
1719464555361,103.4,25
1719464555911,103.25,25
1719464556281,103.2,50
1719464557352,103.35,25
1719464557352,103.35,25
1719464558306,103.3,50
1719464558306,103.3,50
1719464559326,103.4,125
1719464559655,103.6,25
1719464559655,103.6,25
1719464559655,103.6,25
1719464562670,103.55,75
1719464563908,103.7,25
1719464563908,103.7,25
1719464564300,103.75,250
1719464565318,103.95,75
