time,price,volume
1719461503500,86.85,100
1719461503893,86.8,200
1719461503893,86.8,200
1719461504831,86.7,25
1719461504831,86.7,25
1719461504831,86.7,25
1719461508160,86.65,25
1719461508294,86.45,50
1719461508294,86.45,50
1719461509276,86.65,100
1719461509276,86.65,100
1719461509276,86.65,100
1719461512607,86.7,25
1719461512607,86.7,25
1719461514563,86.55,25
1719461514563,86.55,25
1719461514563,86.55,25
1719461514563,86.55,25
1719461514563,86.55,25
1719461514563,86.55,25
1719461522008,86.7,25
1719461522450,87.0,100
1719461523380,86.05,100
1719461523850,86.15,75
1719461524420,86.7,75
1719461525102,86.15,100
1719461525102,86.15,100
1719461526049,86.4,25
1719461526049,86.4,25
1719461526049,86.4,25
1719461526049,86.4,25
1719461532219,87.3,50
1719461532219,87.3,50
1719461532432,87.3,25
1719461533116,87.1,50
1719461533116,87.1,50
1719461534839,87.0,25
1719461535513,87.3,50
1719461535513,87.3,50
1719461536174,86.8,325
1719461537320,87.25,100
1719461537320,87.25,100
1719461537320,87.25,100
1719461537320,87.25,100
1719461537320,87.25,100
1719461543605,87.95,500
1719461544112,88.15,25
1719461544112,88.15,25
1719461545664,88.6,25
1719461546203,88.85,25
1719461547243,88.15,25
1719461547243,88.15,25
1719461548780,87.45,50
1719461548780,87.45,50
1719461548780,87.45,50
1719461548780,87.45,50
1719461552149,87.65,50
1719461552149,87.65,50
1719461553461,87.6,25
1719461553461,87.6,25
1719461555253,87.7,25
1719461555253,87.7,25
1719461555253,87.7,25
1719461557504,87.45,50
1719461557504,87.45,50
1719461559520,87.75,25
1719461559520,87.75,25
1719461562180,88.15,25
1719461562180,88.15,25
1719461562816,87.85,50
1719461563548,88.4,25
1719461563548,88.4,25
1719461564843,89.25,25
1719461565403,89.1,25
1719461565403,89.1,25
1719461565403,89.1,25
1719461568969,88.55,25
1719461568969,88.55,25
1719461570529,88.95,125
1719461570529,88.95,125
1719461573902,88.6,25
1719461573902,88.6,25
1719461575416,88.95,25
1719461575416,88.95,25
1719461575416,88.95,25
1719461575416,88.95,25
1719461575416,88.95,25
1719461575416,88.95,25
1719461581405,88.5,25
1719461582450,88.15,25
1719461582450,88.15,25
1719461582450,88.15,25
1719461582450,88.15,25
1719461588277,89.3,200
1719461588277,89.3,200
1719461588277,89.3,200
1719461591754,89.25,100
1719461592552,89.7,25
1719461593824,89.3,25
1719461593824,89.3,25
1719461594968,88.75,200
1719461594968,88.75,200
1719461594968,88.75,200
1719461599033,89.05,25
1719461599033,89.05,25
1719461599033,89.05,25
1719461599033,89.05,25
1719461599033,89.05,25
1719461599033,89.05,25
1719461599033,89.05,25
1719461599033,89.05,25
1719461609928,88.8,25
1719461609928,88.8,25
1719461609928,88.8,25
1719461609928,88.8,25
1719461613526,88.8,25
1719461613526,88.8,25
1719461613526,88.8,25
1719461616699,89.0,25
1719461616699,89.0,25
1719461616699,89.0,25
1719461616699,89.0,25
1719461616699,89.0,25
1719461616699,89.0,25
1719461624463,88.0,25
1719461624564,87.45,50
1719461624860,87.9,50
1719461624860,87.9,50
1719461624860,87.9,50
1719461624860,87.9,50
1719461624860,87.9,50
1719461631880,88.0,25
1719461632683,87.6,50
1719461633358,87.75,50
1719461633358,87.75,50
1719461633358,87.75,50
1719461633358,87.75,50
1719461638455,88.15,50
1719461638455,88.15,50
1719461638455,88.15,50
1719461638455,88.15,50
1719461641428,88.25,200
1719461641428,88.25,200
1719461641428,88.25,200
1719461641428,88.25,200
1719461641428,88.25,200
1719461648657,88.4,25
1719461648657,88.4,25
1719461648657,88.4,25
1719461648657,88.4,25
1719461653134,87.6,50
1719461653134,87.6,50
1719461653134,87.6,50
1719461653134,87.6,50
1719461658717,88.55,50
1719461659117,88.65,25
1719461659117,88.65,25
1719461659117,88.65,25
1719461659117,88.65,25
1719461663635,89.85,25
1719461663872,89.15,75
1719461664715,89.2,125
1719461664715,89.2,125
1719461664715,89.2,125
1719461668051,88.1,150
1719461668051,88.1,150
1719461669663,88.3,25
1719461669663,88.3,25
1719461669663,88.3,25
1719461671485,88.25,250
1719461672553,88.45,25
1719461672553,88.45,25
1719461672553,88.45,25
1719461672553,88.45,25
1719461677207,88.0,475
1719461677207,88.0,475
1719461678517,88.6,25
1719461678517,88.6,25
1719461678517,88.6,25
1719461682209,88.2,25
1719461682209,88.2,25
1719461683921,87.55,50
1719461683921,87.55,50
1719461683921,87.55,50
1719461683921,87.55,50
1719461689232,88.05,25
1719461689525,87.85,75
1719461689525,87.85,75
1719461689525,87.85,75
1719461689525,87.85,75
1719461693676,87.85,25
1719461693676,87.85,25
1719461693676,87.85,25
1719461693676,87.85,25
1719461693676,87.85,25
1719461693676,87.85,25
1719461693676,87.85,25
1719461701236,87.3,25
1719461702417,86.45,75
1719461702585,86.75,150
1719461702969,86.95,500
1719461702969,86.95,500
1719461704088,86.8,250
1719461704088,86.8,250
1719461707789,88.85,75
1719461707789,88.85,75
1719461711174,87.15,50
1719461711174,87.15,50
1719461711174,87.15,50
1719461715734,88.35,25
1719461715734,88.35,25
1719461715734,88.35,25
1719461715734,88.35,25
1719461720368,86.75,175
1719461720368,86.75,175
1719461720368,86.75,175
1719461749461,84.55,25
1719461749461,84.55,25
1719461749461,84.55,25
1719461753448,84.3,100
1719461753619,84.3,25
1719461753619,84.3,25
1719461753619,84.3,25
1719461756910,84.35,25
1719461757412,84.4,50
1719461757412,84.4,50
1719461758467,84.95,50
1719461758467,84.95,50
1719461758467,84.95,50
1719461760500,84.7,50
1719461760500,84.7,50
1719461762614,84.15,25
1719461762614,84.15,25
1719461763781,84.6,100
1719461763781,84.6,100
1719461764970,83.7,25
1719461765269,84.45,25
1719461766260,84.75,50
1719461766260,84.75,50
1719461766260,84.75,50
1719461768609,84.9,25
1719461768847,84.45,25
1719461768847,84.45,25
1719461770010,84.8,50
1719461771521,84.55,75
1719461772229,85.4,50
1719461772229,85.4,50
1719461772229,85.4,50
1719461775564,85.0,25
1719461775564,85.0,25
1719461777590,84.95,25
1719461779308,84.7,25
1719461779308,84.7,25
1719461782445,84.65,50
1719461782445,84.65,50
1719461782445,84.65,50
1719461782445,84.65,50
1719461786378,83.75,225
1719461786726,83.5,25
1719461786726,83.5,25
1719461788103,83.1,25
1719461788103,83.1,25
1719461788103,83.1,25
1719461790595,83.4,25
1719461790595,83.4,25
1719461791379,83.75,25
1719461792179,83.55,75
1719461793907,84.05,75
1719461793907,84.05,75
1719461794553,83.95,25
1719461794553,83.95,25
1719461796378,83.65,75
1719461796378,83.65,75
1719461798122,83.6,250
1719461798122,83.6,250
1719461798122,83.6,250
1719461801565,83.75,75
1719461802558,83.5,25
1719461802688,83.85,275
1719461802688,83.85,275
1719461802688,83.85,275
1719461802688,83.85,275
1719461808318,83.95,25
1719461808318,83.95,25
1719461810030,84.0,125
1719461810030,84.0,125
1719461810030,84.0,125
1719461810030,84.0,125
1719461815567,84.4,25
1719461817083,84.85,250
1719461817462,84.9,50
1719461817462,84.9,50
1719461818637,84.85,75
1719461818925,84.55,25
1719461818925,84.55,25
1719461818925,84.55,25
1719461820480,84.95,175
1719461820480,84.95,175
1719461820480,84.95,175
1719461820480,84.95,175
1719461820480,84.95,175
1719461826645,85.35,25
1719461826645,85.35,25
1719461828027,85.35,75
1719461828027,85.35,75
1719461828027,85.35,75
1719461828027,85.35,75
1719461834509,84.6,25
1719461835178,84.75,150
1719461835178,84.75,150
1719461836499,84.65,25
1719461837175,85.1,125
1719461837452,85.2,50
1719461837452,85.2,50
1719461837452,85.2,50
1719461837452,85.2,50
1719461837452,85.2,50
1719461844051,86.1,325
1719461844051,86.1,325
1719461844051,86.1,325
1719461844051,86.1,325
1719461844051,86.1,325
1719461844051,86.1,325
1719461844051,86.1,325
1719461844051,86.1,325
1719461854238,86.5,100
1719461854494,86.15,25
1719461854494,86.15,25
1719461854494,86.15,25
1719461854494,86.15,25
1719461854494,86.15,25
1719461860133,86.75,50
1719461860133,86.75,50
1719461861655,86.05,25
1719461861655,86.05,25
1719461861655,86.05,25
1719461861655,86.05,25
1719461867598,86.15,25
1719461867598,86.15,25
1719461868758,86.6,25
1719461868758,86.6,25
1719461868758,86.6,25
1719461871488,86.85,25
1719461871900,86.95,25
1719461872262,87.0,25
1719461872262,87.0,25
1719461874597,87.6,25
1719461874597,87.6,25
1719461874597,87.6,25
1719461874597,87.6,25
1719461879684,87.5,25
1719461880120,87.1,25
1719461880120,87.1,25
1719461880120,87.1,25
1719461881880,87.95,50
1719461882102,87.85,225
1719461882102,87.85,225
1719461882102,87.85,225
1719461882102,87.85,225
1719461882102,87.85,225
1719461882102,87.85,225
1719461882102,87.85,225
1719461892441,87.5,25
1719461892441,87.5,25
1719461893189,87.55,25
1719461893742,87.6,25
1719461893742,87.6,25
1719461895406,88.0,25
1719461895732,87.7,25
1719461895732,87.7,25
1719461897511,87.65,25
1719461897511,87.65,25
1719461898337,87.75,100
1719461898337,87.75,100
1719461898337,87.75,100
1719461898337,87.75,100
1719461903406,86.7,25
1719461903406,86.7,25
1719461905566,87.1,150
1719461905970,87.45,25
1719461905970,87.45,25
1719461907650,87.65,150
1719461907650,87.65,150
1719461909423,87.95,100
1719461909423,87.95,100
1719461910294,87.6,25
1719461910294,87.6,25
1719461910956,88.0,525
1719461911325,88.45,25
1719461911421,88.45,150
1719461911421,88.45,150
1719461911421,88.45,150
1719461911421,88.45,150
1719461917039,88.35,75
1719461917039,88.35,75
1719461917039,88.35,75
1719461917039,88.35,75
1719461921840,87.6,25
1719461921840,87.6,25
1719461921840,87.6,25
1719461921840,87.6,25
1719461921840,87.6,25
1719461921840,87.6,25
1719461921840,87.6,25
1719461921840,87.6,25
1719461933868,87.75,75
1719461934227,87.6,25
1719461934227,87.6,25
1719461934227,87.6,25
1719461936606,88.3,25
1719461937249,88.0,25
1719461937249,88.0,25
1719461939233,87.9,25
1719461939233,87.9,25
1719461940276,87.45,25
1719461940276,87.45,25
1719461940276,87.45,25
1719461941490,87.25,25
1719461942993,87.35,25
1719461942993,87.35,25
1719461944102,87.3,25
1719461944829,87.2,50
1719461944829,87.2,50
1719461946877,87.0,25
1719461946877,87.0,25
1719461948317,86.8,25
1719461948317,86.8,25
1719461950799,86.65,25
1719461950799,86.65,25
1719461950799,86.65,25
1719461954213,86.55,25
1719461954213,86.55,25
1719461954921,86.95,25
1719461954921,86.95,25
1719461956635,86.6,25
1719461956815,86.7,25
1719461957383,86.65,25
1719461957383,86.65,25
1719461958869,86.1,25
1719461959251,86.05,25
1719461960794,85.2,25
1719461961367,85.0,25
1719461961887,84.5,25
1719461962418,84.9,25
1719461962418,84.9,25
1719461963539,84.55,25
1719461964505,84.9,25
1719461964505,84.9,25
1719461965834,84.9,25
1719461966084,85.0,25
1719461966805,85.2,25
1719461967952,85.4,25
1719461967952,85.4,25
1719461969300,85.0,75
1719461969300,85.0,75
1719461970409,85.15,25
1719461970667,85.35,25
1719461970667,85.35,25
1719461972200,84.9,25
1719461972597,84.9,25
1719461972597,84.9,25
1719461974054,85.4,25
1719461974512,85.5,25
1719461974977,85.45,25
1719461975615,85.35,25
1719461976333,85.55,25
1719461976333,85.55,25
1719461977983,85.4,25
1719461978969,85.75,25
1719461979297,85.75,25
1719461979297,85.75,25
1719461980832,85.5,25
1719461980832,85.5,25
1719461981819,85.35,75
1719461982374,85.45,50
1719461982374,85.45,50
1719461983480,84.8,25
1719461983480,84.8,25
1719461984892,84.3,25
1719461985575,84.65,25
1719461986140,84.7,25
1719461986850,84.25,50
1719461987814,84.65,25
1719461987814,84.65,25
1719461988364,84.7,25
1719461988364,84.7,25
1719461990604,84.75,25
1719461990604,84.75,25
1719461991526,84.85,25
1719461991764,84.65,25
1719461992707,84.75,25
1719461993598,84.75,25
1719461993598,84.75,25
1719461995955,84.35,25
1719461995955,84.35,25
1719461996784,84.95,25
1719461997122,85.1,25
1719461998154,85.05,25
1719461998154,85.05,25
1719462000347,84.9,25
1719462000347,84.9,25
1719462001923,84.5,25
1719462002959,84.2,25
1719462002959,84.2,25
1719462003720,84.5,25
1719462003720,84.5,25
1719462003720,84.5,25
1719462007129,83.7,25
1719462007604,83.85,25
1719462008521,83.5,25
1719462009620,83.7,25
1719462009620,83.7,25
1719462011001,83.7,25
1719462011352,83.8,25
1719462011583,84.35,25
1719462011985,84.2,25
1719462013617,83.85,25
1719462014245,84.0,25
1719462014245,84.0,25
1719462016730,83.7,25
1719462017908,83.25,25
1719462018987,83.4,25
1719462019711,83.7,25
1719462019711,83.7,25
1719462020520,83.4,25
1719462021112,83.55,25
1719462021901,84.0,1000
1719462022239,84.25,25
1719462024120,84.35,25
1719462024811,84.8,25
1719462024990,84.65,25
1719462025624,84.45,100
1719462026460,84.5,25
1719462026792,84.6,25
1719462027456,84.9,25
1719462028040,84.9,25
1719462028040,84.9,25
1719462029337,84.35,75
1719462029337,84.35,75
1719462029337,84.35,75
1719462031323,84.3,25
1719462032553,84.35,125
1719462032553,84.35,125
1719462032553,84.35,125
1719462035329,84.45,25
1719462036361,84.2,50
1719462036361,84.2,50
1719462038134,84.75,25
1719462038833,84.85,175
1719462038833,84.85,175
1719462038833,84.85,175
1719462042089,85.0,100
1719462042089,85.0,100
1719462043258,85.15,25
1719462043258,85.15,25
1719462045791,85.4,25
1719462045791,85.4,25
1719462045791,85.4,25
1719462049199,84.8,50
1719462049199,84.8,50
1719462050198,84.7,25
1719462050981,84.25,50
1719462050981,84.25,50
1719462050981,84.25,50
1719462054389,84.7,25
1719462054389,84.7,25
1719462055780,84.75,250
1719462056368,84.9,150
1719462056368,84.9,150
1719462057579,84.8,25
1719462057579,84.8,25
1719462059238,85.15,50
1719462059238,85.15,50
1719462060373,84.95,25
1719462060373,84.95,25
1719462061061,84.9,25
1719462061061,84.9,25
1719462061061,84.9,25
1719462064472,85.5,1800
1719462064472,85.5,1800
1719462064472,85.5,1800
1719462064472,85.5,1800
1719462064472,85.5,1800
1719462064472,85.5,1800
1719462071967,85.5,25
1719462072290,85.5,500
1719462072290,85.5,500
1719462072290,85.5,500
1719462075555,85.55,50
1719462076103,85.55,25
1719462076103,85.55,25
1719462076103,85.55,25
1719462078433,85.0,25
1719462078433,85.0,25
1719462079965,85.05,50
1719462079965,85.05,50
1719462082743,86.1,75
1719462082785,86.35,200
1719462082785,86.35,200
1719462082785,86.35,200
1719462086138,85.75,25
1719462086138,85.75,25
1719462086138,85.75,25
1719462086138,85.75,25
1719462086138,85.75,25
1719462086138,85.75,25
1719462086138,85.75,25
1719462086138,85.75,25
1719462086138,85.75,25
1719462097182,85.9,25
1719462097182,85.9,25
1719462097182,85.9,25
1719462100173,85.35,150
1719462100173,85.35,150
1719462100173,85.35,150
1719462100173,85.35,150
1719462112836,84.65,150
1719462112836,84.65,150
1719462130947,86.0,50
1719462130947,86.0,50
1719462130947,86.0,50
1719462133759,85.95,75
1719462133759,85.95,75
1719462133759,85.95,75
1719462133759,85.95,75
1719462133759,85.95,75
1719462140038,86.45,25
1719462140038,86.45,25
1719462140038,86.45,25
1719462140038,86.45,25
1719462144883,86.65,25
1719462144883,86.65,25
1719462147278,86.2,25
1719462147278,86.2,25
1719462147278,86.2,25
1719462147278,86.2,25
1719462147278,86.2,25
1719462151639,86.6,175
1719462151639,86.6,175
1719462151639,86.6,175
1719462155849,85.8,25
1719462155849,85.8,25
1719462155849,85.8,25
1719462155849,85.8,25
1719462155849,85.8,25
1719462161919,86.7,25
1719462161919,86.7,25
1719462161919,86.7,25
1719462161919,86.7,25
1719462161919,86.7,25
1719462161919,86.7,25
1719462161919,86.7,25
1719462161919,86.7,25
1719462173395,86.2,75
1719462174402,86.5,25
1719462174402,86.5,25
1719462175720,86.15,25
1719462175720,86.15,25
1719462177150,86.8,25
1719462177150,86.8,25
1719462177150,86.8,25
1719462177150,86.8,25
1719462177150,86.8,25
1719462177150,86.8,25
1719462177150,86.8,25
1719462177150,86.8,25
1719462187036,87.8,150
1719462187036,87.8,150
1719462187036,87.8,150
1719462189974,87.75,50
1719462189974,87.75,50
1719462191619,87.3,25
1719462191619,87.3,25
1719462193734,87.35,50
1719462193734,87.35,50
1719462193734,87.35,50
1719462193734,87.35,50
1719462199665,87.6,25
1719462199665,87.6,25
1719462200654,87.6,50
1719462200654,87.6,50
1719462201805,87.0,25
1719462201805,87.0,25
1719462203191,86.8,175
1719462204406,86.4,100
1719462204406,86.4,100
1719462205935,86.25,25
1719462205935,86.25,25
1719462206599,86.2,25
1719462206599,86.2,25
1719462206599,86.2,25
1719462206599,86.2,25
1719462206599,86.2,25
1719462206599,86.2,25
1719462206599,86.2,25
1719462215599,87.3,125
1719462215599,87.3,125
1719462217587,86.85,25
1719462217845,86.95,25
1719462217845,86.95,25
1719462218322,87.05,25
1719462219666,86.85,25
1719462219666,86.85,25
1719462219666,86.85,25
1719462222804,87.1,25
1719462222804,87.1,25
1719462222804,87.1,25
1719462225049,86.75,100
1719462225509,86.75,25
1719462225509,86.75,25
1719462226995,86.95,25
1719462227923,86.9,25
1719462228168,86.75,25
1719462228168,86.75,25
1719462228168,86.75,25
1719462228168,86.75,25
1719462228168,86.75,25
1719462228168,86.75,25
1719462228168,86.75,25
1719462228168,86.75,25
1719462228168,86.75,25
1719462240212,87.3,25
1719462240212,87.3,25
1719462240700,87.0,25
1719462240700,87.0,25
1719462242347,87.15,175
1719462242347,87.15,175
1719462243259,86.55,50
1719462243259,86.55,50
1719462243259,86.55,50
1719462246773,86.0,25
1719462246773,86.0,25
1719462249993,86.5,25
1719462251389,87.0,25
1719462251626,87.2,50
1719462252416,87.6,25
1719462253046,87.75,125
1719462253046,87.75,125
1719462253046,87.75,125
1719462253046,87.75,125
1719462257926,87.45,25
1719462257926,87.45,25
1719462257926,87.45,25
1719462257926,87.45,25
1719462257926,87.45,25
1719462257926,87.45,25
1719462257926,87.45,25
1719462267849,86.5,75
1719462267849,86.5,75
1719462267849,86.5,75
1719462267849,86.5,75
1719462267849,86.5,75
1719462267849,86.5,75
1719462274229,86.6,25
1719462274229,86.6,25
1719462274229,86.6,25
1719462274229,86.6,25
1719462279299,85.95,100
1719462279299,85.95,100
1719462279299,85.95,100
1719462279299,85.95,100
1719462279299,85.95,100
1719462286330,85.7,50
1719462286330,85.7,50
1719462287017,86.15,100
1719462287017,86.15,100
1719462289865,85.1,25
1719462291049,85.2,50
1719462291511,85.2,25
1719462291511,85.2,25
1719462292625,85.0,25
1719462292625,85.0,25
1719462292625,85.0,25
1719462295791,85.3,25
1719462295994,85.75,25
1719462296186,85.85,225
1719462296186,85.85,225
1719462296186,85.85,225
1719462299413,85.55,25
1719462299413,85.55,25
1719462299413,85.55,25
1719462301464,85.45,25
1719462301464,85.45,25
1719462302275,85.35,25
1719462302275,85.35,25
1719462304728,85.4,25
1719462304728,85.4,25
1719462305746,85.1,150
1719462305746,85.1,150
1719462305746,85.1,150
1719462308826,85.15,50
1719462309583,85.55,250
1719462309583,85.55,250
1719462310683,85.45,25
1719462310683,85.45,25
1719462312067,84.0,125
1719462313045,84.15,100
1719462313270,83.9,50
1719462313517,83.95,250
1719462313517,83.95,250
1719462315125,84.4,25
1719462315900,84.8,25
1719462316739,85.0,25
1719462316925,84.85,25
1719462317751,84.55,25
1719462317751,84.55,25
1719462318962,84.8,25
1719462319924,84.7,25
1719462319924,84.7,25
1719462320791,84.8,25
1719462321534,84.9,25
1719462321932,84.95,25
1719462323305,85.0,25
1719462323624,84.8,25
1719462323624,84.8,25
1719462325473,85.05,25
1719462326095,85.1,25
1719462326549,85.05,25
1719462326803,84.95,25
1719462328351,83.8,75
1719462328351,83.8,75
1719462329209,84.1,25
1719462329514,84.2,25
1719462329514,84.2,25
1719462329514,84.2,25
1719462329514,84.2,25
1719462329514,84.2,25
1719462333376,84.3,25
1719462334248,84.05,50
1719462334248,84.05,50
1719462335884,84.35,50
1719462335884,84.35,50
1719462337853,84.55,25
1719462337853,84.55,25
1719462337853,84.55,25
1719462341611,84.8,25
1719462341611,84.8,25
1719462344918,84.3,100
1719462344918,84.3,100
1719462344918,84.3,100
1719462348131,84.7,25
1719462348131,84.7,25
1719462348131,84.7,25
1719462352744,85.0,25
1719462352744,85.0,25
1719462352744,85.0,25
1719462352744,85.0,25
1719462358037,85.0,50
1719462358037,85.0,50
1719462358037,85.0,50
1719462358037,85.0,50
1719462360929,84.75,50
1719462360929,84.75,50
1719462362261,84.75,275
1719462362261,84.75,275
1719462362261,84.75,275
1719462365664,85.25,100
1719462366255,85.3,25
1719462366255,85.3,25
1719462367325,85.6,275
1719462367707,85.85,50
1719462367707,85.85,50
1719462367707,85.85,50
1719462370151,85.5,25
1719462370151,85.5,25
1719462372568,84.75,25
1719462372758,84.7,25
1719462372758,84.7,25
1719462372758,84.7,25
1719462372758,84.7,25
1719462372758,84.7,25
1719462372758,84.7,25
1719462372758,84.7,25
1719462372758,84.7,25
1719462372758,84.7,25
1719462385510,85.3,25
1719462386723,85.2,25
1719462386723,85.2,25
1719462386723,85.2,25
1719462389268,85.55,50
1719462389268,85.55,50
1719462389268,85.55,50
1719462389268,85.55,50
1719462389268,85.55,50
1719462389268,85.55,50
1719462389268,85.55,50
1719462397055,84.7,250
1719462397632,84.75,50
1719462397632,84.75,50
1719462399065,84.35,25
1719462400060,83.2,50
1719462400147,83.45,175
1719462401178,82.8,125
1719462401819,82.3,25
1719462401819,82.3,25
1719462403301,82.0,25
1719462403301,82.0,25
1719462403714,82.0,150
1719462403714,82.0,150
1719462405298,82.1,25
1719462405660,82.55,75
1719462405660,82.55,75
1719462408151,81.4,50
1719462408151,81.4,50
1719462408612,81.3,125
1719462410115,81.95,100
1719462410115,81.95,100
1719462412753,81.3,50
1719462413167,81.4,150
1719462413167,81.4,150
1719462414896,80.9,200
1719462414896,80.9,200
1719462415153,80.5,50
1719462416198,79.95,50
1719462416473,79.9,150
1719462416988,80.05,250
1719462418059,80.1,25
1719462418059,80.1,25
1719462418059,80.1,25
1719462420336,79.15,150
1719462420526,79.15,25
1719462421228,78.65,25
1719462421228,78.65,25
1719462422522,78.0,25
1719462423470,78.8,150
1719462423470,78.8,150
1719462424555,78.95,75
1719462424889,79.35,100
1719462425498,79.25,75
1719462426392,79.15,25
1719462426672,79.45,25
1719462427177,79.2,50
1719462427853,80.0,525
1719462429438,79.75,75
1719462429438,79.75,75
1719462431188,79.6,50
1719462431188,79.6,50
1719462432922,80.0,475
1719462432922,80.0,475
1719462432922,80.0,475
1719462432922,80.0,475
1719462437134,79.45,75
1719462437134,79.45,75
1719462437134,79.45,75
1719462441707,79.2,25
1719462441777,78.7,25
1719462441777,78.7,25
1719462443358,79.05,75
1719462443358,79.05,75
1719462444152,78.65,125
1719462445011,78.5,25
1719462445011,78.5,25
1719462446311,78.3,25
1719462446390,78.2,50
1719462447337,78.4,25
1719462448432,78.65,25
1719462449330,78.8,25
1719462449814,79.0,50
1719462449814,79.0,50
1719462451596,79.25,25
1719462451596,79.25,25
1719462451596,79.25,25
1719462451596,79.25,25
1719462451596,79.25,25
1719462451596,79.25,25
1719462458769,78.75,75
1719462458769,78.75,75
1719462460674,78.9,25
1719462460674,78.9,25
1719462460674,78.9,25
1719462464050,77.9,50
1719462465157,78.15,75
1719462465157,78.15,75
1719462465845,77.85,300
1719462466963,77.25,75
1719462467109,76.8,25
1719462467682,77.2,25
1719462467682,77.2,25
1719462468894,76.8,25
1719462470010,76.65,75
1719462471347,76.35,25
1719462471982,75.85,150
1719462472220,75.7,25
1719462472220,75.7,25
1719462473687,75.6,25
1719462474371,75.75,25
1719462474919,75.95,25
1719462476340,75.1,25
1719462476749,75.1,25
1719462476749,75.1,25
1719462477845,74.9,25
1719462478511,75.6,25
1719462478972,75.65,225
1719462478972,75.65,225
1719462480593,74.95,25
1719462481409,74.5,25
1719462481823,74.9,25
1719462482566,74.25,50
1719462482956,74.0,25
1719462482956,74.0,25
1719462484228,74.55,25
1719462485343,74.3,25
1719462486352,74.65,50
1719462486981,74.8,50
1719462487374,75.1,25
1719462488343,75.6,25
1719462489055,75.15,25
1719462489939,74.85,25
1719462490799,75.0,25
1719462491499,74.75,25
1719462491968,74.45,125
1719462493162,75.1,100
1719462493162,75.1,100
1719462495156,74.8,25
1719462495231,74.4,25
1719462495863,75.3,25
1719462495863,75.3,25
1719462497875,74.5,200
1719462498572,74.75,175
1719462499060,74.7,25
1719462499373,75.0,25
1719462500395,74.9,25
1719462501464,74.5,25
1719462502043,74.4,25
1719462502043,74.4,25
1719462504796,74.1,150
1719462505109,74.3,50
1719462506092,73.95,25
1719462506591,73.5,150
1719462506591,73.5,150
1719462508355,73.75,100
1719462508355,73.75,100
1719462509639,73.85,100
1719462510074,74.0,50
1719462510074,74.0,50
1719462510823,73.9,50
1719462511831,73.7,25
1719462512376,73.7,25
1719462513304,73.2,25
1719462513304,73.2,25
1719462514174,73.0,25
1719462514732,73.4,75
1719462514732,73.4,75
1719462516528,73.45,25
1719462516726,73.4,50
1719462516726,73.4,50
1719462518069,73.75,25
1719462518523,73.45,25
1719462518762,73.65,50
1719462518762,73.65,50
1719462520970,73.9,50
1719462521016,73.8,25
1719462521851,74.15,50
1719462521851,74.15,50
1719462523324,74.0,75
1719462523621,74.3,25
1719462523621,74.3,25
1719462524880,73.5,25
1719462524880,73.5,25
1719462526621,73.6,75
1719462526621,73.6,75
1719462526621,73.6,75
1719462526621,73.6,75
1719462532745,73.65,25
1719462532965,73.65,25
1719462532965,73.65,25
1719462534159,74.0,25
1719462534279,73.95,25
1719462534279,73.95,25
1719462534279,73.95,25
1719462534279,73.95,25
1719462534279,73.95,25
1719462534279,73.95,25
1719462540603,73.9,25
1719462540603,73.9,25
1719462542140,73.65,25
1719462542140,73.65,25
1719462545240,73.55,100
1719462545240,73.55,100
1719462545240,73.55,100
1719462545240,73.55,100
1719462549305,73.75,50
1719462549305,73.75,50
1719462549305,73.75,50
1719462552459,73.4,100
1719462553514,73.6,175
1719462554594,73.4,25
1719462554594,73.4,25
1719462556418,73.0,25
1719462556597,72.75,50
1719462557360,73.15,50
1719462557510,73.3,25
1719462558684,73.3,125
1719462558684,73.3,125
1719462559496,73.0,100
1719462559496,73.0,100
1719462561846,73.0,25
1719462563618,73.2,50
1719462563618,73.2,50
1719462564540,73.2,125
1719462564540,73.2,125
1719462564540,73.2,125
1719462568585,73.0,50
1719462569092,72.8,25
1719462570410,72.9,50
1719462571181,72.9,150
1719462571985,72.75,75
1719462571985,72.75,75
1719462572914,72.85,50
1719462572914,72.85,50
1719462574065,72.85,25
1719462575370,72.95,25
1719462576201,73.2,200
1719462576307,73.05,25
1719462577345,73.6,25
1719462577702,73.8,25
1719462578700,74.05,25
1719462578700,74.05,25
1719462579915,73.95,75
1719462579915,73.95,75
1719462580556,73.9,25
1719462580556,73.9,25
1719462582677,73.95,100
1719462583761,73.75,50
1719462584272,73.6,50
1719462584784,73.25,125
1719462584784,73.25,125
1719462585955,73.4,25
1719462585955,73.4,25
1719462587766,73.25,25
1719462588442,73.15,25
1719462588442,73.15,25
1719462588442,73.15,25
1719462592185,73.1,150
1719462593606,73.5,275
1719462593606,73.5,275
1719462593821,73.1,25
1719462594987,73.0,25
1719462594987,73.0,25
1719462596149,73.5,50
1719462596149,73.5,50
1719462598107,73.15,300
1719462598107,73.15,300
1719462599367,73.0,25
1719462599367,73.0,25
1719462599367,73.0,25
1719462600915,72.0,100
1719462600915,72.0,100
1719462602384,72.0,25
1719462603453,72.3,25
1719462603453,72.3,25
1719462604965,72.75,25
1719462605488,72.85,25
1719462605488,72.85,25
1719462605958,73.15,25
1719462605958,73.15,25
1719462607287,72.8,25
1719462607661,73.2,250
1719462608794,72.8,25
1719462608794,72.8,25
1719462610531,72.95,50
1719462611176,73.25,75
1719462611176,73.25,75
1719462612496,73.1,25
1719462612496,73.1,25
1719462613887,73.1,25
1719462615587,72.4,25
1719462615587,72.4,25
1719462615587,72.4,25
1719462615587,72.4,25
1719462621471,73.1,25
1719462621471,73.1,25
1719462622326,73.2,25
1719462623198,73.5,175
1719462623198,73.5,175
1719462624258,73.5,250
1719462624258,73.5,250
1719462626254,73.3,25
1719462627103,73.4,25
1719462627103,73.4,25
1719462628254,72.95,25
1719462628254,72.95,25
1719462629753,73.15,25
1719462630038,73.2,25
1719462630038,73.2,25
1719462630038,73.2,25
1719462631253,72.85,25
1719462631647,73.0,25
1719462633253,72.65,25
1719462633591,72.5,25
1719462634286,72.3,25
1719462635253,72.5,25
1719462635253,72.5,25
1719462636653,72.55,25
1719462637004,72.95,25
1719462637874,72.45,50
1719462638753,72.85,25
1719462639431,72.95,275
1719462640254,73.2,25
1719462640503,73.25,25
1719462640978,73.2,25
1719462642254,73.15,25
1719462642254,73.15,25
1719462642503,73.2,25
1719462643808,73.4,75
1719462644287,73.25,25
1719462644641,73.05,50
1719462646254,72.95,25
1719462646254,72.95,25
1719462647753,72.95,25
1719462648101,72.7,75
1719462648101,72.7,75
1719462649015,72.5,25
1719462650062,73.0,25
1719462650062,73.0,25
1719462651253,73.1,25
1719462652040,72.85,25
1719462652040,72.85,25
1719462653503,73.1,25
1719462653753,73.1,25
1719462654039,73.1,25
1719462654958,73.0,225
1719462654958,73.0,225
1719462654958,73.0,225
1719462657930,72.45,150
1719462657930,72.45,150
1719462659281,72.1,75
1719462659716,72.0,50
1719462659716,72.0,50
1719462661032,71.3,25
1719462662174,71.45,25
1719462662174,71.45,25
1719462663335,71.7,25
1719462700312,71.65,250
1719462705962,70.9,25
1719462706124,70.9,25
1719462706124,70.9,25
1719462708936,70.75,150
1719462708936,70.75,150
1719462708936,70.75,150
1719462711810,70.7,25
1719462711810,70.7,25
1719462712659,70.5,150
1719462713150,70.3,650
1719462713974,69.85,25
1719462713974,69.85,25
1719462715273,69.7,125
1719462715747,69.65,150
1719462716587,69.9,25
1719462716587,69.9,25
1719462718158,69.55,150
1719462718587,69.55,25
1719462718587,69.55,25
1719462718587,69.55,25
1719462718587,69.55,25
1719462720634,69.5,50
1719462721530,68.45,50
1719462722291,68.45,25
1719462722291,68.45,25
1719462723326,68.1,25
1719462723848,68.05,200
1719462724112,68.2,25
1719462725572,68.85,25
1719462725714,68.8,25
1719462726254,68.95,25
1719462726527,68.9,25
1719462727596,69.45,25
1719462728730,68.8,75
1719462729459,69.25,25
1719462730520,69.45,275
1719462731683,69.55,100
1719462732118,69.9,50
1719462732118,69.9,50
1719462733495,69.8,100
1719462733495,69.8,100
1719462734141,69.9,25
1719462735099,69.95,100
1719462735099,69.95,100
1719462736329,70.05,25
1719462737181,70.05,50
1719462737374,70.15,150
1719462738448,70.2,25
1719462738740,70.0,500
1719462738740,70.0,500
1719462740000,69.9,25
1719462740861,69.9,50
1719462740861,69.9,50
1719462743712,69.9,25
1719462743851,69.8,25
1719462743851,69.8,25
1719462745248,69.65,150
1719462745567,69.65,25
1719462746247,69.55,50
1719462746563,69.65,175
1719462746563,69.65,175
1719462748119,69.55,25
1719462748119,69.55,25
1719462750380,69.55,25
1719462750380,69.55,25
1719462750380,69.55,25
1719462751331,69.8,125
1719462751331,69.8,125
1719462753046,69.25,25
1719462753286,69.25,25
1719462753679,69.35,25
1719462754366,69.45,150
1719462754366,69.45,150
1719462757009,68.8,150
1719462757009,68.8,150
1719462759588,69.3,125
1719462759760,68.75,125
1719462759760,68.75,125
1719462761188,69.2,200
1719462761828,69.0,25
1719462761828,69.0,25
1719462761828,69.0,25
1719462764628,68.95,50
1719462765484,68.95,50
1719462765484,68.95,50
1719462768545,68.9,150
1719462768545,68.9,150
1719462769732,68.6,25
1719462770026,68.7,50
1719462770509,68.3,125
1719462770779,68.5,25
1719462771899,67.6,75
1719462771899,67.6,75
1719462773266,67.1,25
1719462773266,67.1,25
1719462774653,67.2,25
1719462774653,67.2,25
1719462776022,67.0,75
1719462776733,66.85,25
1719462776984,67.05,50
1719462777637,67.0,25
1719462777637,67.0,25
1719462779948,67.05,25
1719462780170,67.3,150
1719462780507,67.5,50
1719462780507,67.5,50
1719462781173,67.1,125
1719462782195,67.05,25
1719462782768,67.05,25
1719462783301,66.8,25
1719462783905,66.85,25
1719462783905,66.85,25
1719462784927,66.5,100
1719462784927,66.5,100
1719462784927,66.5,100
1719462787480,66.55,25
1719462787480,66.55,25
1719462789546,66.35,175
1719462790054,66.1,50
1719462791389,65.95,25
1719462791389,65.95,25
1719462792466,65.85,50
1719462793154,66.05,25
1719462793154,66.05,25
1719462794656,66.05,150
1719462795442,66.25,25
1719462795442,66.25,25
1719462796102,66.15,50
1719462796589,66.05,25
1719462796589,66.05,25
1719462798060,66.75,75
1719462798060,66.75,75
1719462799362,66.4,25
1719462800581,66.15,250
1719462800581,66.15,250
1719462802758,66.35,200
1719462803428,66.05,150
1719462803762,66.25,150
1719462804365,66.05,100
1719462804975,66.55,25
1719462804975,66.55,25
1719462806779,66.95,25
1719462807075,66.85,25
1719462808333,66.95,50
1719462808724,66.85,25
1719462809512,67.1,25
1719462810210,67.35,50
1719462810528,67.4,75
1719462810692,67.2,50
1719462811769,67.4,75
1719462812373,67.25,50
1719462813359,67.1,25
1719462813841,66.4,25
1719462814337,66.65,25
1719462815576,66.5,25
1719462815576,66.5,25
1719462815576,66.5,25
1719462817228,66.35,25
1719462817495,66.5,25
1719462818329,66.95,50
1719462818329,66.95,50
1719462818999,66.95,25
1719462820110,67.45,25
1719462820110,67.45,25
1719462822307,67.65,25
1719462822495,67.75,25
1719462823195,67.6,25
1719462823703,67.7,25
1719462823703,67.7,25
1719462823703,67.7,25
1719462826058,67.65,25
1719462826058,67.65,25
1719462828083,67.6,25
1719462828083,67.6,25
1719462828083,67.6,25
1719462831914,67.8,25
1719462832065,67.6,25
1719462832721,67.05,150
1719462833841,67.5,25
1719462833841,67.5,25
1719462835192,67.6,25
1719462835192,67.6,25
1719462835192,67.6,25
1719462838471,67.55,300
1719462838791,67.55,25
1719462838791,67.55,25
1719462838791,67.55,25
1719462838791,67.55,25
1719462841790,67.25,75
1719462841790,67.25,75
1719462842742,67.3,25
1719462843054,67.3,25
1719462843946,67.3,25
1719462843946,67.3,25
1719462845598,67.65,50
1719462846200,68.1,175
1719462846584,68.35,100
1719462848838,68.6,25
1719462848838,68.6,25
1719462849633,68.7,25
1719462850327,68.85,25
1719462850327,68.85,25
1719462850327,68.85,25
1719462852735,68.25,150
1719462853976,68.6,25
1719462853976,68.6,25
1719462853976,68.6,25
1719462856536,68.55,25
1719462856825,68.7,50
1719462856825,68.7,50
1719462858755,68.7,300
1719462858755,68.7,300
1719462859786,68.5,25
1719462859786,68.5,25
1719462861638,68.2,25
1719462862118,68.35,25
1719462862118,68.35,25
1719462862118,68.35,25
1719462864700,68.35,50
1719462865075,68.5,25
1719462865773,68.2,50
1719462866377,68.6,75
1719462867011,68.55,25
1719462867635,68.6,100
1719462868948,68.55,75
1719462869265,68.75,175
1719462972025,68.15,150
1719462973447,68.05,25
1719462973447,68.05,25
1719462974672,68.1,100
1719462974672,68.1,100
1719462974672,68.1,100
1719462976958,68.45,25
1719462976958,68.45,25
1719462976958,68.45,25
1719462976958,68.45,25
1719462982212,68.2,50
1719462982212,68.2,50
1719462983327,68.45,125
1719462983327,68.45,125
1719462983327,68.45,125
1719462987230,68.15,200
1719462987230,68.15,200
1719462987847,68.3,25
1719462988395,68.25,25
1719462988395,68.25,25
1719462988395,68.25,25
1719462988395,68.25,25
1719462988395,68.25,25
1719462994217,67.85,75
1719462994217,67.85,75
1719462996233,67.8,100
1719462997308,67.55,175
1719462997308,67.55,175
1719462997308,67.55,175
1719463000238,67.45,25
1719463000519,67.5,25
1719463000519,67.5,25
1719463001366,67.7,150
1719463002491,67.4,25
1719463002491,67.4,25
1719463002491,67.4,25
1719463004881,67.2,150
1719463004881,67.2,150
1719463006408,67.45,25
1719463006920,67.8,150
1719463006920,67.8,150
1719463008847,67.15,75
1719463009112,67.0,25
1719463009619,67.15,25
1719463010415,67.15,50
1719463011566,66.75,25
1719463011566,66.75,25
1719463013374,67.05,25
1719463014185,66.8,25
1719463014267,66.7,200
1719463014267,66.7,200
1719463014267,66.7,200
1719463018412,66.5,25
1719463018412,66.5,25
1719463018412,66.5,25
1719463020581,66.25,25
1719463020800,66.0,25
1719463020800,66.0,25
1719463022615,66.0,25
1719463022615,66.0,25
1719463023649,66.1,25
1719463024224,66.0,25
1719463024424,65.9,25
1719463025419,65.9,75
1719463025792,66.1,25
1719463025792,66.1,25
1719463027335,66.25,25
1719463027335,66.25,25
1719463028180,65.7,25
1719463028804,65.65,150
1719463028804,65.65,150
1719463028804,65.65,150
1719463030995,64.85,125
1719463032133,65.15,100
1719463032133,65.15,100
1719463033975,65.75,75
1719463033975,65.75,75
1719463034553,65.9,100
1719463035721,67.0,25
1719463035902,67.0,75
1719463036535,67.6,25
1719463037370,67.85,50
1719463037370,67.85,50
1719463038306,67.85,25
1719463038900,67.95,150
1719463039257,67.95,25
1719463040388,67.9,25
1719463040388,67.9,25
1719463041597,68.05,75
1719463041597,68.05,75
1719463043353,68.1,25
1719463043353,68.1,25
1719463044649,67.8,50
1719463045242,67.65,25
1719463045242,67.65,25
1719463045919,67.95,25
1719463045919,67.95,25
1719463047706,67.95,50
1719463048230,68.0,25
1719463048230,68.0,25
1719463048230,68.0,25
1719463048230,68.0,25
1719463048230,68.0,25
1719463052694,68.7,25
1719463053416,68.6,50
1719463053894,68.8,50
1719463053894,68.8,50
1719463053894,68.8,50
1719463053894,68.8,50
1719463057851,68.55,25
1719463058018,68.45,150
1719463058880,68.55,25
1719463058880,68.55,25
1719463058880,68.55,25
1719463061065,68.65,50
1719463062167,68.2,75
1719463062408,67.95,675
1719463062914,68.25,100
1719463063323,68.2,25
1719463064042,68.15,25
1719463064042,68.15,25
1719463065199,68.45,100
1719463065199,68.45,100
1719463067114,68.55,100
1719463067114,68.55,100
1719463068241,68.0,100
1719463068241,68.0,100
1719463068241,68.0,100
1719463071900,68.3,150
1719463071900,68.3,150
1719463074070,68.75,25
1719463074070,68.75,25
1719463074070,68.75,25
1719463074070,68.75,25
1719463077743,68.4,25
1719463077743,68.4,25
1719463079884,68.4,25
1719463079884,68.4,25
1719463080447,68.45,25
1719463080447,68.45,25
1719463080447,68.45,25
1719463083210,68.25,25
1719463084103,68.1,150
1719463084204,68.0,375
1719463084688,67.95,25
1719463085491,67.8,25
1719463085884,68.0,25
1719463086486,68.3,25
1719463086486,68.3,25
1719463087807,68.25,25
1719463088737,68.4,75
1719463088737,68.4,75
1719463088737,68.4,75
1719463090340,68.75,100
1719463090823,68.4,25
1719463091542,68.6,250
1719463092427,68.45,25
1719463092663,68.45,50
1719463093544,68.75,150
1719463094119,68.6,50
1719463094119,68.6,50
1719463095735,68.4,25
1719463096017,67.85,150
1719463096536,67.7,100
1719463097040,68.05,25
1719463097040,68.05,25
1719463097884,68.3,25
1719463099276,68.8,25
1719463099276,68.8,25
1719463099276,68.8,25
1719463099276,68.8,25
1719463104084,68.55,50
1719463104084,68.55,50
1719463104084,68.55,50
1719463104084,68.55,50
1719463104084,68.55,50
1719463109979,69.0,425
1719463109979,69.0,425
1719463110492,68.75,100
1719463110492,68.75,100
1719463110492,68.75,100
1719463110492,68.75,100
1719463110492,68.75,100
1719463110492,68.75,100
1719463118126,68.85,25
1719463118239,68.7,175
1719463118239,68.7,175
1719463119667,68.9,25
1719463121136,68.45,50
1719463121651,67.65,200
1719463121651,67.65,200
1719463123973,67.1,75
1719463123973,67.1,75
1719463123973,67.1,75
1719463127129,67.0,50
1719463127307,66.9,50
1719463127307,66.9,50
1719463127307,66.9,50
1719463127307,66.9,50
1719463127307,66.9,50
1719463135700,67.55,100
1719463137313,67.45,200
1719463137313,67.45,200
1719463138718,67.25,25
1719463139142,66.85,125
1719463139142,66.85,125
1719463320752,66.5,25
1719463321194,66.15,25
1719463321194,66.15,25
1719463322358,66.2,25
1719463324148,66.4,50
1719463324148,66.4,50
1719463325784,66.3,25
1719463325784,66.3,25
1719463328070,67.05,50
1719463328228,66.85,25
1719463328228,66.85,25
1719463330433,66.5,25
1719463330433,66.5,25
1719463332748,66.65,25
1719463334352,66.6,25
1719463334352,66.6,25
1719463337157,66.8,50
1719463337157,66.8,50
1719463339191,66.4,50
1719463339451,66.75,75
1719463339451,66.75,75
1719463339451,66.75,75
1719463339451,66.75,75
1719463343131,66.5,275
1719463343399,66.75,25
1719463344442,66.9,75
1719463344442,66.9,75
1719463344882,67.0,125
1719463344882,67.0,125
1719463344882,67.0,125
1719463348065,67.0,25
1719463348973,67.0,25
1719463349306,66.7,300
1719463349854,66.7,50
1719463349854,66.7,50
1719463349854,66.7,50
1719463351738,66.7,100
1719463352750,66.9,25
1719463354449,66.65,75
1719463355193,66.15,125
1719463355193,66.15,125
1719463356420,66.0,600
1719463357191,65.5,100
1719463357191,65.5,100
1719463358215,65.75,300
1719463358215,65.75,300
1719463360030,65.65,25
1719463360857,65.75,25
1719463361046,65.75,25
1719463361217,65.35,75
1719463362642,66.1,75
1719463364197,66.55,25
1719463364197,66.55,25
1719463364197,66.55,25
1719463364197,66.55,25
1719463369111,66.05,150
1719463369111,66.05,150
1719463369111,66.05,150
1719463371972,66.1,300
1719463371972,66.1,300
1719463371972,66.1,300
1719463375248,66.0,25
1719463375248,66.0,25
1719463376290,66.15,25
1719463376725,66.1,50
1719463378181,66.25,100
1719463378762,66.5,25
1719463378762,66.5,25
1719463380451,67.0,25
1719463380623,66.95,75
1719463381079,67.35,25
1719463381079,67.35,25
1719463381079,67.35,25
1719463383803,67.4,325
1719463384258,66.7,100
1719463384672,66.35,50
1719463385675,66.45,25
1719463386070,66.6,25
1719463386878,66.15,25
1719463386878,66.15,25
1719463389142,66.6,25
1719463389142,66.6,25
1719463389142,66.6,25
1719463392193,67.1,150
1719463392193,67.1,150
1719463393030,67.0,25
1719463393464,67.0,25
1719463394752,67.1,25
1719463394752,67.1,25
1719463394752,67.1,25
1719463397362,67.2,25
1719463397362,67.2,25
1719463398308,67.6,25
1719463399659,67.35,100
1719463399659,67.35,100
1719463400890,67.45,25
1719463400890,67.45,25
1719463400890,67.45,25
1719463404284,67.6,50
1719463404284,67.6,50
1719463406170,67.6,50
1719463406170,67.6,50
1719463407113,68.0,25
1719463407113,68.0,25
1719463407113,68.0,25
1719463407113,68.0,25
1719463407113,68.0,25
1719463407113,68.0,25
1719463407113,68.0,25
1719463415364,68.0,75
1719463415364,68.0,75
1719463417081,68.1,25
1719463417081,68.1,25
1719463417081,68.1,25
1719463417081,68.1,25
1719463421989,68.0,250
1719463422869,68.3,100
1719463422869,68.3,100
1719463423537,68.5,75
1719463423537,68.5,75
1719463423537,68.5,75
1719463427061,68.1,25
1719463427061,68.1,25
1719463428155,68.55,25
1719463428758,69.2,100
1719463429671,69.3,50
1719463429926,68.95,25
1719463430599,68.75,25
1719463431270,68.5,25
1719463431425,68.75,25
1719463432774,69.8,25
1719463432774,69.8,25
1719463433943,69.0,50
1719463434718,69.3,50
1719463434718,69.3,50
1719463434718,69.3,50
1719463437089,68.8,25
1719463437089,68.8,25
1719463438460,68.95,150
1719463438953,68.85,25
1719463438953,68.85,25
1719463438953,68.85,25
1719463441002,68.5,25
1719463441002,68.5,25
1719463441468,68.75,25
1719463441468,68.75,25
1719463443434,68.45,50
1719463444703,68.55,25
1719463444703,68.55,25
1719463445296,68.2,150
1719463445296,68.2,150
1719463447184,68.7,50
1719463447184,68.7,50
1719463448047,68.7,200
1719463448047,68.7,200
1719463448047,68.7,200
1719463448047,68.7,200
1719463448047,68.7,200
1719463455510,68.45,300
1719463455510,68.45,300
1719463455510,68.45,300
1719463458908,68.15,25
1719463458908,68.15,25
1719463460868,68.7,1800
1719463460868,68.7,1800
1719463462350,68.4,25
1719463462350,68.4,25
1719463462350,68.4,25
1719463465049,68.5,25
1719463465049,68.5,25
1719463467629,68.3,25
1719463467629,68.3,25
1719463467629,68.3,25
1719463470322,67.85,25
1719463470500,67.7,300
1719463470500,67.7,300
1719463470500,67.7,300
1719463473094,67.6,50
1719463473094,67.6,50
1719463475239,67.95,50
1719463475239,67.95,50
1719463476515,67.75,25
1719463477462,67.8,25
1719463477993,68.2,50
1719463478719,68.0,25
1719463479151,68.35,25
1719463479151,68.35,25
1719463480220,68.55,175
1719463480220,68.55,175
1719463482686,68.75,25
1719463482686,68.75,25
1719463483920,68.7,25
1719463484598,68.25,75
1719463485013,68.75,25
1719463485013,68.75,25
1719463486899,68.5,25
1719463487704,68.55,25
1719463487957,68.65,25
1719463487957,68.65,25
1719463487957,68.65,25
1719463487957,68.65,25
1719463492862,68.65,150
1719463492862,68.65,150
1719463492862,68.65,150
1719463492862,68.65,150
1719463496569,68.75,25
1719463496569,68.75,25
1719463496569,68.75,25
1719463499845,68.6,25
1719463499845,68.6,25
1719463501412,68.65,25
1719463501412,68.65,25
1719463503722,68.65,25
1719463503722,68.65,25
1719463504882,68.5,25
1719463505685,68.75,250
1719463505685,68.75,250
1719463505685,68.75,250
1719463509518,68.3,250
1719463509518,68.3,250
1719463509518,68.3,250
1719463512045,69.5,50
1719463512045,69.5,50
1719463512045,69.5,50
1719463516060,69.05,25
1719463516060,69.05,25
1719463517351,69.35,25
1719463517552,69.3,25
1719463517552,69.3,25
1719463517552,69.3,25
1719463521260,68.8,25
1719463521260,68.8,25
1719463521260,68.8,25
1719463521260,68.8,25
1719463526198,68.3,25
1719463526198,68.3,25
1719463526198,68.3,25
1719463528400,68.35,200
1719463528400,68.35,200
1719463530363,68.0,25
1719463530363,68.0,25
1719463530363,68.0,25
1719463532717,67.8,25
1719463532717,67.8,25
1719463533841,68.0,50
1719463533841,68.0,50
1719463536373,67.85,500
1719463536373,67.85,500
1719463536373,67.85,500
1719463538996,67.8,25
1719463538996,67.8,25
1719463540352,67.9,50
1719463540352,67.9,50
1719463541626,67.7,50
1719463541626,67.7,50
1719463544221,68.05,25
1719463544655,68.0,175
1719463544655,68.0,175
1719463544655,68.0,175
1719463544655,68.0,175
1719463548732,67.55,50
1719463548732,67.55,50
1719463549991,67.2,50
1719463551189,67.1,25
1719463551189,67.1,25
1719463551189,67.1,25
1719463551189,67.1,25
1719463556356,67.9,100
1719463556458,67.9,150
1719463556458,67.9,150
1719463556458,67.9,150
1719463556458,67.9,150
1719463556458,67.9,150
1719463556458,67.9,150
1719463556458,67.9,150
1719463556458,67.9,150
1719463565012,68.5,50
1719463565012,68.5,50
1719463565012,68.5,50
1719463565012,68.5,50
1719463570494,68.5,25
1719463571201,68.4,25
1719463571463,68.25,50
1719463571463,68.25,50
1719463571463,68.25,50
1719463571463,68.25,50
1719463571463,68.25,50
1719463578045,68.85,50
1719463578045,68.85,50
1719463580812,68.8,25
1719463580812,68.8,25
1719463580812,68.8,25
1719463583805,69.0,25
1719463584024,69.0,100
1719463584024,69.0,100
1719463584024,69.0,100
1719463584024,69.0,100
1719463584024,69.0,100
1719463590080,68.9,75
1719463590080,68.9,75
1719463590080,68.9,75
1719463591967,68.85,50
1719463592061,68.85,50
1719463592061,68.85,50
1719463592061,68.85,50
1719463592061,68.85,50
1719463592061,68.85,50
1719463592061,68.85,50
1719463592061,68.85,50
1719463602904,68.5,50
1719463603208,68.65,25
1719463604206,68.2,25
1719463604899,67.95,25
1719463604899,67.95,25
1719463605566,67.8,25
1719463605566,67.8,25
1719463607732,67.95,100
1719463607732,67.95,100
1719463607732,67.95,100
1719463610314,68.6,25
1719463610314,68.6,25
1719463610314,68.6,25
1719463610314,68.6,25
1719463616351,68.9,25
1719463616351,68.9,25
1719463616351,68.9,25
1719463619040,69.2,50
1719463619755,69.15,150
1719463619755,69.15,150
1719463620703,69.2,450
1719463620938,69.2,50
1719463620938,69.2,50
1719463622260,69.35,250
1719463622260,69.35,250
1719463622260,69.35,250
1719463625371,69.45,25
1719463626298,69.25,75
1719463626298,69.25,75
1719463626298,69.25,75
1719463626298,69.25,75
1719463630100,69.15,50
1719463630100,69.15,50
1719463631848,69.0,100
1719463631979,69.0,150
1719463631979,69.0,150
1719463631979,69.0,150
1719463631979,69.0,150
1719463637013,68.5,25
1719463638069,68.8,50
1719463638313,68.85,25
1719463638313,68.85,25
1719463638313,68.85,25
1719463640049,68.65,100
1719463641194,68.55,100
1719463641194,68.55,100
1719463641194,68.55,100
1719463644150,68.35,100
1719463644150,68.35,100
1719463644150,68.35,100
1719463647106,69.0,50
1719463647471,69.15,50
1719463647471,69.15,50
1719463647471,69.15,50
1719463647471,69.15,50
1719463647471,69.15,50
1719463647471,69.15,50
1719463654260,69.65,125
1719463654260,69.65,125
1719463654260,69.65,125
1719463654260,69.65,125
1719463654260,69.65,125
1719463654260,69.65,125
1719463661822,69.55,25
1719463662362,69.4,125
1719463663261,69.25,75
1719463663261,69.25,75
1719463663261,69.25,75
1719463663261,69.25,75
1719463668198,69.8,175
1719463668198,69.8,175
1719463670033,69.6,75
1719463671559,69.85,100
1719463671559,69.85,100
1719463672881,69.3,50
1719463672881,69.3,50
1719463673554,69.0,200
1719463673554,69.0,200
1719463675220,69.45,50
1719463675983,69.75,25
1719463675983,69.75,25
1719463675983,69.75,25
1719463678544,69.45,25
1719463679266,69.45,25
1719463679266,69.45,25
1719463679266,69.45,25
1719463679266,69.45,25
1719463679266,69.45,25
1719463684322,69.9,25
1719463684322,69.9,25
1719463686750,69.0,125
1719463686750,69.0,125
1719463686750,69.0,125
1719463686750,69.0,125
1719463691140,69.7,125
1719463691140,69.7,125
1719463691140,69.7,125
1719463691140,69.7,125
1719463691140,69.7,125
1719463697539,69.55,25
1719463698192,69.0,25
1719463698192,69.0,25
1719463699552,69.05,50
1719463699720,69.1,25
1719463699720,69.1,25
1719463699720,69.1,25
1719463699720,69.1,25
1719463703596,69.0,175
1719463703752,69.15,25
1719463704360,69.0,775
1719463704360,69.0,775
1719463704360,69.0,775
1719463706679,68.5,175
1719463706679,68.5,175
1719463706679,68.5,175
1719463706679,68.5,175
1719463706679,68.5,175
1719463712473,68.05,25
1719463712473,68.05,25
1719463713585,68.45,150
1719463714281,68.7,150
1719463714803,68.65,25
1719463714803,68.65,25
1719463715203,69.05,25
1719463715203,69.05,25
1719463715203,69.05,25
1719463715203,69.05,25
1719463715203,69.05,25
1719463722635,68.0,150
1719463722635,68.0,150
1719463723685,68.3,50
1719463723685,68.3,50
1719463723685,68.3,50
1719463723685,68.3,50
1719463723685,68.3,50
1719463731107,68.65,50
1719463731107,68.65,50
1719463731107,68.65,50
1719463731107,68.65,50
1719463736153,68.65,25
1719463736153,68.65,25
1719463736153,68.65,25
1719463736153,68.65,25
1719463736153,68.65,25
1719463736153,68.65,25
1719463736153,68.65,25
1719463736153,68.65,25
1719463736153,68.65,25
1719463748242,68.45,200
1719463748242,68.45,200
1719463748741,68.15,100
1719463748741,68.15,100
1719463751512,68.0,25
1719463751512,68.0,25
1719463751512,68.0,25
1719463754832,68.3,25
1719463754832,68.3,25
1719463754832,68.3,25
1719463757833,68.1,25
1719463757833,68.1,25
1719463760075,67.0,25
1719463760442,67.1,25
1719463760442,67.1,25
1719463761844,67.15,125
1719463761844,67.15,125
1719463764890,67.3,150
1719463764890,67.3,150
1719463766300,67.4,150
1719463766300,67.4,150
1719463768265,67.9,150
1719463768265,67.9,150
1719463768909,67.65,50
1719463769284,67.75,150
1719463769284,67.75,150
1719463769284,67.75,150
1719463769284,67.75,150
1719463769284,67.75,150
1719463769284,67.75,150
1719463769284,67.75,150
1719463769284,67.75,150
1719463769284,67.75,150
1719463769284,67.75,150
1719463769284,67.75,150
1719463769284,67.75,150
1719463769284,67.75,150
1719463769284,67.75,150
1719463769284,67.75,150
1719463769284,67.75,150
1719463769284,67.75,150
1719463794129,66.45,225
1719463794129,66.45,225
1719463796205,66.75,125
1719463796205,66.75,125
1719463797045,67.05,150
1719463797045,67.05,150
1719463797045,67.05,150
1719463797045,67.05,150
1719463797045,67.05,150
1719463797045,67.05,150
1719463797045,67.05,150
1719463797045,67.05,150
1719463806902,67.25,50
1719463806902,67.25,50
1719463806902,67.25,50
1719463810255,66.85,25
1719463810738,67.0,50
1719463810738,67.0,50
1719463810738,67.0,50
1719463814300,66.05,25
1719463814300,66.05,25
1719463814300,66.05,25
1719463814300,66.05,25
1719463818815,67.05,50
1719463818815,67.05,50
1719463820287,67.0,100
1719463821808,66.95,75
1719463821808,66.95,75
1719463822923,67.0,75
1719463822923,67.0,75
1719463824489,66.65,25
1719463824489,66.65,25
1719463824489,66.65,25
1719463828666,67.1,200
1719463828997,67.6,25
1719463828997,67.6,25
1719463828997,67.6,25
1719463830685,67.8,50
1719463830685,67.8,50
1719463830685,67.8,50
1719463830685,67.8,50
1719463830685,67.8,50
1719463830685,67.8,50
1719463830685,67.8,50
1719463840844,68.0,25
1719463841335,67.9,25
1719463841335,67.9,25
1719463843186,68.45,150
1719463843186,68.45,150
1719463843986,68.6,25
1719463843986,68.6,25
1719463846243,68.5,25
1719463846243,68.5,25
1719463846243,68.5,25
1719463846243,68.5,25
1719463851096,68.65,25
1719463851096,68.65,25
1719463851096,68.65,25
1719463855204,68.8,50
1719463855204,68.8,50
1719463855866,69.05,25
1719463855866,69.05,25
1719463855866,69.05,25
1719463859079,68.0,25
1719463859760,67.9,150
1719463859760,67.9,150
1719463859760,67.9,150
1719463859760,67.9,150
1719463859760,67.9,150
1719463864524,67.8,25
1719463864524,67.8,25
1719463865457,67.65,25
1719463866157,68.05,25
1719463866157,68.05,25
1719463866157,68.05,25
1719463869852,68.25,25
1719463869852,68.25,25
1719463870864,68.1,25
1719463870864,68.1,25
1719463870864,68.1,25
1719463870864,68.1,25
1719463875733,68.55,50
1719463875733,68.55,50
1719463877215,68.3,75
1719463877215,68.3,75
1719463878707,68.05,50
1719463878707,68.05,50
1719463881695,67.75,25
1719463881695,67.75,25
1719463882690,67.65,225
1719463883437,67.65,50
1719463883762,67.75,25
1719463883762,67.75,25
1719463883762,67.75,25
1719463887613,67.6,25
1719463888147,67.25,50
1719463888147,67.25,50
1719463889306,67.25,550
1719463889306,67.25,550
1719463889306,67.25,550
1719463891115,67.3,100
1719463891115,67.3,100
1719463892442,67.1,25
1719463892442,67.1,25
1719463892442,67.1,25
1719463895476,67.5,225
1719463896551,67.85,25
1719463896551,67.85,25
1719463896551,67.85,25
1719463899066,67.55,500
1719463899066,67.55,500
1719463901241,67.55,75
1719463901496,67.6,300
1719463901496,67.6,300
1719463901496,67.6,300
1719463901496,67.6,300
1719463901496,67.6,300
1719463907883,67.1,25
1719463907883,67.1,25
1719463907883,67.1,25
1719463907883,67.1,25
1719463913023,67.0,50
1719463913023,67.0,50
1719463913562,66.95,25
1719463914526,66.9,25
1719463914526,66.9,25
1719463916673,66.85,25
1719463916673,66.85,25
1719463918090,66.9,625
1719463918480,67.25,50
1719463918480,67.25,50
1719463918480,67.25,50
1719463918480,67.25,50
1719463918480,67.25,50
1719463918480,67.25,50
1719463918480,67.25,50
1719463926255,67.4,25
1719463926255,67.4,25
1719463926255,67.4,25
1719463926255,67.4,25
1719463926255,67.4,25
1719463933338,67.2,100
1719463933338,67.2,100
1719463933638,67.0,550
1719463935019,66.65,25
1719463935019,66.65,25
1719463935470,66.2,100
1719463935470,66.2,100
1719463935470,66.2,100
1719463935470,66.2,100
1719463935470,66.2,100
1719463935470,66.2,100
1719463935470,66.2,100
1719463935470,66.2,100
1719463935470,66.2,100
1719463948816,67.55,50
1719463948816,67.55,50
1719463948816,67.55,50
1719463950742,67.85,50
1719463950742,67.85,50
1719463953125,67.8,125
1719463953125,67.8,125
1719463953828,67.9,25
1719463953828,67.9,25
1719463956913,68.4,50
1719463956913,68.4,50
1719463957604,68.1,150
1719463957604,68.1,150
1719463959534,68.35,75
1719463959911,68.4,100
1719463959911,68.4,100
1719463960447,68.5,225
1719463960447,68.5,225
1719463960447,68.5,225
1719463965299,68.15,75
1719463965299,68.15,75
1719463967373,68.0,50
1719463967373,68.0,50
1719463967373,68.0,50
1719463967373,68.0,50
1719463967373,68.0,50
1719463973687,68.8,25
1719463973687,68.8,25
1719463973687,68.8,25
1719463978366,68.5,100
1719463978366,68.5,100
1719463980188,68.05,25
1719463980188,68.05,25
1719463980188,68.05,25
1719463982150,67.85,250
1719463982903,68.15,100
1719463982903,68.15,100
1719463982903,68.15,100
1719463986373,68.45,25
1719463986373,68.45,25
1719463988365,68.5,25
1719463988365,68.5,25
1719463988365,68.5,25
1719463988365,68.5,25
1719463988365,68.5,25
1719463994345,68.8,100
1719463994345,68.8,100
1719463996799,68.45,25
1719463996799,68.45,25
1719463996799,68.45,25
1719464000234,68.85,25
1719464000234,68.85,25
1719464000882,69.1,100
1719464000882,69.1,100
1719464000882,69.1,100
1719464003962,68.3,750
1719464003962,68.3,750
1719464003962,68.3,750
1719464003962,68.3,750
1719464003962,68.3,750
1719464003962,68.3,750
1719464003962,68.3,750
1719464003962,68.3,750
1719464003962,68.3,750
1719464003962,68.3,750
1719464017492,68.3,25
1719464017492,68.3,25
1719464017492,68.3,25
1719464021482,67.8,275
1719464021482,67.8,275
1719464021482,67.8,275
1719464021482,67.8,275
1719464021482,67.8,275
1719464021482,67.8,275
1719464021482,67.8,275
1719464021482,67.8,275
1719464021482,67.8,275
1719464021482,67.8,275
1719464021482,67.8,275
1719464037979,68.75,250
1719464037979,68.75,250
1719464037979,68.75,250
1719464037979,68.75,250
1719464037979,68.75,250
1719464037979,68.75,250
1719464046931,68.85,75
1719464046931,68.85,75
1719464046931,68.85,75
1719464051656,69.0,50
1719464051968,69.3,25
1719464051968,69.3,25
1719464053649,69.25,25
1719464053649,69.25,25
1719464055370,68.55,75
1719464056691,68.6,50
1719464056691,68.6,50
1719464058749,68.85,250
1719464058749,68.85,250
1719464058749,68.85,250
1719464058749,68.85,250
1719464063683,69.4,25
1719464064633,69.6,25
1719464064633,69.6,25
1719464064633,69.6,25
1719464064633,69.6,25
1719464064633,69.6,25
1719464064633,69.6,25
1719464064633,69.6,25
1719464064633,69.6,25
1719464064633,69.6,25
1719464076021,69.2,225
1719464076021,69.2,225
1719464076021,69.2,225
1719464076021,69.2,225
1719464080868,69.2,25
1719464081621,69.05,200
1719464081621,69.05,200
1719464082876,69.25,25
1719464082876,69.25,25
1719464084417,69.55,25
1719464084417,69.55,25
1719464086392,69.5,100
1719464086392,69.5,100
1719464086392,69.5,100
1719464086392,69.5,100
1719464086392,69.5,100
1719464092509,69.0,475
1719464092867,69.0,525
1719464092867,69.0,525
1719464094357,68.4,25
1719464094799,68.0,25
1719464096218,68.5,25
1719464096218,68.5,25
1719464098262,68.7,25
1719464098587,68.9,25
1719464098587,68.9,25
1719464099401,69.0,25
1719464099401,69.0,25
1719464099401,69.0,25
1719464100805,68.85,25
1719464100805,68.85,25
1719464100805,68.85,25
1719464105189,68.4,225
1719464105189,68.4,225
1719464106911,68.6,25
1719464106911,68.6,25
1719464107756,68.75,25
1719464108888,68.65,25
1719464108888,68.65,25
1719464108888,68.65,25
1719464108888,68.65,25
1719464108888,68.65,25
1719464108888,68.65,25
1719464108888,68.65,25
1719464119067,68.75,25
1719464119698,68.65,100
1719464119698,68.65,100
1719464120765,68.3,25
1719464120765,68.3,25
1719464120765,68.3,25
1719464120765,68.3,25
1719464120765,68.3,25
1719464127990,68.55,25
1719464127990,68.55,25
1719464127990,68.55,25
1719464131181,68.8,150
1719464131181,68.8,150
1719464133377,69.25,25
1719464133377,69.25,25
1719464133377,69.25,25
1719464134343,69.35,25
1719464134343,69.35,25
1719464136261,69.4,25
1719464136261,69.4,25
1719464136261,69.4,25
1719464139595,69.8,25
1719464140131,69.95,125
1719464140131,69.95,125
1719464140131,69.95,125
1719464143366,69.55,25
1719464143366,69.55,25
1719464144023,69.1,50
1719464144023,69.1,50
1719464144023,69.1,50
1719464144023,69.1,50
1719464144023,69.1,50
1719464144023,69.1,50
1719464152640,69.0,25
1719464152640,69.0,25
1719464154275,69.0,50
1719464154426,68.8,100
1719464154426,68.8,100
1719464155845,69.5,125
1719464155845,69.5,125
1719464155845,69.5,125
1719464155845,69.5,125
1719464155845,69.5,125
1719464155845,69.5,125
1719464155845,69.5,125
1719464155845,69.5,125
1719464155845,69.5,125
1719464155845,69.5,125
1719464155845,69.5,125
1719464155845,69.5,125
1719464155845,69.5,125
1719464176700,69.7,25
1719464176700,69.7,25
1719464176700,69.7,25
1719464176700,69.7,25
1719464176700,69.7,25
1719464176700,69.7,25
1719464176700,69.7,25
1719464187039,68.7,175
1719464187039,68.7,175
1719464188196,69.05,25
1719464188432,69.2,150
1719464189102,69.0,75
1719464189732,69.1,150
1719464189732,69.1,150
1719464189732,69.1,150
1719464189732,69.1,150
1719464189732,69.1,150
1719464189732,69.1,150
1719464196800,68.75,25
1719464196800,68.75,25
1719464197854,68.85,150
1719464197854,68.85,150
1719464197854,68.85,150
1719464197854,68.85,150
1719464197854,68.85,150
1719464197854,68.85,150
1719464197854,68.85,150
1719464197854,68.85,150
1719464197854,68.85,150
1719464197854,68.85,150
1719464197854,68.85,150
1719464214481,69.0,25
1719464215181,68.9,25
1719464215799,69.05,25
1719464216179,69.05,25
1719464217095,68.7,25
1719464217095,68.7,25
1719464218016,68.45,25
1719464218973,67.85,25
1719464219070,67.7,25
1719464219070,67.7,25
1719464220512,68.0,50
1719464220512,68.0,50
1719464221277,68.05,25
1719464221911,68.0,25
1719464221911,68.0,25
1719464221911,68.0,25
1719464224220,67.85,500
1719464225200,68.0,25
1719464225284,68.0,25
1719464225913,67.9,25
1719464225913,67.9,25
1719464225913,67.9,25
1719464230483,67.0,25
1719464230483,67.0,25
1719464231105,67.05,275
1719464231313,66.85,25
1719464231313,66.85,25
1719464233392,67.25,25
1719464234027,67.05,25
1719464234027,67.05,25
1719464234027,67.05,25
1719464234027,67.05,25
1719464234027,67.05,25
1719464234027,67.05,25
1719464234027,67.05,25
1719464234027,67.05,25
1719464234027,67.05,25
1719464246774,66.45,150
1719464246942,66.0,350
1719464246942,66.0,350
1719464248409,65.45,300
1719464248532,65.25,25
1719464249409,65.0,125
1719464250254,65.85,50
1719464250254,65.85,50
1719464251175,65.0,25
1719464252172,65.6,25
1719464252400,65.7,300
1719464252699,65.75,250
1719464253823,65.15,25
1719464254380,64.8,125
1719464254380,64.8,125
1719464256233,65.5,25
1719464256714,65.55,25
1719464256714,65.55,25
1719464258650,65.0,25
1719464258650,65.0,25
1719464258650,65.0,25
1719464261470,65.75,150
1719464261470,65.75,150
1719464262561,65.4,50
1719464262975,65.55,100
1719464263793,65.2,25
1719464263793,65.2,25
1719464263793,65.2,25
1719464263793,65.2,25
1719464268752,65.25,75
1719464268752,65.25,75
1719464268752,65.25,75
1719464271492,65.35,25
1719464271492,65.35,25
1719464271492,65.35,25
1719464271492,65.35,25
1719464276680,65.45,25
1719464276902,65.25,100
1719464276902,65.25,100
1719464278769,65.75,25
1719464278928,66.0,50
1719464278928,66.0,50
1719464279951,66.25,175
1719464279951,66.25,175
1719464279951,66.25,175
1719464281248,65.9,100
1719464282340,65.2,50
1719464282340,65.2,50
1719464283334,65.6,25
1719464283507,65.55,25
1719464283507,65.55,25
1719464283507,65.55,25
1719464286783,66.0,125
1719464286783,66.0,125
1719464286783,66.0,125
1719464289759,65.85,250
1719464289759,65.85,250
1719464291340,65.5,25
1719464292275,64.55,300
1719464293180,64.8,75
1719464293180,64.8,75
1719464293180,64.8,75
1719464296558,65.05,600
1719464296558,65.05,600
1719464296558,65.05,600
1719464299192,64.8,100
1719464299955,64.75,100
1719464299955,64.75,100
1719464301736,65.15,25
1719464301736,65.15,25
1719464301736,65.15,25
1719464304750,65.1,25
1719464304750,65.1,25
1719464304750,65.1,25
1719464304750,65.1,25
1719464309964,64.9,25
1719464310340,64.55,200
1719464310340,64.55,200
1719464310340,64.55,200
1719464313673,64.75,50
1719464314521,64.4,100
1719464315105,64.5,25
1719464315105,64.5,25
1719464315871,64.5,25
1719464315871,64.5,25
1719464318200,64.4,25
1719464318200,64.4,25
1719464319304,64.6,250
1719464319304,64.6,250
1719464321157,64.65,50
1719464321157,64.65,50
1719464323940,64.5,200
1719464323940,64.5,200
1719464323940,64.5,200
1719464325652,64.8,25
1719464325652,64.8,25
1719464327427,65.1,100
1719464327427,65.1,100
1719464329648,66.0,300
1719464329648,66.0,300
1719464329648,66.0,300
1719464332511,64.95,25
1719464333690,64.95,50
1719464333903,65.0,50
1719464333989,64.9,25
1719464334487,65.15,25
1719464334487,65.15,25
1719464334487,65.15,25
1719464334487,65.15,25
1719464334487,65.15,25
1719464334487,65.15,25
1719464334487,65.15,25
1719464334487,65.15,25
1719464345025,65.4,25
1719464345200,65.4,25
1719464345200,65.4,25
1719464346176,65.45,25
1719464346864,65.45,25
1719464346864,65.45,25
1719464346864,65.45,25
1719464349931,65.35,25
1719464349931,65.35,25
1719464352404,65.3,25
1719464352553,65.4,25
1719464353555,65.5,100
1719464353555,65.5,100
1719464355200,65.75,75
1719464355573,65.45,50
1719464355573,65.45,50
1719464356625,65.35,275
1719464356625,65.35,275
1719464358637,65.4,25
1719464358637,65.4,25
1719464358637,65.4,25
1719464358637,65.4,25
1719464363260,65.7,25
1719464363260,65.7,25
1719464363260,65.7,25
1719464366171,65.2,50
1719464367293,65.3,25
1719464368283,65.4,25
1719464368656,65.4,25
1719464368656,65.4,25
1719464370327,65.7,500
1719464370327,65.7,500
1719464370327,65.7,500
1719464373794,65.5,25
1719464373794,65.5,25
1719464373794,65.5,25
1719464373794,65.5,25
1719464377819,65.4,150
1719464377819,65.4,150
1719464377819,65.4,150
1719464381252,65.5,75
1719464381252,65.5,75
1719464381252,65.5,75
1719464381252,65.5,75
1719464386060,65.9,25
1719464386402,65.95,25
1719464387188,65.85,25
1719464387188,65.85,25
1719464387582,65.85,25
1719464387582,65.85,25
1719464390370,65.75,225
1719464390370,65.75,225
1719464390370,65.75,225
1719464390370,65.75,225
1719464390370,65.75,225
1719464390370,65.75,225
1719464390370,65.75,225
1719464390370,65.75,225
1719464390370,65.75,225
1719464401083,65.45,25
1719464401175,65.5,25
1719464402337,65.8,25
1719464402337,65.8,25
1719464402633,65.7,25
1719464402633,65.7,25
1719464405790,65.25,25
1719464405790,65.25,25
1719464408805,65.25,25
1719464408805,65.25,25
1719464409505,65.2,650
1719464409945,65.45,25
1719464409945,65.45,25
1719464409945,65.45,25
1719464412558,65.9,25
1719464412558,65.9,25
1719464415197,65.75,25
1719464415197,65.75,25
1719464415197,65.75,25
1719464418836,65.55,50
1719464418836,65.55,50
1719464418836,65.55,50
1719464421743,65.75,50
1719464421743,65.75,50
1719464421743,65.75,50
1719464421743,65.75,50
1719464421743,65.75,50
1719464427765,65.6,25
1719464427765,65.6,25
1719464427765,65.6,25
1719464427765,65.6,25
1719464432378,65.0,25
1719464433303,65.4,25
1719464433303,65.4,25
1719464435754,64.95,50
1719464435754,64.95,50
1719464435754,64.95,50
1719464435754,64.95,50
1719464435754,64.95,50
1719464442911,64.9,50
1719464443910,65.15,25
1719464443910,65.15,25
1719464443910,65.15,25
1719464447014,65.2,125
1719464447014,65.2,125
1719464447014,65.2,125
1719464447014,65.2,125
1719464451869,65.3,25
1719464451869,65.3,25
1719464453572,65.5,150
1719464453572,65.5,150
1719464454495,65.55,25
1719464454592,65.45,25
1719464454592,65.45,25
1719464454592,65.45,25
1719464454592,65.45,25
1719464454592,65.45,25
1719464454592,65.45,25
1719464461123,65.55,50
1719464461123,65.55,50
1719464462903,65.7,25
1719464463188,65.65,50
1719464464159,65.7,50
1719464464159,65.7,50
1719464465095,65.6,50
1719464465708,65.65,25
1719464465994,65.35,25
1719464466838,65.15,50
1719464466838,65.15,50
1719464469877,65.15,50
1719464469984,65.0,50
1719464469984,65.0,50
1719464472313,64.95,25
1719464472313,64.95,25
1719464472313,64.95,25
1719464472313,64.95,25
1719464472313,64.95,25
1719464478956,65.0,75
1719464480909,65.3,100
1719464481270,65.4,350
1719464481270,65.4,350
1719464481270,65.4,350
1719464485281,65.2,25
1719464485795,65.4,25
1719464485795,65.4,25
1719464487178,65.4,325
1719464487178,65.4,325
1719464487178,65.4,325
1719464490005,65.3,25
1719464490005,65.3,25
1719464490005,65.3,25
1719464491533,65.1,200
1719464491533,65.1,200
1719464492861,65.15,200
1719464493953,65.35,50
1719464493953,65.35,50
1719464493953,65.35,50
1719464496623,64.95,250
1719464497616,65.2,100
1719464497616,65.2,100
1719464497616,65.2,100
1719464497616,65.2,100
1719464501687,64.6,200
1719464502284,64.95,25
1719464502284,64.95,25
1719464502284,64.95,25
1719464502284,64.95,25
1719464506232,65.35,25
1719464506232,65.35,25
1719464506232,65.35,25
1719464506232,65.35,25
1719464506232,65.35,25
1719464506232,65.35,25
1719464506232,65.35,25
1719464506232,65.35,25
1719464506232,65.35,25
1719464506232,65.35,25
1719464506232,65.35,25
1719464522578,65.7,25
1719464522609,65.7,100
1719464523230,65.6,1000
1719464523755,65.7,50
1719464524688,65.7,25
1719464525227,65.2,25
1719464525227,65.2,25
1719464526684,65.15,25
1719464527681,65.0,25
1719464527718,64.95,50
1719464527718,64.95,50
1719464530683,65.15,25
1719464530683,65.15,25
1719464530683,65.15,25
1719464530683,65.15,25
1719464534627,65.2,25
1719464535270,65.4,50
1719464535270,65.4,50
1719464535270,65.4,50
1719464537804,65.3,25
1719464539100,65.25,550
1719464539100,65.25,550
1719464539100,65.25,550
1719464541366,65.45,50
1719464542700,65.55,25
1719464542700,65.55,25
1719464542700,65.55,25
1719464545573,65.9,50
1719464546023,65.95,25
1719464546023,65.95,25
1719464546023,65.95,25
1719464546023,65.95,25
1719464546023,65.95,25
1719464550692,66.25,25
1719464550692,66.25,25
1719464550692,66.25,25
1719464550692,66.25,25
1719464555358,65.8,25
1719464555358,65.8,25
1719464555358,65.8,25
1719464559220,65.7,25
1719464559437,65.8,25
1719464559437,65.8,25
1719464559437,65.8,25
1719464561476,65.9,50
1719464561476,65.9,50
1719464564318,66.0,25
1719464564318,66.0,25
1719464564973,66.2,25
1719464564973,66.2,25
1719464567053,66.15,25
1719464567053,66.15,25
1719464567974,66.35,25
1719464568697,66.15,25
1719464568697,66.15,25
1719464570547,66.05,25
1719464570547,66.05,25
1719464570547,66.05,25
1719464574409,66.0,25
1719464574409,66.0,25
1719464575153,66.1,25
1719464576098,66.05,25
1719464576339,65.9,50
1719464577393,65.9,25
1719464577393,65.9,25
1719464577393,65.9,25
1719464577393,65.9,25
1719464581140,66.1,25
1719464582378,65.8,75
1719464582378,65.8,75
1719464583991,66.0,50
1719464583991,66.0,50
1719464585745,66.05,25
1719464585745,66.05,25
1719464585745,66.05,25
1719464588552,66.2,25
1719464589344,66.0,25
1719464589344,66.0,25
1719464590781,66.65,325
1719464590781,66.65,325
1719464591817,67.0,300
1719464592167,67.4,25
1719464592167,67.4,25
1719464593829,67.4,625
1719464594541,66.8,125
1719464595456,66.8,25
1719464595673,66.8,25
1719464596348,66.8,25
1719464596553,66.8,25
1719464596553,66.8,25
1719464596553,66.8,25
1719464599975,67.3,25
1719464599975,67.3,25
1719464601447,68.45,125
1719464602399,68.95,100
1719464602399,68.95,100
1719464603769,68.9,25
1719464603985,68.9,25
1719464603985,68.9,25
1719464605455,68.55,25
1719464605799,68.45,25
1719464606597,69.15,25
1719464607542,69.8,25
1719464607652,69.8,50
1719464608634,69.7,150
1719464609612,69.8,25
1719464610274,71.1,25
1719464610822,70.75,25
1719464610903,70.85,1075
1719464611748,71.75,125
1719464611931,72.8,100
1719464611931,72.8,100
1719464611931,72.8,100
1719464612417,74.05,50
1719464612417,74.05,50
1719464612934,76.65,150
1719464613299,79.0,1250
1719464613299,79.0,1250
1719464613742,80.2,50
1719464613742,80.2,50
1719464613742,80.2,50
1719464614506,78.3,25
1719464615090,77.85,150
1719464616419,75.8,150
1719464618090,74.55,375
1719464620139,73.0,350
1719464622427,73.4,100
1719464622427,73.4,100
1719464624369,72.5,150
1719464625210,72.3,250
1719464625210,72.3,250
1719464626578,73.0,50
1719464627563,73.8,25
1719464627686,73.35,75
1719464628558,72.25,150
1719464629225,71.75,25
1719464629806,71.8,25
1719464631032,72.2,25
1719464631484,72.5,725
1719464632687,72.5,300
1719464632687,72.5,300
1719464633760,73.1,25
1719464633760,73.1,25
1719464634893,74.4,25
1719464635288,74.15,375
1719464636227,75.15,75
1719464636484,75.15,50
1719464637603,75.65,50
1719464638006,74.9,100
1719464638306,74.8,100
1719464639172,74.85,100
1719464639782,74.1,100
1719464640129,74.1,100
1719464640815,74.8,25
1719464640815,74.8,25
1719464642817,74.05,200
1719464642930,73.8,25
1719464642930,73.8,25
1719464642930,73.8,25
1719464644756,73.95,100
1719464645266,73.55,150
1719464646169,73.7,175
1719464646559,73.6,25
1719464647384,72.3,250
1719464647384,72.3,250
1719464648359,72.3,100
1719464649420,73.2,50
1719464649810,73.35,50
1719464649810,73.35,50
1719464651913,73.7,175
1719464652709,73.55,1800
1719464652709,73.55,1800
1719464652709,73.55,1800
1719464655644,73.95,150
1719464655644,73.95,150
1719464657366,74.1,100
1719464657366,74.1,100
1719464657366,74.1,100
1719464659514,73.15,75
1719464660589,72.65,25
1719464660982,73.05,250
1719464660982,73.05,250
1719464662106,73.0,50
1719464662106,73.0,50
1719464663433,74.0,100
1719464663433,74.0,100
1719464664711,74.85,250
1719464664711,74.85,250
1719464667518,74.2,450
1719464667518,74.2,450
1719464668318,74.35,75
1719464669006,74.6,50
1719464669006,74.6,50
1719464669657,74.65,25
1719464671006,73.55,25
1719464671364,73.5,250
1719464672218,73.35,25
1719464672218,73.35,25
1719464673137,73.6,75
1719464673922,73.05,275
1719464673922,73.05,275
1719464675282,73.35,100
1719464676086,72.95,125
1719464676086,72.95,125
1719464676712,73.25,50
1719464677804,73.2,25
1719464677804,73.2,25
1719464678478,73.6,75
1719464680204,73.6,25
1719464680204,73.6,25
1719464681545,74.15,100
1719464681545,74.15,100
1719464683017,73.9,400
1719464683505,74.0,1000
1719464684506,73.45,25
1719464684858,73.55,25
1719464684858,73.55,25
1719464684858,73.55,25
1719464686790,73.85,50
1719464687769,74.3,75
1719464689217,73.85,200
1719464689313,73.6,50
1719464689313,73.6,50
1719464690198,74.35,25
1719464690942,73.95,75
1719464690942,73.95,75
1719464692282,74.55,25
1719464692282,74.55,25
1719464693341,74.4,25
1719464694027,74.95,25
1719464695450,76.0,225
1719464695450,76.0,225
1719464696200,76.1,125
1719464696991,76.25,25
1719464696991,76.25,25
1719464698466,76.1,75
1719464699433,77.0,50
1719464699433,77.0,50
1719464699433,77.0,50
1719464700516,77.4,100
1719464700967,77.55,25
1719464701207,78.0,25
1719464702136,78.3,50
1719464702613,78.4,100
1719464703305,78.5,1000
1719464704527,78.8,150
1719464705160,78.25,200
1719464705841,78.0,175
1719464705841,78.0,175
1719464707494,77.85,200
1719464707494,77.85,200
1719464708598,77.5,25
1719464708598,77.5,25
1719464710003,77.0,575
1719464710108,77.0,75
1719464710738,76.9,25
1719464711666,76.6,75
1719464712451,76.35,25
1719464712715,76.4,75
1719464713292,76.7,25
1719464714189,77.05,250
1719464714471,76.45,250
1719464714735,76.05,100
1719464714735,76.05,100
1719464717393,75.65,75
1719464717393,75.65,75
1719464721070,76.4,100
1719464721070,76.4,100
1719464722206,77.05,100
1719464722590,77.05,150
1719464722590,77.05,150
1719464723677,77.4,350
1719464723677,77.4,350
1719464724867,76.6,50
1719464725870,77.2,100
1719464726328,77.4,125
1719464726328,77.4,125
1719464728524,77.35,25
1719464729300,77.9,25
1719464729300,77.9,25
1719464729300,77.9,25
1719464729300,77.9,25
1719464732516,77.4,25
1719464733295,76.1,75
1719464733691,76.25,75
1719464733691,76.25,75
1719464735556,76.0,25
1719464735556,76.0,25
1719464737126,76.2,25
1719464737126,76.2,25
1719464738927,75.7,250
1719464738927,75.7,250
1719464740239,76.15,200
1719464740239,76.15,200
1719464740239,76.15,200
1719464742954,76.0,25
1719464744342,76.15,75
1719464745472,76.05,25
1719464745472,76.05,25
1719464745472,76.05,25
1719464749355,75.45,100
1719464749355,75.45,100
1719464750576,74.65,100
1719464750576,74.65,100
1719464752078,74.6,50
1719464752078,74.6,50
1719464752078,74.6,50
1719464755952,73.65,25
1719464755952,73.65,25
1719464756617,73.55,25
1719464757329,73.4,200
1719464757329,73.4,200
1719464758820,73.65,25
1719464758820,73.65,25
1719464759604,73.25,100
1719464760240,73.45,25
1719464760240,73.45,25
1719464761088,73.85,25
1719464761418,74.15,25
1719464762770,75.1,250
1719464763433,74.75,25
1719464763433,74.75,25
1719464765512,75.7,100
1719464765512,75.7,100
1719464766815,75.65,50
1719464767645,75.5,25
1719464767645,75.5,25
1719464768993,74.8,250
1719464768993,74.8,250
1719464768993,74.8,250
1719464772783,73.8,50
1719464772783,73.8,50
1719464772783,73.8,50
1719464772783,73.8,50
1719464772783,73.8,50
1719464772783,73.8,50
1719464779779,74.85,250
1719464779779,74.85,250
1719464781549,74.8,250
1719464781850,74.85,50
1719464781850,74.85,50
1719464783743,74.95,25
1719464784479,74.45,150
1719464784479,74.45,150
1719464786655,73.6,550
1719464787123,73.15,25
1719464787779,73.55,225
1719464787779,73.55,225
1719464789461,73.7,25
1719464789461,73.7,25
1719464789461,73.7,25
1719464789461,73.7,25
1719464791399,74.55,575
1719464792201,74.85,250
1719464792201,74.85,250
1719464793415,75.65,150
1719464794035,75.35,150
1719464794801,75.0,75
1719464794801,75.0,75
1719464794801,75.0,75
1719464794801,75.0,75
1719464794801,75.0,75
1719464802410,74.5,25
1719464802822,74.0,150
1719464802822,74.0,150
1719464802822,74.0,150
1719464802822,74.0,150
1719464802822,74.0,150
1719464802822,74.0,150
1719464802822,74.0,150
1719464812857,75.35,175
1719464812857,75.35,175
1719464812857,75.35,175
1719464812857,75.35,175
1719464812857,75.35,175
1719464812857,75.35,175
1719464820679,75.05,50
1719464820679,75.05,50
1719464822482,74.05,25
1719464822862,74.2,50
1719464823500,74.15,25
1719464824143,74.5,50
1719464824143,74.5,50
1719464826700,75.4,100
1719464826700,75.4,100
1719464829433,74.1,100
1719464830569,72.85,100
1719464831225,72.55,100
1719464831225,72.55,100
1719464831225,72.55,100
1719464833906,73.05,25
1719464833906,73.05,25
1719464833906,73.05,25
1719464836481,73.85,25
1719464837006,73.55,175
1719464837770,73.25,125
1719464837770,73.25,125
1719464837770,73.25,125
1719464840629,73.0,175
1719464841033,72.6,100
1719464841033,72.6,100
1719464841928,73.05,800
1719464841928,73.05,800
1719464843017,72.95,75
1719464843017,72.95,75
1719464844968,72.5,500
1719464845638,72.6,25
1719464845638,72.6,25
1719464846633,72.45,25
1719464847141,72.8,100
1719464847141,72.8,100
1719464848087,73.1,25
1719464848087,73.1,25
1719464848087,73.1,25
1719464848087,73.1,25
1719464851501,72.6,25
1719464852640,72.6,400
1719464852640,72.6,400
1719464854116,72.0,50
1719464854227,71.85,125
1719464854227,71.85,125
1719464855654,71.8,325
1719464855951,71.7,375
1719464855951,71.7,375
1719464857858,70.85,25
1719464858513,71.7,75
1719464858513,71.7,75
1719464858513,71.7,75
1719464861473,71.85,50
1719464862189,72.15,500
1719464862189,72.15,500
1719464863950,72.75,50
1719464863950,72.75,50
1719464865353,72.5,250
1719464865353,72.5,250
1719464866601,72.55,25
1719464867480,71.9,100
1719464867651,71.5,50
1719464867651,71.5,50
1719464867651,71.5,50
1719464870520,71.5,75
1719464870520,71.5,75
1719464870520,71.5,75
1719464870520,71.5,75
1719464875159,71.85,25
1719464876318,71.7,325
1719464876318,71.7,325
1719464876667,71.2,50
1719464876667,71.2,50
1719464878476,71.5,50
1719464878476,71.5,50
1719464878476,71.5,50
1719464878476,71.5,50
1719464878476,71.5,50
1719464878476,71.5,50
1719464886219,72.8,25
1719464886219,72.8,25
1719464886910,72.85,25
1719464886910,72.85,25
1719464886910,72.85,25
1719464891319,73.45,25
1719464891319,73.45,25
1719464891319,73.45,25
1719464894630,73.8,25
1719464894630,73.8,25
1719464895033,73.55,50
1719464895033,73.55,50
1719464895033,73.55,50
1719464898625,73.9,75
1719464898625,73.9,75
1719464899863,73.75,25
1719464900287,73.75,25
1719464901430,73.85,25
1719464901430,73.85,25
1719464902788,73.5,25
1719464902788,73.5,25
1719464903307,73.2,50
1719464904659,72.4,50
1719464904699,72.4,175
1719464905797,71.7,600
1719464905797,71.7,600
1719464905797,71.7,600
1719464905797,71.7,600
1719464910126,71.0,25
1719464910126,71.0,25
1719464910126,71.0,25
1719464910126,71.0,25
1719464910126,71.0,25
1719464916203,71.7,50
1719464916203,71.7,50
1719464916203,71.7,50
1719464916203,71.7,50
1719464916203,71.7,50
1719464916203,71.7,50
1719464916203,71.7,50
1719464925337,72.75,25
1719464925337,72.75,25
1719464925337,72.75,25
1719464925337,72.75,25
1719464925337,72.75,25
1719464925337,72.75,25
1719464925337,72.75,25
1719464936125,73.3,75
1719464936125,73.3,75
1719464936125,73.3,75
1719464938719,73.1,25
1719464939191,72.25,25
1719464939191,72.25,25
1719464939860,72.7,50
1719464939860,72.7,50
1719464939860,72.7,50
1719464939860,72.7,50
1719464939860,72.7,50
1719464945022,72.35,25
1719464945269,72.5,25
1719464945269,72.5,25
1719464945269,72.5,25
1719464948334,73.05,250
1719464948334,73.05,250
1719464949898,73.4,25
1719464949898,73.4,25
1719464952244,74.0,25
1719464952592,74.05,50
1719464952592,74.05,50
1719464952592,74.05,50
1719464955260,73.8,250
1719464955260,73.8,250
1719464957454,73.5,25
1719464957454,73.5,25
1719464957454,73.5,25
1719464960924,73.45,50
1719464960924,73.45,50
1719464960924,73.45,50
1719464960924,73.45,50
1719464960924,73.45,50
1719464967400,72.9,250
1719464967400,72.9,250
1719464967400,72.9,250
1719464967400,72.9,250
1719464967400,72.9,250
1719464967400,72.9,250
1719464967400,72.9,250
1719464967400,72.9,250
1719464967400,72.9,250
1719464967400,72.9,250
1719464967400,72.9,250
1719464967400,72.9,250
1719464967400,72.9,250
1719464967400,72.9,250
1719464987802,73.95,50
1719464987802,73.95,50
1719464987802,73.95,50
1719464987802,73.95,50
1719464992130,74.6,25
1719464992391,74.5,25
1719464992391,74.5,25
1719464994737,74.25,25
1719464995446,73.9,250
1719464995446,73.9,250
1719464997443,73.9,75
1719464997681,74.35,200
1719464997681,74.35,200
1719464998913,74.6,25
1719464998913,74.6,25
1719464998913,74.6,25
1719464998913,74.6,25
1719464998913,74.6,25
1719464998913,74.6,25
1719464998913,74.6,25
1719464998913,74.6,25
1719465009751,74.05,25
1719465009751,74.05,25
1719465009751,74.05,25
1719465014780,74.85,25
1719465014780,74.85,25
1719465016037,74.95,25
1719465016037,74.95,25
1719465016037,74.95,25
1719465018541,75.0,125
1719465018541,75.0,125
1719465023121,75.45,300
1719465023121,75.45,300
1719465023121,75.45,300
1719465025393,76.0,100
1719465025877,76.6,175
1719465026346,76.95,175
1719465026346,76.95,175
1719465027304,76.05,200
1719465027304,76.05,200
1719465029465,74.85,25
1719465029465,74.85,25
1719465030186,74.15,100
1719465030186,74.15,100
1719465030186,74.15,100
1719465033070,74.4,50
1719465033795,74.45,25
1719465033795,74.45,25
1719465033795,74.45,25
1719465033795,74.45,25
1719465038335,74.05,25
1719465038830,73.7,25
1719465038830,73.7,25
1719465038830,73.7,25
1719465042023,73.9,25
1719465042023,73.9,25
1719465042023,73.9,25
1719465045105,74.0,100
1719465045405,74.0,1450
1719465046496,74.3,100
1719465046661,74.0,25
1719465046661,74.0,25
1719465048938,74.05,50
1719465048938,74.05,50
1719465048938,74.05,50
1719465048938,74.05,50
1719465054354,73.45,200
1719465054354,73.45,200
1719465055036,73.65,25
1719465055483,73.95,125
1719465056277,74.35,75
1719465056277,74.35,75
1719465057679,75.25,125
1719465057679,75.25,125
1719465058568,75.8,25
1719465059307,76.6,75
1719465060101,76.4,25
1719465060101,76.4,25
1719465060101,76.4,25
1719465061501,75.85,200
1719465061501,75.85,200
1719465063328,75.65,25
1719465063328,75.65,25
1719465065142,75.95,25
1719465065142,75.95,25
1719465068235,76.45,25
1719465068483,76.1,25
1719465069761,75.85,100
1719465069761,75.85,100
1719465069761,75.85,100
1719465069761,75.85,100
1719465069761,75.85,100
1719465074963,75.8,75
1719465074963,75.8,75
1719465074963,75.8,75
1719465079942,75.35,250
1719465079942,75.35,250
1719465079942,75.35,250
1719465083959,76.25,250
1719465083959,76.25,250
1719465083959,76.25,250
1719465087621,76.0,25
1719465087621,76.0,25
1719465087621,76.0,25
1719465087621,76.0,25
1719465091289,76.3,100
1719465091289,76.3,100
1719465092910,76.35,25
1719465092910,76.35,25
1719465093452,77.0,450
1719465093452,77.0,450
1719465095945,75.85,25
1719465095945,75.85,25
1719465095945,75.85,25
1719465098877,76.65,100
1719465099223,77.0,25
1719465099223,77.0,25
1719465099223,77.0,25
1719465101940,77.45,25
1719465103041,77.45,25
1719465103041,77.45,25
1719465104960,76.35,50
1719465106186,77.1,100
1719465106186,77.1,100
1719465107127,76.85,25
1719465107708,77.0,50
1719465107708,77.0,50
1719465109364,77.1,50
1719465109880,77.2,25
1719465110671,77.2,25
1719465110671,77.2,25
1719465110671,77.2,25
1719465110671,77.2,25
1719465115569,77.2,275
1719465116445,77.35,50
1719465118133,78.0,300
1719465118133,78.0,300
1719465118133,78.0,300
1719465120386,77.1,25
1719465121562,77.2,25
1719465121627,77.1,25
1719465122249,76.6,25
1719465123344,76.3,25
1719465123344,76.3,25
1719465124296,76.2,25
1719465124983,76.25,250
1719465125462,76.5,250
1719465125694,76.25,25
1719465126859,77.0,25
1719465128649,77.1,25
1719465129673,76.85,100
1719465130702,77.1,25
1719465130702,77.1,25
1719465131647,77.35,25
1719465132360,77.2,50
1719465133132,76.85,25
1719465133314,76.75,25
1719465134649,76.35,25
1719465135847,76.85,100
1719465136236,77.0,25
1719465136569,76.9,25
1719465137630,76.95,25
1719465137688,76.85,25
1719465137688,76.85,25
1719465138876,76.15,200
1719465139775,76.4,25
1719465139894,76.2,25
1719465141330,76.5,25
1719465141330,76.5,25
1719465142243,76.85,25
1719465142243,76.85,25
1719465144402,77.65,25
1719465144847,77.05,200
1719465145651,76.45,25
1719465145651,76.45,25
1719465146623,76.35,25
1719465147357,76.4,25
1719465148114,76.45,25
1719465148723,76.3,25
1719465149510,76.25,25
1719465149510,76.25,25
1719465150117,75.55,250
1719465150117,75.55,250
1719465150117,75.55,250
1719465151987,75.75,25
1719465153099,75.6,25
1719465153705,75.45,25
1719465153705,75.45,25
1719465154953,75.8,25
1719465155493,75.7,25
1719465155493,75.7,25
1719465156508,75.95,25
1719465157087,75.7,25
1719465158206,76.2,25
1719465158206,76.2,25
1719465158920,76.2,25
1719465160209,76.1,25
1719465160209,76.1,25
1719465161478,76.05,25
1719465162640,76.0,1800
1719465163144,75.75,25
1719465163144,75.75,25
1719465164186,75.75,25
1719465164186,75.75,25
1719465164946,75.8,25
1719465164946,75.8,25
1719465166534,75.95,25
1719465166534,75.95,25
1719465169424,76.6,25
1719465169424,76.6,25
1719465170363,76.75,25
1719465170738,76.7,25
1719465170738,76.7,25
1719465170738,76.7,25
1719465174659,77.0,25
1719465174659,77.0,25
1719465175638,76.6,25
1719465175638,76.6,25
1719465176961,76.55,25
1719465176961,76.55,25
1719465179738,76.8,25
1719465179738,76.8,25
1719465180719,76.7,150
1719465181459,76.95,450
1719465181459,76.95,450
1719465182095,76.25,25
1719465183260,75.95,25
1719465183260,75.95,25
1719465183260,75.95,25
1719465185861,76.05,25
1719465186257,75.95,25
1719465186257,75.95,25
1719465187499,75.5,100
1719465187499,75.5,100
1719465189767,76.2,25
1719465189767,76.2,25
1719465191182,76.7,500
1719465191474,76.4,25
1719465192331,75.8,25
1719465192899,75.65,25
1719465193466,75.5,25
1719465193466,75.5,25
1719465195393,75.8,25
1719465196447,75.75,25
1719465196447,75.75,25
1719465196447,75.75,25
1719465198872,76.45,25
1719465199745,76.6,25
1719465200121,77.1,25
1719465200273,76.9,25
1719465200273,76.9,25
1719465202624,77.8,100
1719465203289,78.55,175
1719465203528,78.95,25
1719465226575,85.3,50
1719465226575,85.3,50
1719465227954,87.2,125
1719465228288,88.15,150
1719465228497,87.85,25
1719465229022,91.2,100
1719465229162,91.5,350
1719465230921,87.8,25
1719465231402,86.75,575
1719465232066,87.5,50
1719465232819,87.5,100
1719465232819,87.5,100
1719465234299,87.15,25
1719465234604,86.45,150
1719465234604,86.45,150
1719465235887,87.5,50
1719465236420,89.25,50
1719465236771,90.0,125
1719465237413,90.4,175
1719465238348,89.25,25
1719465238848,89.35,450
1719465239470,88.9,25
1719465240102,89.6,25
1719465240102,89.6,25
1719465240870,91.15,25
1719465241460,91.35,25
1719465242842,89.7,50
1719465242842,89.7,50
1719465243854,89.65,50
1719465244424,89.25,1000
1719465244838,89.1,50
1719465244838,89.1,50
1719465246516,90.1,75
1719465246516,90.1,75
1719465247552,88.55,75
1719465249180,88.9,25
1719465249626,89.35,25
1719465249626,89.35,25
1719465250683,90.1,25
1719465251179,90.5,475
1719465251864,90.55,50
1719465252696,91.05,50
1719465253194,92.8,175
1719465253419,92.1,25
1719465254762,91.1,75
1719465254762,91.1,75
1719465255663,91.0,175
1719465255959,90.25,25
1719465256648,90.4,25
1719465257199,90.5,25
1719465257956,89.9,400
1719465258827,89.75,100
1719465259584,91.05,150
1719465259584,91.05,150
1719465260542,90.55,25
1719465261132,90.6,50
1719465261629,90.25,25
1719465263088,90.95,250
1719465263088,90.95,250
1719465263654,91.2,25
1719465264331,90.75,75
1719465265866,90.2,50
1719465266093,89.85,150
1719465266610,89.0,1000
1719465266814,89.1,25
1719465266814,89.1,25
1719465268586,89.3,25
1719465269903,91.0,50
1719465270156,91.6,75
1719465270702,91.85,50
1719465271404,91.95,150
1719465271891,92.0,150
1719465273081,91.05,25
1719465273218,91.55,25
1719465274135,91.75,50
1719465274605,91.15,125
1719465274605,91.15,125
1719465274931,91.3,25
1719465276331,91.0,125
1719465276576,91.5,100
1719465277844,90.1,50
1719465277844,90.1,50
1719465278759,90.3,50
1719465279485,90.45,50
1719465279485,90.45,50
1719465280394,90.65,50
1719465280394,90.65,50
1719465281659,90.25,25
1719465282288,89.75,100
1719465283229,89.65,25
1719465283251,89.3,250
1719465284897,90.35,50
1719465285874,90.8,25
1719465285963,90.6,125
1719465285963,90.6,125
1719465287525,89.5,25
1719465287981,89.7,25
1719465289036,90.65,1000
1719465289036,90.65,1000
1719465290462,91.0,25
1719465290462,91.0,25
1719465292202,90.4,25
1719465292202,90.4,25
1719465293393,89.85,1000
1719465293393,89.85,1000
1719465293393,89.85,1000
1719465297981,90.35,75
1719465297981,90.35,75
1719465298683,90.15,25
1719465298683,90.15,25
1719465299974,90.65,50
1719465299974,90.65,50
1719465301284,91.5,75
1719465301284,91.5,75
1719465301683,91.5,50
1719465302729,91.2,50
1719465302729,91.2,50
1719465304097,90.65,50
1719465304399,90.5,75
1719465305006,92.1,50
1719465305688,93.35,75
1719465306307,93.7,75
1719465306674,93.9,50
1719465306711,93.3,25
1719465308098,92.85,400
1719465308531,93.0,125
1719465309833,93.05,25
1719465309833,93.05,25
1719465311849,93.8,25
1719465312461,93.6,25
1719465313487,93.65,25
1719465313848,93.2,25
1719465314285,93.15,25
1719465315034,93.6,275
1719465315034,93.6,275
1719465316885,92.45,50
1719465316918,92.2,50
1719465317831,91.85,150
1719465317831,91.85,150
1719465318739,92.15,25
1719465319886,91.9,50
1719465319886,91.9,50
1719465321828,91.0,125
1719465322089,91.0,25
1719465322089,91.0,25
1719465324074,91.75,25
1719465324672,91.8,25
1719465324672,91.8,25
1719465324672,91.8,25
1719465327386,92.2,25
1719465327889,92.55,50
1719465328060,92.65,25
1719465328892,92.45,100
1719465329431,92.05,25
1719465330071,92.2,100
1719465330195,92.0,25
1719465330195,92.0,25
1719465331455,91.0,25
1719465332742,90.85,50
1719465333507,90.1,25
1719465333694,89.7,25
1719465335123,90.7,75
1719465335278,90.0,175
1719465335278,90.0,175
1719465338169,92.65,325
1719465338361,92.65,25
1719465338651,92.6,125
1719465338651,92.6,125
1719465341227,91.95,25
1719465341705,92.0,75
1719465341705,92.0,75
1719465342626,91.8,25
1719465343491,90.9,75
1719465343629,90.7,75
1719465344918,89.8,25
1719465345069,89.4,25
1719465345511,89.9,25
1719465345511,89.9,25
1719465347453,89.85,25
1719465347609,89.45,25
1719465348380,90.15,25
1719465348380,90.15,25
1719465349058,90.1,100
1719465349058,90.1,100
1719465350778,88.9,25
1719465351922,89.0,25
1719465352891,89.9,25
1719465352891,89.9,25
1719465353759,90.1,25
1719465354613,89.9,175
1719465354613,89.9,175
1719465355639,90.25,25
1719465355639,90.25,25
1719465357482,90.5,50
1719465357688,90.9,25
1719465358492,91.45,50
1719465358492,91.45,50
1719465358492,91.45,50
1719465358492,91.45,50
1719465361108,90.5,25
1719465361108,90.5,25
1719465362303,91.75,125
1719465362559,91.6,50
1719465363314,91.1,25
1719465363314,91.1,25
1719465364042,90.1,50
1719465365033,90.15,75
1719465365285,90.0,100
1719465366416,89.9,50
1719465366416,89.9,50
1719465369921,89.8,25
1719465369921,89.8,25
1719465370759,89.75,25
1719465370759,89.75,25
1719465370759,89.75,25
1719465374479,88.2,25
1719465374704,88.65,25
1719465374704,88.65,25
1719465375502,88.2,50
1719465376174,88.5,25
1719465376174,88.5,25
1719465378331,89.4,200
1719465378445,89.1,100
1719465379692,88.0,25
1719465381530,88.4,50
1719465381563,88.3,25
1719465381563,88.3,25
1719465383437,87.0,250
1719465383897,87.05,200
1719465384761,87.5,50
1719465385173,87.5,25
1719465385367,87.25,50
1719465385367,87.25,50
1719465388181,87.55,25
1719465388717,87.6,25
1719465389753,88.15,100
1719465389802,88.2,25
1719465390259,89.0,75
1719465390259,89.0,75
1719465390259,89.0,75
1719465392892,90.3,200
1719465392892,90.3,200
1719465394033,90.55,25
1719465395037,90.0,25
1719465395037,90.0,25
1719465396104,90.1,200
1719465396104,90.1,200
1719465397136,90.65,250
1719465397693,90.1,100
1719465397693,90.1,100
1719465399104,89.7,25
1719465400114,88.9,50
1719465400114,88.9,50
1719465400899,89.6,25
1719465401027,89.35,50
1719465401027,89.35,50
1719465402535,89.35,25
1719465402779,89.05,25
1719465402779,89.05,25
1719465404039,89.65,25
1719465404039,89.65,25
1719465405906,90.15,300
1719465406496,90.0,25
1719465406496,90.0,25
1719465408238,89.4,100
1719465408390,89.75,50
1719465408390,89.75,50
1719465409337,89.8,75
1719465409925,90.1,25
1719465410614,88.85,25
1719465411539,89.05,50
1719465413353,89.05,150
1719465413510,89.05,150
1719465414335,89.15,25
1719465414335,89.15,25
1719465416057,89.6,25
1719465416762,90.0,100
1719465416762,90.0,100
1719465417054,90.4,150
1719465417054,90.4,150
1719465418622,90.0,475
1719465419914,90.0,1575
1719465420126,90.35,25
1719465420126,90.35,25
1719465420126,90.35,25
1719465421183,90.2,25
1719465421919,90.75,100
1719465421919,90.75,100
1719465425123,91.45,275
1719465425123,91.45,275
1719465426202,91.25,25
1719465426202,91.25,25
1719465427889,90.2,25
1719465427889,90.2,25
1719465427889,90.2,25
1719465430471,91.3,100
1719465430797,90.5,25
1719465430797,90.5,25
1719465432038,90.75,25
1719465432663,89.6,25
1719465433024,89.45,50
1719465433621,89.15,75
1719465434334,89.55,150
1719465434334,89.55,150
1719465435279,89.45,150
1719465436757,91.0,25
1719465437502,90.9,25
1719465437854,91.1,25
1719465437854,91.1,25
1719465439939,90.85,150
1719465439939,90.85,150
1719465439939,90.85,150
1719465443018,91.95,25
1719465443018,91.95,25
1719465444141,92.0,75
1719465444740,91.45,350
1719465444740,91.45,350
1719465445313,91.1,25
1719465445313,91.1,25
1719465447894,91.7,50
1719465487206,93.05,75
1719465488959,93.4,25
1719465488959,93.4,25
1719465491362,93.35,50
1719465491527,93.0,750
1719465491527,93.0,750
1719465492410,92.2,75
1719465492410,92.2,75
1719465493765,92.0,25
1719465494950,92.0,25
1719465494950,92.0,25
1719465494950,92.0,25
1719465494950,92.0,25
1719465499715,91.8,25
1719465499715,91.8,25
1719465499715,91.8,25
1719465502190,92.0,25
1719465502190,92.0,25
1719465502190,92.0,25
1719465506032,91.4,25
1719465506032,91.4,25
1719465507002,91.45,50
1719465507768,92.0,50
1719465508302,91.8,100
1719465508302,91.8,100
1719465509586,91.5,25
1719465510295,92.0,50
1719465510295,92.0,50
1719465510295,92.0,50
1719465510295,92.0,50
1719465512698,92.9,125
1719465513448,92.6,25
1719465513448,92.6,25
1719465513448,92.6,25
1719465516577,92.7,50
1719465516577,92.7,50
1719465517475,93.1,25
1719465518212,93.1,50
1719465518212,93.1,50
1719465519719,91.85,25
1719465519719,91.85,25
1719465520770,92.4,75
1719465520770,92.4,75
1719465522013,92.55,50
1719465523482,92.75,75
1719465523482,92.75,75
1719465524296,92.35,25
1719465524296,92.35,25
1719465526121,92.35,25
1719465526643,92.15,150
1719465526643,92.15,150
1719465527544,91.15,25
1719465527544,91.15,25
1719465530259,91.0,50
1719465530259,91.0,50
1719465532034,92.25,75
1719465532672,92.15,25
1719465532672,92.15,25
1719465534376,92.15,25
1719465534515,92.55,75
1719465535290,93.1,750
1719465536006,93.1,25
1719465536758,93.0,25
1719465536758,93.0,25
1719465538966,93.5,25
1719465540181,93.9,25
1719465540244,93.55,250
1719465540792,93.35,75
1719465540792,93.35,75
1719465540792,93.35,75
1719465543829,93.1,25
1719465544848,92.8,400
1719465545258,92.75,25
1719465545258,92.75,25
1719465546616,91.7,25
1719465546858,91.75,50
1719465546858,91.75,50
1719465546858,91.75,50
1719465546858,91.75,50
1719465550553,92.2,25
1719465550553,92.2,25
1719465550553,92.2,25
1719465554790,92.25,75
1719465555188,92.0,250
1719465555451,92.2,200
1719465556714,92.45,25
1719465556714,92.45,25
1719465557704,92.3,25
1719465557704,92.3,25
1719465557704,92.3,25
1719465561763,91.75,25
1719465561976,91.0,100
1719465561976,91.0,100
1719465561976,91.0,100
1719465564620,91.1,75
1719465564620,91.1,75
1719465565993,91.55,25
1719465565993,91.55,25
1719465568217,92.05,50
1719465568217,92.05,50
1719465568217,92.05,50
1719465568217,92.05,50
1719465572263,91.45,50
1719465572263,91.45,50
1719465572263,91.45,50
1719465572263,91.45,50
1719465577909,90.9,25
1719465578063,91.15,25
1719465578932,92.0,25
1719465579097,92.3,25
1719465579097,92.3,25
1719465581983,92.05,25
1719465581983,92.05,25
1719465583979,92.4,1000
1719465583979,92.4,1000
1719465585690,92.3,125
1719465585690,92.3,125
1719465587375,91.55,25
1719465588414,91.0,25
1719465588414,91.0,25
1719465589547,89.85,150
1719465589547,89.85,150
1719465590575,89.0,750
1719465591080,89.0,875
1719465591793,89.0,25
1719465591897,89.0,25
1719465591897,89.0,25
1719465591897,89.0,25
1719465591897,89.0,25
1719465596562,89.25,75
1719465596562,89.25,75
1719465598019,87.55,325
1719465598648,86.0,25
1719465598723,86.3,25
1719465599852,86.4,200
1719465600111,86.55,25
1719465600959,86.75,100
1719465601763,87.8,25
1719465601763,87.8,25
1719465602565,87.0,25
1719465602565,87.0,25
1719465602565,87.0,25
1719465606739,87.05,50
1719465606739,87.05,50
1719465607707,86.75,25
1719465608372,86.75,125
1719465608372,86.75,125
1719465609734,86.5,100
1719465609734,86.5,100
1719465609734,86.5,100
1719465612518,86.8,25
1719465612714,86.55,25
1719465612974,86.5,25
1719465612974,86.5,25
1719465614500,86.25,25
1719465614500,86.25,25
1719465614500,86.25,25
1719465617179,86.1,200
1719465617179,86.1,200
1719465617179,86.1,200
1719465617179,86.1,200
1719465617179,86.1,200
1719465623795,86.4,125
1719465624387,86.0,25
1719465624387,86.0,25
1719465626162,85.0,25
1719465626708,83.9,100
1719465626708,83.9,100
1719465628385,84.0,25
1719465628686,84.25,225
1719465628686,84.25,225
1719465629173,83.75,25
1719465629974,84.1,100
1719465630333,84.2,225
1719465630333,84.2,225
1719465631647,84.65,25
1719465631647,84.65,25
1719465632750,84.15,75
1719465633266,84.7,50
1719465634004,84.55,200
1719465634844,84.3,150
1719465634844,84.3,150
1719465636434,83.9,25
1719465636434,83.9,25
1719465638167,83.3,250
1719465638167,83.3,250
1719465639488,82.3,50
1719465639488,82.3,50
1719465640417,82.0,25
1719465640815,83.0,175
1719465641621,83.9,50
1719465641621,83.9,50
1719465642710,83.8,25
1719465643763,84.0,25
1719465643876,83.75,75
1719465645149,84.3,25
1719465645149,84.3,25
1719465645149,84.3,25
1719465645149,84.3,25
1719465650569,83.45,250
1719465650569,83.45,250
1719465650569,83.45,250
1719465650569,83.45,250
1719465656028,84.15,25
1719465657060,83.6,50
1719465657832,83.9,100
1719465657832,83.9,100
1719465660313,83.0,825
1719465660313,83.0,825
1719465660655,82.55,25
1719465661219,82.85,75
1719465661219,82.85,75
1719465663248,83.55,25
1719465663248,83.55,25
1719465663248,83.55,25
1719465663248,83.55,25
1719465667249,84.45,25
1719465667626,84.45,50
1719465668239,84.25,25
1719465668239,84.25,25
1719465669945,83.75,100
1719465669945,83.75,100
1719465670875,83.55,25
1719465670875,83.55,25
1719465670875,83.55,25
1719465675331,83.85,25
1719465677002,83.4,50
1719465677002,83.4,50
1719465679209,83.15,275
1719465680267,83.25,500
1719465680267,83.25,500
1719465680896,82.75,50
1719465682031,83.55,25
1719465682031,83.55,25
1719465682031,83.55,25
1719465682031,83.55,25
1719465686175,82.7,125
1719465686892,80.5,100
1719465686892,80.5,100
1719465687647,80.55,200
1719465688215,81.35,50
1719465688215,81.35,50
1719465688215,81.35,50
1719465688215,81.35,50
1719465692918,82.05,25
1719465693300,81.65,25
1719465693300,81.65,25
1719465694697,82.3,25
1719465694697,82.3,25
1719465697267,82.2,1250
1719465697865,82.05,25
1719465698407,82.2,100
1719465698407,82.2,100
1719465699206,82.4,1000
1719465699206,82.4,1000
1719465700745,82.25,50
1719465702018,81.85,25
1719465702018,81.85,25
1719465703301,82.25,25
1719465703301,82.25,25
1719465704526,81.95,75
1719465704526,81.95,75
1719465706816,81.8,50
1719465706816,81.8,50
1719465706816,81.8,50
1719465709859,82.2,25
1719465709859,82.2,25
1719465709859,82.2,25
1719465712976,83.1,125
1719465712976,83.1,125
1719465712976,83.1,125
1719465715984,82.1,75
1719465716612,82.4,50
1719465716612,82.4,50
1719465716612,82.4,50
1719465719264,82.4,125
1719465719486,82.3,25
1719465719486,82.3,25
1719465720843,82.4,25
1719465721382,83.15,125
1719465721382,83.15,125
1719465723586,83.75,75
1719465723586,83.75,75
1719465723586,83.75,75
1719465723586,83.75,75
1719465727382,83.15,25
1719465727382,83.15,25
1719465729233,83.5,25
1719465729233,83.5,25
1719465729233,83.5,25
1719465729233,83.5,25
1719465734288,83.5,75
1719465734288,83.5,75
1719465736774,83.45,25
1719465736774,83.45,25
1719465736774,83.45,25
1719465736774,83.45,25
1719465736774,83.45,25
1719465743268,83.8,75
1719465743330,83.55,25
1719465744356,83.7,50
1719465744356,83.7,50
1719465745672,84.05,175
1719465746466,84.45,200
1719465746466,84.45,200
1719465746466,84.45,200
1719465749264,85.0,25
1719465749264,85.0,25
1719465751165,83.9,175
1719465752252,84.05,25
1719465753683,84.65,225
1719465753683,84.65,225
1719465753683,84.65,225
1719465757319,84.1,125
1719465757319,84.1,125
1719465757602,84.1,25
1719465757602,84.1,25
1719465757602,84.1,25
1719465757602,84.1,25
1719465757602,84.1,25
1719465764283,84.9,50
1719465765442,85.5,100
1719465765798,86.2,100
1719465766792,86.25,50
1719465766792,86.25,50
1719465766792,86.25,50
1719465770298,84.2,100
1719465771034,84.7,25
1719465771034,84.7,25
1719465771034,84.7,25
1719465771034,84.7,25
1719465775799,85.35,475
1719465776781,85.25,25
1719465776939,85.2,25
1719465777770,85.3,25
1719465777770,85.3,25
1719465777770,85.3,25
1719465777770,85.3,25
1719465777770,85.3,25
1719465783657,85.05,150
1719465783966,84.75,200
1719465784073,84.9,100
1719465784497,84.6,25
1719465784497,84.6,25
1719465784497,84.6,25
1719465787964,85.1,25
1719465787964,85.1,25
1719465787964,85.1,25
1719465791351,85.0,25
1719465791801,85.35,25
1719465791801,85.35,25
1719465791801,85.35,25
1719465791801,85.35,25
1719465795672,84.25,25
1719465796555,85.05,75
1719465796555,85.05,75
1719465796555,85.05,75
1719465796555,85.05,75
1719465801015,86.2,25
1719465801857,86.85,175
1719465802082,87.3,100
1719465802463,86.7,50
1719465802463,86.7,50
1719465804294,85.6,125
1719465804294,85.6,125
1719465804294,85.6,125
1719465804294,85.6,125
1719465809003,85.9,25
1719465809003,85.9,25
1719465810665,85.3,25
1719465811964,85.1,25
1719465813779,85.35,25
1719465813779,85.35,25
1719465814274,85.5,25
1719465815223,85.45,25
1719465815552,85.6,100
1719465815552,85.6,100
1719465818264,85.6,50
1719465818264,85.6,50
1719465820164,86.15,75
1719465820164,86.15,75
1719465822074,86.0,100
1719465822074,86.0,100
1719465822074,86.0,100
1719465822074,86.0,100
1719465828243,86.0,25
1719465828243,86.0,25
1719465828243,86.0,25
1719465830599,86.3,100
