time,price,volume
1719461502189,305.85,25
1719461502189,305.85,25
1719461505592,304.5,50
1719461505592,304.5,50
1719461505592,304.5,50
1719461505592,304.5,50
1719461507989,302.75,25
1719461507989,302.75,25
1719461507989,302.75,25
1719461507989,302.75,25
1719461511252,304.15,25
1719461511252,304.15,25
1719461511252,304.15,25
1719461511252,304.15,25
1719461514172,302.75,25
1719461514774,302.8,25
1719461515858,301.65,25
1719461515858,301.65,25
1719461516350,300.0,250
1719461516350,300.0,250
1719461517332,302.35,25
1719461517332,302.35,25
1719461518406,302.85,25
1719461518899,306.1,25
1719461519484,304.5,25
1719461519585,304.2,25
1719461519585,304.2,25
1719461519585,304.2,25
1719461519585,304.2,25
1719461520963,303.75,25
1719461520963,303.75,25
1719461520963,303.75,25
1719461520963,303.75,25
1719461524154,307.95,75
1719461524424,307.2,75
1719461524424,307.2,75
1719461524999,307.2,25
1719461524999,307.2,25
1719461524999,307.2,25
1719461524999,307.2,25
1719461527748,311.75,25
1719461528330,310.2,25
1719461528330,310.2,25
1719461528573,310.0,225
1719461528573,310.0,225
1719461528573,310.0,225
1719461528573,310.0,225
1719461528573,310.0,225
1719461528573,310.0,225
1719461533783,308.25,25
1719461533783,308.25,25
1719461533783,308.25,25
1719461533783,308.25,25
1719461537156,309.2,25
1719461537681,309.45,25
1719461537681,309.45,25
1719461539014,309.0,25
1719461539388,309.3,25
1719461539388,309.3,25
1719461539388,309.3,25
1719461540585,311.25,25
1719461540585,311.25,25
1719461542319,311.35,25
1719461542473,311.5,25
1719461542473,311.5,25
1719461542970,311.5,25
1719461542970,311.5,25
1719461544332,312.3,25
1719461544332,312.3,25
1719461545663,314.0,25
1719461545663,314.0,25
1719461546196,316.3,25
1719461546196,316.3,25
1719461547243,313.2,25
1719461547243,313.2,25
1719461548616,311.7,25
1719461549107,311.9,25
1719461549640,312.6,25
1719461549640,312.6,25
1719461549640,312.6,25
1719461549640,312.6,25
1719461549640,312.6,25
1719461549640,312.6,25
1719461549640,312.6,25
1719461549640,312.6,25
1719461549640,312.6,25
1719461558514,310.75,25
1719461558514,310.75,25
1719461559865,312.0,50
1719461559865,312.0,50
1719461559865,312.0,50
1719461559865,312.0,50
1719461559865,312.0,50
1719461564020,314.8,25
1719461564020,314.8,25
1719461565409,315.5,25
1719461565621,314.75,50
1719461565621,314.75,50
1719461565621,314.75,50
1719461567507,315.85,25
1719461568461,314.75,25
1719461568461,314.75,25
1719461568461,314.75,25
1719461571543,313.05,25
1719461571543,313.05,25
1719461571543,313.05,25
1719461573430,314.05,25
1719461573430,314.05,25
1719461575373,314.1,25
1719461575373,314.1,25
1719461575373,314.1,25
1719461575373,314.1,25
1719461578844,310.4,25
1719461578844,310.4,25
1719461578844,310.4,25
1719461578844,310.4,25
1719461578844,310.4,25
1719461578844,310.4,25
1719461578844,310.4,25
1719461578844,310.4,25
1719461578844,310.4,25
1719461578844,310.4,25
1719461588114,314.7,25
1719461588517,313.45,25
1719461588517,313.45,25
1719461589224,313.6,25
1719461589870,313.1,25
1719461589870,313.1,25
1719461589870,313.1,25
1719461589870,313.1,25
1719461589870,313.1,25
1719461589870,313.1,25
1719461589870,313.1,25
1719461596062,311.4,25
1719461596062,311.4,25
1719461596062,311.4,25
1719461597964,311.4,25
1719461597964,311.4,25
1719461597964,311.4,25
1719461597964,311.4,25
1719461597964,311.4,25
1719461597964,311.4,25
1719461603162,311.9,25
1719461603162,311.9,25
1719461603162,311.9,25
1719461605698,310.9,25
1719461605880,310.95,25
1719461605880,310.95,25
1719461607457,312.7,25
1719461607457,312.7,25
1719461608421,314.55,25
1719461608421,314.55,25
1719461608421,314.55,25
1719461608421,314.55,25
1719461610942,312.45,25
1719461610942,312.45,25
1719461610942,312.45,25
1719461610942,312.45,25
1719461610942,312.45,25
1719461610942,312.45,25
1719461610942,312.45,25
1719461610942,312.45,25
1719461610942,312.45,25
1719461610942,312.45,25
1719461620648,312.9,25
1719461620648,312.9,25
1719461621575,310.8,25
1719461621952,310.6,25
1719461621952,310.6,25
1719461621952,310.6,25
1719461624223,310.0,25
1719461624565,308.1,25
1719461624681,308.1,25
1719461625175,307.15,25
1719461625175,307.15,25
1719461625175,307.15,25
1719461625175,307.15,25
1719461628200,306.4,25
1719461628200,306.4,25
1719461629916,307.15,375
1719461630587,306.5,25
1719461630587,306.5,25
1719461630587,306.5,25
1719461632395,306.95,50
1719461632395,306.95,50
1719461632395,306.95,50
1719461632395,306.95,50
1719461634901,306.5,25
1719461634901,306.5,25
1719461634901,306.5,25
1719461634901,306.5,25
1719461634901,306.5,25
1719461639300,308.55,25
1719461639300,308.55,25
1719461639971,308.05,25
1719461639971,308.05,25
1719461642035,309.0,50
1719461642035,309.0,50
1719461642035,309.0,50
1719461642035,309.0,50
1719461642035,309.0,50
1719461642035,309.0,50
1719461642035,309.0,50
1719461642035,309.0,50
1719461642035,309.0,50
1719461642035,309.0,50
1719461642035,309.0,50
1719461642035,309.0,50
1719461642035,309.0,50
1719461652911,306.5,25
1719461653134,306.0,25
1719461653134,306.0,25
1719461653134,306.0,25
1719461655207,304.2,25
1719461655836,305.85,25
1719461655836,305.85,25
1719461655836,305.85,25
1719461655836,305.85,25
1719461655836,305.85,25
1719461655836,305.85,25
1719461655836,305.85,25
1719461661890,310.0,25
1719461661890,310.0,25
1719461662884,311.6,25
1719461663643,312.7,25
1719461663775,311.6,25
1719461663775,311.6,25
1719461663775,311.6,25
1719461663775,311.6,25
1719461663775,311.6,25
1719461663775,311.6,25
1719461663775,311.6,25
1719461669530,307.85,25
1719461669530,307.85,25
1719461669530,307.85,25
1719461670596,308.0,25
1719461670688,308.3,25
1719461670688,308.3,25
1719461670688,308.3,25
1719461672277,308.35,25
1719461672277,308.35,25
1719461672277,308.35,25
1719461672277,308.35,25
1719461672277,308.35,25
1719461677132,308.1,25
1719461677132,308.1,25
1719461677132,308.1,25
1719461677132,308.1,25
1719461677132,308.1,25
1719461677132,308.1,25
1719461677132,308.1,25
1719461683134,308.7,25
1719461683134,308.7,25
1719461683134,308.7,25
1719461683134,308.7,25
1719461683134,308.7,25
1719461683134,308.7,25
1719461688825,308.9,25
1719461688825,308.9,25
1719461689509,308.5,25
1719461689509,308.5,25
1719461689509,308.5,25
1719461691077,306.1,25
1719461691077,306.1,25
1719461691077,306.1,25
1719461691077,306.1,25
1719461691077,306.1,25
1719461695232,306.9,50
1719461695232,306.9,50
1719461696368,307.45,25
1719461696368,307.45,25
1719461696368,307.45,25
1719461698877,309.2,25
1719461698877,309.2,25
1719461698877,309.2,25
1719461701249,306.75,25
1719461701249,306.75,25
1719461701249,306.75,25
1719461702464,304.2,25
1719461702585,304.85,25
1719461702787,305.15,25
1719461702787,305.15,25
1719461704611,305.45,25
1719461704946,307.0,25
1719461704946,307.0,25
1719461704946,307.0,25
1719461704946,307.0,25
1719461707810,311.5,25
1719461707810,311.5,25
1719461707810,311.5,25
1719461709744,310.1,25
1719461710154,308.2,25
1719461710154,308.2,25
1719461710154,308.2,25
1719461710154,308.2,25
1719461710154,308.2,25
1719461710154,308.2,25
1719461710154,308.2,25
1719461710154,308.2,25
1719461716599,309.0,25
1719461716599,309.0,25
1719461716599,309.0,25
1719461718000,308.95,25
1719461718000,308.95,25
1719461718000,308.95,25
1719461718000,308.95,25
1719461718000,308.95,25
1719461718000,308.95,25
1719461724021,306.45,25
1719461724021,306.45,25
1719461724021,306.45,25
1719461724021,306.45,25
1719461724021,306.45,25
1719461724021,306.45,25
1719461724021,306.45,25
1719461724021,306.45,25
1719461724021,306.45,25
1719461724021,306.45,25
1719461732457,300.7,25
1719461732622,300.75,25
1719461732622,300.75,25
1719461733768,299.95,25
1719461734193,297.1,25
1719461734193,297.1,25
1719461735586,294.65,25
1719461735846,294.9,25
1719461736596,293.4,25
1719461736596,293.4,25
1719461737128,295.55,25
1719461737128,295.55,25
1719461738248,298.4,25
1719461738248,298.4,25
1719461739306,300.1,25
1719461740110,298.75,25
1719461740110,298.75,25
1719461740110,298.75,25
1719461740110,298.75,25
1719461742408,300.9,25
1719461742408,300.9,25
1719461742408,300.9,25
1719461743764,299.95,25
1719461744638,299.95,25
1719461745249,298.8,25
1719461745249,298.8,25
1719461746968,298.55,100
1719461747555,296.7,25
1719461747555,296.7,25
1719461748622,297.65,25
1719461749237,296.5,25
1719461749237,296.5,25
1719461749237,296.5,25
1719461750765,296.1,25
1719461751220,295.95,50
1719461751430,295.55,25
1719461752410,293.4,25
1719461752557,293.35,25
1719461752557,293.35,25
1719461752557,293.35,25
1719461754602,295.45,25
1719461754602,295.45,25
1719461754602,295.45,25
1719461754602,295.45,25
1719461757575,296.45,25
1719461757575,296.45,25
1719461757575,296.45,25
1719461758699,296.2,25
1719461759062,295.85,25
1719461759940,296.3,25
1719461759940,296.3,25
1719461759940,296.3,25
1719461762289,293.65,25
1719461762309,294.4,25
1719461766001,294.95,25
1719461768878,295.0,25
1719461768878,295.0,25
1719461768878,295.0,25
1719461768878,295.0,25
1719461772262,298.25,25
1719461772535,296.95,25
1719461772535,296.95,25
1719461772535,296.95,25
1719461774620,298.05,25
1719461774620,298.05,25
1719461774620,298.05,25
1719461774620,298.05,25
1719461774620,298.05,25
1719461778663,297.5,25
1719461778663,297.5,25
1719461791203,291.0,25
1719461791203,291.0,25
1719461791203,291.0,25
1719461791203,291.0,25
1719461791203,291.0,25
1719461797873,291.65,25
1719461798191,291.2,25
1719461798191,291.2,25
1719461798191,291.2,25
1719461798191,291.2,25
1719461798191,291.2,25
1719461798191,291.2,25
1719461798191,291.2,25
1719461804243,291.5,25
1719461804731,291.2,25
1719461804731,291.2,25
1719461805252,292.15,25
1719461805252,292.15,25
1719461805252,292.15,25
1719461805252,292.15,25
1719461805252,292.15,25
1719461805252,292.15,25
1719461810124,293.7,25
1719461810124,293.7,25
1719461810124,293.7,25
1719461810124,293.7,25
1719461817278,295.1,25
1719461817878,294.45,25
1719461818310,294.25,25
1719461860439,298.2,25
1719461860439,298.2,25
1719461860439,298.2,25
1719461864043,297.9,25
1719461864043,297.9,25
1719461864043,297.9,25
1719461873244,298.65,25
1719461873595,299.0,25
1719461873595,299.0,25
1719461873595,299.0,25
1719461874590,300.15,25
1719461874590,300.15,25
1719461874590,300.15,25
1719461874590,300.15,25
1719461874590,300.15,25
1719461879868,301.0,25
1719461879868,301.0,25
1719461879868,301.0,25
1719461879868,301.0,25
1719461881853,301.5,25
1719461881910,302.05,25
1719461882467,302.45,25
1719461882467,302.45,25
1719461882467,302.45,25
1719461884100,300.7,25
1719461884821,299.6,25
1719461884821,299.6,25
1719461885459,300.5,25
1719461885459,300.5,25
1719461886606,299.7,25
1719461886606,299.7,25
1719461887743,299.65,25
1719461887743,299.65,25
1719461888414,300.1,25
1719461888414,300.1,25
1719461890079,300.6,25
1719461890883,300.8,25
1719461891464,301.15,25
1719461891464,301.15,25
1719461891930,301.3,25
1719461891930,301.3,25
1719461891930,301.3,25
1719461891930,301.3,25
1719461891930,301.3,25
1719461891930,301.3,25
1719461891930,301.3,25
1719461897767,302.0,25
1719461897767,302.0,25
1719461897767,302.0,25
1719461897767,302.0,25
1719461897767,302.0,25
1719461901946,300.0,25
1719461901946,300.0,25
1719461901946,300.0,25
1719461901946,300.0,25
1719461904807,300.7,25
1719461904807,300.7,25
1719461906017,301.3,50
1719461906503,302.2,25
1719461906503,302.2,25
1719461908193,301.2,25
1719461908193,301.2,25
1719461908632,301.7,25
1719461908632,301.7,25
1719461908632,301.7,25
1719461910658,302.95,25
1719461910658,302.95,25
1719461911832,304.0,25
1719461911832,304.0,25
1719461911832,304.0,25
1719461911832,304.0,25
1719461915109,304.55,25
1719461915109,304.55,25
1719461915109,304.55,25
1719461915109,304.55,25
1719461915109,304.55,25
1719461918395,304.25,25
1719461918729,304.25,25
1719461918729,304.25,25
1719461918729,304.25,25
1719461918729,304.25,25
1719461918729,304.25,25
1719461918729,304.25,25
1719461918729,304.25,25
1719461918729,304.25,25
1719461925368,301.95,25
1719461925368,301.95,25
1719461925983,299.85,25
1719461925983,299.85,25
1719461925983,299.85,25
1719461928907,300.6,25
1719461928907,300.6,25
1719461928907,300.6,25
1719461928907,300.6,25
1719461928907,300.6,25
1719461928907,300.6,25
1719461933466,301.4,25
1719461933466,301.4,25
1719461933466,301.4,25
1719461936182,301.6,50
1719461936182,301.6,50
1719461936647,302.4,50
1719461936647,302.4,50
1719461938676,301.65,25
1719461938875,302.25,25
1719461939745,300.5,25
1719461939745,300.5,25
1719461940788,300.0,75
1719461941032,299.8,25
1719461941032,299.8,25
1719461941032,299.8,25
1719461941032,299.8,25
1719461943295,300.4,25
1719461943295,300.4,25
1719461943295,300.4,25
1719461943295,300.4,25
1719461943295,300.4,25
1719461943295,300.4,25
1719461943295,300.4,25
1719461949911,297.9,50
1719461949911,297.9,50
1719461949911,297.9,50
1719461949911,297.9,50
1719461949911,297.9,50
1719461949911,297.9,50
1719461954865,297.15,25
1719461954865,297.15,25
1719461954865,297.15,25
1719461957185,297.6,25
1719461957185,297.6,25
1719461957185,297.6,25
1719461958609,295.0,25
1719461958617,294.85,25
1719461958831,295.05,25
1719461959222,294.9,25
1719461960118,292.85,25
1719461960118,292.85,25
1719461960118,292.85,25
1719461961674,290.0,25
1719461962100,289.75,25
1719461962730,290.4,25
1719461962919,289.7,25
1719461962919,289.7,25
1719461962919,289.7,25
1719461965109,289.9,25
1719461965109,289.9,25
1719461965109,289.9,25
1719461967560,291.05,25
1719461967560,291.05,25
1719461967560,291.05,25
1719461967560,291.05,25
1719461967560,291.05,25
1719461967560,291.05,25
1719461967560,291.05,25
1719461967560,291.05,25
1719461972930,289.7,25
1719461972930,289.7,25
1719461972930,289.7,25
1719461972930,289.7,25
1719461976404,291.55,25
1719461976404,291.55,25
1719461976404,291.55,25
1719461978854,292.5,50
1719461978854,292.5,50
1719461979857,291.7,25
1719461980767,292.45,25
1719461980767,292.45,25
1719461980767,292.45,25
1719461980767,292.45,25
1719461983475,289.25,25
1719461984205,288.05,50
1719461984205,288.05,50
1719461984773,287.1,25
1719461985469,287.8,25
1719461985469,287.8,25
1719461985469,287.8,25
1719461985469,287.8,25
1719461985469,287.8,25
1719461985469,287.8,25
1719461985469,287.8,25
1719461985469,287.8,25
1719461985469,287.8,25
1719461985469,287.8,25
1719461993411,288.2,25
1719461993411,288.2,25
1719461995016,288.2,25
1719461995016,288.2,25
1719461995016,288.2,25
1719461995016,288.2,25
1719461995016,288.2,25
1719461995016,288.2,25
1719461995016,288.2,25
1719461995016,288.2,25
1719462001285,289.3,125
1719462001285,289.3,125
1719462001761,288.4,25
1719462002564,286.95,25
1719462002564,286.95,25
1719462002564,286.95,25
1719462002564,286.95,25
1719462005211,288.0,50
1719462005803,287.35,25
1719462005859,287.7,50
1719462005859,287.7,50
1719462007099,285.0,25
1719462007099,285.0,25
1719462008416,284.25,25
1719462008416,284.25,25
1719462008416,284.25,25
1719462010042,284.6,25
1719462010505,285.3,25
1719462010505,285.3,25
1719462011554,286.55,25
1719462012119,287.3,25
1719462012119,287.3,25
1719462013021,286.4,25
1719462013643,286.8,25
1719462013643,286.8,25
1719462015017,287.4,25
1719462015017,287.4,25
1719462015017,287.4,25
1719462016677,286.35,25
1719462016981,286.7,25
1719462017467,286.1,25
1719462017467,286.1,25
1719462018701,285.4,25
1719462019117,286.45,25
1719462019117,286.45,25
1719462019117,286.45,25
1719462019117,286.45,25
1719462019117,286.45,25
1719462023438,288.85,25
1719462023438,288.85,25
1719462023438,288.85,25
1719462024621,290.0,50
1719462024621,290.0,50
1719462025426,289.3,50
1719462025426,289.3,50
1719462025426,289.3,50
1719462025426,289.3,50
1719462028709,289.95,25
1719462029084,289.75,25
1719462029084,289.75,25
1719462029084,289.75,25
1719462030151,290.15,25
1719462030151,290.15,25
1719462030151,290.15,25
1719462030151,290.15,25
1719462033194,288.85,25
1719462033194,288.85,25
1719462033194,288.85,25
1719462035174,289.35,25
1719462035174,289.35,25
1719462035174,289.35,25
1719462035174,289.35,25
1719462038134,289.7,25
1719462038134,289.7,25
1719462040526,288.35,25
1719462040526,288.35,25
1719462040526,288.35,25
1719462040526,288.35,25
1719462040526,288.35,25
1719462044397,290.75,25
1719462044397,290.75,25
1719462044397,290.75,25
1719462044397,290.75,25
1719462048322,289.35,25
1719462048322,289.35,25
1719462049082,289.75,25
1719462049082,289.75,25
1719462049082,289.75,25
1719462052590,286.25,25
1719462052590,286.25,25
1719462052590,286.25,25
1719462052590,286.25,25
1719462052590,286.25,25
1719462052590,286.25,25
1719462057910,289.45,25
1719462057910,289.45,25
1719462057910,289.45,25
1719462057910,289.45,25
1719462057910,289.45,25
1719462057910,289.45,25
1719462057910,289.45,25
1719462057910,289.45,25
1719462064337,290.0,50
1719462064337,290.0,50
1719462065964,290.95,25
1719462065964,290.95,25
1719462065964,290.95,25
1719462065964,290.95,25
1719462068399,290.2,50
1719462068399,290.2,50
1719462068399,290.2,50
1719462068399,290.2,50
1719462071926,290.5,75
1719462071926,290.5,75
1719462071926,290.5,75
1719462071926,290.5,75
1719462071926,290.5,75
1719462071926,290.5,75
1719462071926,290.5,75
1719462071926,290.5,75
1719462071926,290.5,75
1719462071926,290.5,75
1719462071926,290.5,75
1719462082000,293.25,50
1719462082806,293.2,25
1719462082806,293.2,25
1719462082806,293.2,25
1719462082806,293.2,25
1719462085925,292.9,175
1719462085925,292.9,175
1719462085925,292.9,175
1719462085925,292.9,175
1719462085925,292.9,175
1719462085925,292.9,175
1719462085925,292.9,175
1719462091757,293.2,25
1719462091757,293.2,25
1719462091757,293.2,25
1719462091757,293.2,25
1719462091757,293.2,25
1719462094884,295.1,25
1719462094884,295.1,25
1719462094884,295.1,25
1719462096484,293.3,75
1719462096484,293.3,75
1719462098235,294.45,25
1719462098235,294.45,25
1719462098235,294.45,25
1719462098235,294.45,25
1719462098235,294.45,25
1719462098235,294.45,25
1719462102562,293.1,25
1719462102562,293.1,25
1719462102562,293.1,25
1719462102562,293.1,25
1719462106709,294.0,50
1719462106709,294.0,50
1719462106709,294.0,50
1719462106709,294.0,50
1719462106709,294.0,50
1719462109574,292.3,25
1719462109574,292.3,25
1719462109574,292.3,25
1719462111822,291.8,50
1719462111822,291.8,50
1719462112839,290.2,25
1719462113167,290.0,50
1719462113167,290.0,50
1719462113167,290.0,50
1719462113167,290.0,50
1719462116468,291.6,25
1719462116468,291.6,25
1719462116468,291.6,25
1719462116468,291.6,25
1719462116468,291.6,25
1719462119626,294.95,25
1719462119626,294.95,25
1719462119626,294.95,25
1719462119626,294.95,25
1719462122059,295.5,25
1719462122059,295.5,25
1719462122797,294.7,25
1719462122797,294.7,25
1719462122797,294.7,25
1719462122797,294.7,25
1719462122797,294.7,25
1719462122797,294.7,25
1719462122797,294.7,25
1719462122797,294.7,25
1719462122797,294.7,25
1719462122797,294.7,25
1719462131613,296.1,25
1719462131613,296.1,25
1719462131613,296.1,25
1719462131613,296.1,25
1719462131613,296.1,25
1719462131613,296.1,25
1719462131613,296.1,25
1719462137993,295.55,25
1719462137993,295.55,25
1719462140128,297.8,25
1719462140128,297.8,25
1719462140128,297.8,25
1719462142211,296.9,25
1719462142211,296.9,25
1719462142211,296.9,25
1719462142211,296.9,25
1719462145655,298.1,50
1719462145655,298.1,50
1719462145655,298.1,50
1719462146857,296.3,25
1719462146857,296.3,25
1719462148165,296.0,50
1719462148165,296.0,50
1719462148165,296.0,50
1719462149724,294.55,25
1719462149724,294.55,25
1719462150364,295.05,25
1719462150364,295.05,25
1719462150364,295.05,25
1719462150364,295.05,25
1719462150364,295.05,25
1719462154644,296.1,25
1719462154644,296.1,25
1719462154644,296.1,25
1719462154644,296.1,25
1719462158179,296.35,25
1719462158179,296.35,25
1719462158179,296.35,25
1719462158179,296.35,25
1719462158179,296.35,25
1719462158179,296.35,25
1719462158179,296.35,25
1719462164387,298.2,50
1719462164387,298.2,50
1719462164387,298.2,50
1719462164387,298.2,50
1719462167317,298.55,25
1719462167317,298.55,25
1719462169168,298.75,25
1719462169168,298.75,25
1719462169801,301.05,25
1719462170147,300.0,25
1719462170147,300.0,25
1719462170147,300.0,25
1719462172008,299.45,25
1719462172008,299.45,25
1719462172008,299.45,25
1719462172008,299.45,25
1719462172008,299.45,25
1719462176475,296.95,25
1719462176475,296.95,25
1719462177006,297.75,25
1719462177654,298.65,25
1719462178757,300.4,25
1719462178915,301.2,25
1719462178915,301.2,25
1719462178915,301.2,25
1719462178915,301.2,25
1719462178915,301.2,25
1719462181875,300.65,25
1719462182259,299.9,25
1719462182530,299.3,25
1719462183020,300.05,25
1719462183948,300.2,25
1719462183948,300.2,25
1719462184686,300.35,25
1719462184686,300.35,25
1719462184686,300.35,25
1719462187020,301.65,25
1719462187020,301.65,25
1719462187020,301.65,25
1719462188804,301.6,25
1719462188804,301.6,25
1719462188804,301.6,25
1719462188804,301.6,25
1719462192094,298.85,25
1719462192094,298.85,25
1719462192094,298.85,25
1719462192094,298.85,25
1719462192094,298.85,25
1719462192094,298.85,25
1719462192094,298.85,25
1719462198231,299.95,25
1719462198231,299.95,25
1719462200320,299.65,25
1719462200320,299.65,25
1719462201811,298.0,50
1719462202884,298.35,25
1719462203143,297.4,25
1719462203143,297.4,25
1719462203143,297.4,25
1719462203143,297.4,25
1719462203143,297.4,25
1719462203143,297.4,25
1719462208245,296.3,25
1719462208406,296.8,25
1719462208632,297.2,25
1719462208632,297.2,25
1719462208632,297.2,25
1719462208632,297.2,25
1719462208632,297.2,25
1719462208632,297.2,25
1719462208632,297.2,25
1719462208632,297.2,25
1719462208632,297.2,25
1719462208632,297.2,25
1719462208632,297.2,25
1719462217798,297.7,25
1719462217798,297.7,25
1719462217798,297.7,25
1719462217798,297.7,25
1719462217798,297.7,25
1719462217798,297.7,25
1719462217798,297.7,25
1719462217798,297.7,25
1719462225514,297.9,25
1719462225514,297.9,25
1719462225514,297.9,25
1719462225514,297.9,25
1719462225514,297.9,25
1719462225514,297.9,25
1719462225514,297.9,25
1719462225514,297.9,25
1719462225514,297.9,25
1719462225514,297.9,25
1719462225514,297.9,25
1719462225514,297.9,25
1719462237159,299.6,25
1719462237795,299.9,25
1719462237795,299.9,25
1719462237795,299.9,25
1719462239519,299.65,25
1719462239519,299.65,25
1719462239519,299.65,25
1719462240860,298.2,25
1719462240860,298.2,25
1719462242125,297.2,25
1719462242125,297.2,25
1719462243557,296.75,75
1719462243557,296.75,75
1719462243557,296.75,75
1719462243557,296.75,75
1719462247067,294.7,25
1719462247067,294.7,25
1719462247067,294.7,25
1719462249171,294.5,25
1719462249171,294.5,25
1719462249171,294.5,25
1719462249171,294.5,25
1719462249171,294.5,25
1719462249171,294.5,25
1719462249171,294.5,25
1719462249171,294.5,25
1719462249171,294.5,25
1719462249171,294.5,25
1719462249171,294.5,25
1719462259290,296.4,25
1719462259290,296.4,25
1719462259290,296.4,25
1719462259290,296.4,25
1719462263622,295.85,25
1719462263622,295.85,25
1719462263622,295.85,25
1719462263622,295.85,25
1719462267380,294.5,25
1719462267380,294.5,25
1719462267380,294.5,25
1719462267380,294.5,25
1719462267380,294.5,25
1719462267380,294.5,25
1719462267380,294.5,25
1719462267380,294.5,25
1719462267380,294.5,25
1719462267380,294.5,25
1719462267380,294.5,25
1719462277506,292.25,25
1719462277506,292.25,25
1719462277506,292.25,25
1719462277506,292.25,25
1719462277506,292.25,25
1719462281184,291.0,25
1719462281260,291.0,25
1719462282430,290.4,25
1719462282430,290.4,25
1719462282430,290.4,25
1719462282430,290.4,25
1719462284958,292.1,25
1719462284958,292.1,25
1719462285768,292.4,75
1719462285768,292.4,75
1719462286872,292.35,25
1719462286872,292.35,25
1719462286872,292.35,25
1719462286872,292.35,25
1719462289861,290.15,25
1719462289861,290.15,25
1719462291019,289.2,25
1719462291639,288.95,25
1719462291903,288.0,50
1719462292393,288.1,50
1719462292393,288.1,50
1719462292393,288.1,50
1719462292393,288.1,50
1719462295349,291.45,25
1719462295627,290.95,25
1719462295627,290.95,25
1719462295627,290.95,25
1719462295627,290.95,25
1719462295627,290.95,25
1719462299203,289.65,25
1719462299203,289.65,25
1719462299203,289.65,25
1719462299203,289.65,25
1719462301811,289.0,25
1719462301811,289.0,25
1719462302776,289.1,25
1719462302999,289.6,25
1719462302999,289.6,25
1719462302999,289.6,25
1719462302999,289.6,25
1719462305820,289.5,25
1719462305820,289.5,25
1719462305820,289.5,25
1719462305820,289.5,25
1719462305820,289.5,25
1719462305820,289.5,25
1719462305820,289.5,25
1719462305820,289.5,25
1719462312108,286.7,50
1719462312868,285.45,25
1719462312868,285.45,25
1719462313486,284.85,25
1719462313972,285.5,25
1719462328079,285.0,25
1719462328400,284.0,25
1719462328400,284.0,25
1719462330423,284.3,50
1719462331159,284.3,25
1719462331159,284.3,25
1719462331159,284.3,25
1719462331159,284.3,25
1719462331159,284.3,25
1719462331159,284.3,25
1719462331159,284.3,25
1719462331159,284.3,25
1719462338564,287.0,25
1719462338564,287.0,25
1719462339727,285.9,25
1719462339727,285.9,25
1719462339727,285.9,25
1719462339727,285.9,25
1719462344858,284.55,25
1719462349261,285.8,25
1719462349261,285.8,25
1719462350449,286.3,25
1719462350449,286.3,25
1719462350449,286.3,25
1719462350449,286.3,25
1719462350449,286.3,25
1719462350449,286.3,25
1719462354747,287.35,25
1719462354747,287.35,25
1719462356177,287.3,25
1719462356177,287.3,25
1719462357674,286.3,275
1719462357674,286.3,275
1719462357674,286.3,275
1719462357674,286.3,275
1719462357674,286.3,275
1719462357674,286.3,275
1719462357674,286.3,275
1719462357674,286.3,275
1719462357674,286.3,275
1719462357674,286.3,275
1719462357674,286.3,275
1719462357674,286.3,275
1719462357674,286.3,275
1719462368941,290.0,25
1719462368941,290.0,25
1719462368941,290.0,25
1719462368941,290.0,25
1719462368941,290.0,25
1719462368941,290.0,25
1719462405263,278.05,25
1719462405263,278.05,25
1719462405263,278.05,25
1719462407959,274.9,75
1719462408414,271.35,25
1719462408414,271.35,25
1719462409366,271.1,25
1719462409366,271.1,25
1719462411073,272.45,25
1719462412021,271.5,25
1719462412021,271.5,25
1719462412021,271.5,25
1719462414087,271.95,25
1719462414087,271.95,25
1719462415262,269.25,25
1719462415366,267.55,50
1719462415749,267.1,25
1719462416396,267.0,25
1719462416825,268.35,25
1719462417111,266.0,25
1719462417758,266.6,25
1719462417758,266.6,25
1719462419079,263.95,25
1719462419184,264.95,25
1719462419685,265.55,25
1719462420104,264.35,25
1719462421088,261.7,50
1719462421380,261.8,50
1719462422179,257.55,25
1719462422632,257.6,25
1719462422950,256.95,25
1719462423671,257.3,75
1719462423671,257.3,75
1719462425305,259.2,25
1719462425800,260.0,25
1719462425800,260.0,25
1719462426865,259.3,25
1719462427546,261.2,25
1719462427946,262.4,25
1719462427946,262.4,25
1719462427946,262.4,25
1719462430490,261.95,25
1719462430490,261.95,25
1719462430490,261.95,25
1719462432696,261.65,125
1719462432982,262.05,25
1719462433168,261.85,25
1719462433168,261.85,25
1719462433168,261.85,25
1719462435103,260.0,25
1719462435103,260.0,25
1719462435103,260.0,25
1719462435972,259.05,25
1719462436808,259.05,25
1719462436808,259.05,25
1719462436808,259.05,25
1719462438084,257.85,25
1719462438534,259.05,25
1719462439001,258.15,25
1719462439223,259.1,25
1719462439223,259.1,25
1719462440730,260.25,25
1719462441147,260.4,25
1719462441147,260.4,25
1719462441147,260.4,25
1719462443360,258.7,50
1719462443360,258.7,50
1719462444500,257.85,25
1719462444646,257.15,25
1719462444646,257.15,25
1719462446026,256.0,25
1719462446380,255.7,25
1719462446690,255.3,25
1719462447015,257.1,50
1719462447015,257.1,50
1719462447952,257.5,25
1719462448905,258.55,25
1719462448997,258.9,25
1719462448997,258.9,25
1719462448997,258.9,25
1719462450307,258.45,25
1719462450439,257.8,125
1719462450439,257.8,125
1719462451411,259.55,25
1719462452846,261.25,25
1719462453216,259.95,25
1719462453216,259.95,25
1719462453216,259.95,25
1719462455242,258.9,25
1719462455242,258.9,25
1719462455242,258.9,25
1719462455242,258.9,25
1719462459910,259.4,25
1719462459910,259.4,25
1719462459910,259.4,25
1719462462294,256.3,25
1719462462402,257.15,25
1719462463011,255.0,75
1719462463867,254.1,25
1719462463867,254.1,25
1719462464838,255.1,25
1719462465051,254.65,25
1719462466084,252.25,25
1719462466084,252.25,25
1719462467093,250.8,25
1719462467964,249.2,25
1719462468220,249.85,25
1719462469190,250.3,25
1719462470078,248.1,25
1719462470475,248.1,25
1719462470634,247.0,75
1719462470634,247.0,75
1719462471945,245.65,25
1719462471982,246.0,25
1719462472950,245.15,25
1719462473911,245.85,25
1719462473911,245.85,25
1719462475010,246.75,25
1719462475162,246.5,25
1719462476288,244.35,25
1719462476288,244.35,25
1719462477156,241.95,25
1719462477263,242.65,25
1719462478129,244.5,25
1719462478606,245.6,25
1719462479078,244.95,25
1719462480018,245.7,25
1719462480018,245.7,25
1719462481116,240.0,25
1719462481116,240.0,25
1719462481698,240.3,25
1719462481698,240.3,25
1719462482733,237.05,25
1719462483561,237.15,25
1719462483707,237.3,25
1719462486119,239.15,25
1719462486966,239.05,25
1719462486966,239.05,25
1719462488346,241.7,25
1719462488346,241.7,25
1719462488622,240.25,25
1719462489324,240.25,25
1719462489779,240.3,25
1719462490330,239.7,25
1719462490919,239.6,25
1719462490970,239.6,25
1719462491775,238.85,25
1719462492122,238.1,25
1719462492857,239.35,25
1719462493109,239.75,25
1719462493803,240.6,25
1719462494038,239.7,25
1719462495149,239.4,25
1719462495349,239.35,25
1719462496070,241.5,25
1719462496070,241.5,25
1719462497132,240.05,25
1719462497458,240.7,25
1719462497742,240.95,25
1719462498039,240.75,25
1719462498767,241.1,25
1719462499053,241.15,25
1719462499599,243.55,25
1719462500064,243.9,25
1719462500438,242.95,25
1719462500438,242.95,25
1719462501743,241.9,25
1719462501743,241.9,25
1719462502833,241.45,25
1719462509293,238.25,25
1719462509933,238.8,25
1719462509933,238.8,25
1719462511144,238.8,25
1719462511144,238.8,25
1719462512156,237.95,25
1719462512281,237.7,25
1719462513141,236.5,25
1719462513512,236.65,50
1719462513780,236.7,25
1719462513898,236.75,25
1719462514745,236.5,25
1719462514745,236.5,25
1719462515968,236.95,25
1719462516158,236.75,25
1719462516922,236.55,25
1719462517207,236.65,25
1719462518127,237.35,25
1719462519127,238.45,25
1719462519379,238.8,25
1719462520147,237.1,25
1719462520821,237.65,25
1719462521303,238.2,25
1719462521929,239.6,25
1719462521929,239.6,25
1719462523750,240.6,25
1719462523974,240.4,25
1719462523974,240.4,25
1719462525018,240.0,25
1719462525329,240.45,50
1719462525971,240.45,25
1719462525971,240.45,25
1719462526933,240.45,25
1719462527120,239.3,25
1719462528004,240.1,25
1719462528004,240.1,25
1719462528484,241.9,25
1719462534625,239.75,25
1719462534625,239.75,25
1719462534625,239.75,25
1719462536476,239.7,25
1719462544901,238.15,25
1719462544901,238.15,25
1719462546064,238.6,25
1719462546334,238.7,25
1719462546510,239.75,25
1719462547505,239.7,25
1719462547505,239.7,25
1719462547505,239.7,25
1719462547505,239.7,25
1719462549388,238.0,75
1719462549858,238.85,25
1719462549858,238.85,25
1719462549858,238.85,25
1719462551941,238.6,25
1719462560987,235.65,25
1719462560987,235.65,25
1719462560987,235.65,25
1719462562138,235.0,25
1719462563064,235.2,25
1719462563064,235.2,25
1719462563575,236.4,25
1719462563575,236.4,25
1719462565084,235.0,25
1719462565627,235.55,25
1719462565798,235.95,25
1719462566092,235.4,25
1719462566092,235.4,25
1719462567692,235.05,25
1719462567952,234.45,25
1719462575446,235.25,25
1719462575771,234.5,25
1719462575894,234.7,25
1719462576656,236.0,50
1719462577032,237.0,50
1719462601761,229.9,25
1719462603594,233.6,50
1719462604065,233.3,25
1719462604065,233.3,25
1719462605009,232.7,25
1719462605009,232.7,25
1719462606457,234.9,350
1719462607067,233.95,25
1719462607067,233.95,25
1719462607709,234.7,50
1719462608530,233.3,25
1719462608996,232.8,25
1719462608996,232.8,25
1719462608996,232.8,25
1719462610927,233.85,25
1719462610927,233.85,25
1719462610927,233.85,25
1719462614045,234.1,25
1719462614045,234.1,25
1719462615051,232.6,25
1719462615051,232.6,25
1719462615051,232.6,25
1719462616797,234.1,25
1719462616797,234.1,25
1719462616797,234.1,25
1719462618670,234.55,25
1719462619108,235.35,25
1719462619398,235.65,25
1719462620098,236.0,25
1719462620098,236.0,25
1719462620098,236.0,25
1719462620098,236.0,25
1719462620098,236.0,25
1719462624168,237.65,25
1719462625141,238.25,25
1719462625141,238.25,25
1719462625875,238.1,25
1719462625875,238.1,25
1719462626707,237.45,25
1719462626707,237.45,25
1719462626707,237.45,25
1719462628886,234.4,25
1719462628886,234.4,25
1719462630121,234.9,25
1719462630454,234.1,75
1719462631367,233.0,25
1719462631580,233.3,25
1719462631580,233.3,25
1719462633384,231.7,25
1719462633384,231.7,25
1719462634281,230.35,25
1719462634281,230.35,25
1719462634281,230.35,25
1719462634281,230.35,25
1719462634281,230.35,25
1719462634281,230.35,25
1719462638649,231.15,25
1719462639011,231.05,25
1719462639469,232.25,25
1719462639469,232.25,25
1719462640966,232.3,25
1719462641046,231.55,25
1719462641046,231.55,25
1719462641046,231.55,25
1719462643565,233.2,25
1719462643565,233.2,25
1719462644472,233.85,25
1719462644793,232.6,25
1719462645289,232.95,25
1719462646127,231.7,25
1719462646127,231.7,25
1719462646127,231.7,25
1719462646127,231.7,25
1719462647980,231.3,25
1719462648960,230.0,25
1719462650146,232.2,25
1719462650146,232.2,25
1719462651118,232.1,25
1719462651868,231.4,25
1719462653109,231.6,25
1719462653109,231.6,25
1719462657415,231.0,100
1719462657993,228.75,25
1719462658226,227.95,25
1719462658781,228.45,25
1719462658781,228.45,25
1719462660078,225.4,50
1719462660078,225.4,50
1719462660279,225.6,25
1719462660787,224.35,25
1719462660787,224.35,25
1719462662230,224.7,25
1719462662441,224.2,25
1719462663225,225.25,25
1719462664223,224.2,25
1719462664410,223.6,25
1719462665252,224.55,25
1719462665385,224.2,25
1719462666252,222.15,25
1719462666627,223.3,25
1719462667465,223.5,25
1719462667784,223.0,25
1719462667968,223.5,25
1719462668245,223.35,25
1719462669014,222.25,25
1719462669186,222.4,100
1719462670240,224.45,25
1719462671117,223.75,25
1719462671117,223.75,25
1719462671990,223.3,25
1719462671990,223.3,25
1719462672962,222.25,25
1719462673490,222.0,25
1719462673519,222.35,25
1719462673519,222.35,25
1719462674953,223.55,25
1719462674953,223.55,25
1719462675797,224.2,25
1719462676271,224.25,25
1719462678325,224.7,25
1719462678325,224.7,25
1719462679507,223.9,25
1719462680006,223.8,25
1719462680656,222.1,25
1719462680962,221.0,25
1719462681463,220.0,50
1719462682258,217.8,25
1719462683163,217.15,50
1719462683269,217.6,50
1719462684222,222.8,25
1719462685128,222.3,25
1719462685384,221.5,25
1719462686272,221.0,25
1719462687155,221.4,25
1719462687807,221.35,25
1719462688408,220.9,25
1719462689469,221.45,25
1719462689661,221.95,25
1719462690254,221.05,100
1719462690789,221.4,25
1719462691049,221.4,25
1719462691248,219.95,25
1719462692055,220.75,25
1719462692470,221.1,25
1719462693240,222.05,25
1719462693872,222.25,25
1719462693872,222.25,25
1719462694656,222.15,25
1719462695389,221.7,25
1719462695926,221.9,25
1719462695926,221.9,25
1719462697622,221.3,25
1719462702898,218.9,25
1719462703143,218.95,25
1719462703143,218.95,25
1719462704054,219.25,25
1719462704054,219.25,25
1719462704835,218.0,25
1719462705402,217.65,25
1719462735820,209.6,25
1719462735820,209.6,25
1719462735820,209.6,25
1719462737362,210.45,25
1719462737362,210.45,25
1719462738202,211.0,25
1719462738754,209.7,25
1719462738754,209.7,25
1719462738754,209.7,25
1719462739652,209.45,150
1719462741248,210.5,25
1719462741464,210.8,25
1719462741802,210.8,25
1719462741802,210.8,25
1719462745501,210.0,100
1719462745763,209.85,25
1719462746234,209.45,25
1719462747087,210.35,25
1719462747976,210.55,25
1719462747976,210.55,25
1719462749286,209.3,25
1719462749286,209.3,25
1719462750100,210.05,25
1719462750100,210.05,25
1719462750100,210.05,25
1719462750752,210.5,25
1719462751481,210.85,25
1719462752313,209.65,25
1719462752480,209.75,25
1719462753321,208.3,25
1719462753795,207.9,75
1719462754119,208.15,25
1719462754414,209.1,200
1719462754657,208.9,25
1719462755521,208.85,25
1719462755704,208.75,25
1719462755704,208.75,25
1719462757388,206.4,50
1719462757597,207.2,25
1719462758206,207.25,25
1719462758397,208.4,50
1719462759155,208.65,150
1719462759755,208.3,25
1719462759755,208.3,25
1719462759755,208.3,25
1719462767143,210.0,25
1719462767143,210.0,25
1719462768154,210.15,75
1719462768154,210.15,75
1719462769339,208.8,25
1719462769776,209.1,25
1719462769776,209.1,25
1719462771307,208.0,100
1719462771945,203.25,25
1719462771945,203.25,25
1719462772528,202.6,25
1719462773010,202.25,25
1719462773498,201.45,25
1719462774509,202.7,75
1719462774706,202.15,25
1719462774706,202.15,25
1719462774706,202.15,25
1719462775805,202.2,50
1719462775805,202.2,50
1719462777008,204.45,50
1719462777008,204.45,50
1719462777008,204.45,50
1719462779077,205.4,25
1719462779310,205.2,25
1719462779310,205.2,25
1719462780006,204.1,100
1719462780006,204.1,100
1719462780500,203.85,25
1719462781444,201.4,25
1719462781711,201.8,25
1719462782093,201.35,25
1719462782093,201.35,25
1719462783255,201.05,50
1719462783255,201.05,50
1719462784366,199.3,25
1719462784864,199.9,25
1719462784864,199.9,25
1719462785653,199.8,25
1719462785653,199.8,25
1719462787553,199.7,200
1719462788264,199.55,50
1719462788797,200.25,25
1719462788797,200.25,25
1719462789417,200.0,25
1719462790031,197.55,75
1719462790031,197.55,75
1719462791426,197.1,25
1719462792057,197.75,25
1719462792428,196.6,25
1719462793293,198.7,25
1719462793443,199.15,175
1719462793443,199.15,175
1719462793443,199.15,175
1719462793443,199.15,175
1719462793443,199.15,175
1719462793443,199.15,175
1719462797591,199.45,25
1719462798139,200.45,100
1719462798139,200.45,100
1719462799315,200.15,75
1719462799315,200.15,75
1719462800010,198.7,25
1719462800633,198.55,25
1719462801168,198.1,25
1719462801996,198.15,25
1719462802222,198.35,25
1719462802222,198.35,25
1719462802222,198.35,25
1719462803444,198.7,75
1719462804144,198.0,25
1719462804144,198.0,25
1719462805112,199.2,25
1719462805696,198.75,50
1719462805696,198.75,50
1719462806860,200.8,25
1719462807361,200.55,25
1719462807727,201.3,25
1719462807727,201.3,25
1719462808795,201.0,25
1719462809469,202.55,75
1719462810169,203.3,25
1719462810169,203.3,25
1719462810440,202.7,25
1719462810440,202.7,25
1719462812506,205.0,150
1719462812645,205.05,200
1719462812872,204.3,25
1719462813958,202.1,25
1719462814318,204.05,25
1719462814390,203.3,25
1719462815486,204.0,500
1719462816028,204.0,25
1719462816028,204.0,25
1719462816702,202.9,25
1719462816702,202.9,25
1719462816702,202.9,25
1719462818138,204.95,200
1719462818138,204.95,200
1719462819190,204.1,100
1719462819540,205.65,75
1719462820219,207.4,25
1719462820560,207.35,25
1719462821340,208.0,25
1719462821907,208.0,25
1719462821907,208.0,25
1719462822546,207.55,25
1719462823386,206.75,25
1719462823937,206.35,150
1719462823937,206.35,150
1719462824709,207.25,25
1719462826535,207.95,25
1719462826535,207.95,25
1719462827561,206.1,50
1719462828311,206.3,25
1719462828311,206.3,25
1719462828870,207.65,25
1719462830003,207.0,125
1719462830003,207.0,125
1719462830583,206.05,25
1719462831055,206.9,25
1719462832054,206.3,150
1719462832054,206.3,150
1719462832054,206.3,150
1719462832895,205.1,50
1719462834408,205.75,25
1719462834408,205.75,25
1719462834893,206.05,50
1719462834893,206.05,50
1719462836083,206.15,25
1719462836083,206.15,25
1719462836083,206.15,25
1719462836083,206.15,25
1719462836083,206.15,25
1719462839667,204.0,475
1719462839667,204.0,475
1719462840395,203.05,25
1719462840395,203.05,25
1719462840748,203.4,250
1719462840748,203.4,250
1719462841499,203.55,50
1719462841499,203.55,50
1719462841499,203.55,50
1719462843938,203.4,25
1719462843938,203.4,25
1719462843938,203.4,25
1719462846153,204.4,25
1719462846486,205.2,50
1719462846486,205.2,50
1719462846982,204.7,25
1719462847837,205.85,25
1719462847953,206.25,25
1719462847953,206.25,25
1719462847953,206.25,25
1719462850241,207.0,75
1719462850241,207.0,75
1719462850520,205.65,150
1719462850520,205.65,150
1719462851657,204.25,25
1719462851657,204.25,25
1719462851657,204.25,25
1719462851657,204.25,25
1719462854569,205.5,25
1719462855125,204.65,75
1719462855125,204.65,75
1719462855125,204.65,75
1719462855125,204.65,75
1719462858811,206.3,50
1719462859825,204.6,25
1719462859957,205.0,25
1719462860419,205.15,50
1719462860419,205.15,50
1719462860419,205.15,50
1719462861837,204.1,25
1719462861837,204.1,25
1719462862785,204.15,125
1719462863292,203.3,25
1719462863292,203.3,25
1719462864774,203.8,25
1719462865469,202.5,25
1719462865613,201.95,75
1719462865613,201.95,75
1719462866356,203.4,50
1719462867013,203.45,50
1719462868166,203.1,25
1719462868166,203.1,25
1719462869062,203.65,25
1719462869062,203.65,25
1719462869062,203.65,25
1719462870347,205.85,25
1719462870626,204.25,25
1719462870784,204.5,25
1719462871412,204.55,25
1719462872207,203.95,200
1719462872207,203.95,200
1719462872207,203.95,200
1719462872207,203.95,200
1719462875408,203.75,25
1719462875408,203.75,25
1719462875408,203.75,25
1719462875408,203.75,25
1719462875408,203.75,25
1719462875408,203.75,25
1719462875408,203.75,25
1719462875408,203.75,25
1719462875408,203.75,25
1719462875408,203.75,25
1719462884131,201.5,25
1719462884131,201.5,25
1719462885596,203.1,200
1719462885678,203.7,25
1719462886047,203.15,25
1719462886523,202.1,25
1719462886523,202.1,25
1719462887710,201.75,25
1719462887980,202.2,50
1719462887980,202.2,50
1719462887980,202.2,50
1719462889781,202.8,25
1719462890436,201.95,25
1719462890436,201.95,25
1719462890436,201.95,25
1719462890436,201.95,25
1719462893104,200.85,200
1719462893710,201.0,25
1719462893710,201.0,25
1719462893710,201.0,25
1719462894623,201.0,75
1719462894623,201.0,75
1719462896254,200.0,25
1719462896595,200.1,25
1719462897167,198.6,25
1719462897167,198.6,25
1719462898131,198.85,25
1719462898687,198.0,200
1719462899486,195.8,100
1719462899486,195.8,100
1719462900102,195.7,100
1719462900303,195.0,75
1719462900834,193.9,25
1719462901121,195.95,25
1719462901931,196.3,25
1719462902608,198.1,125
1719462903162,198.8,350
1719462903379,199.25,250
1719462903885,200.45,25
1719462904405,201.8,25
1719462905020,202.0,25
1719462905586,202.95,25
1719462906368,202.05,25
1719462906749,200.9,25
1719462907307,200.0,75
1719462907901,199.35,50
1719462907901,199.35,50
1719462909103,200.3,100
1719462909103,200.3,100
1719462909103,200.3,100
1719462910126,199.7,25
1719462910947,201.2,25
1719462911410,201.15,200
1719462912233,200.7,200
1719462912479,201.25,250
1719462913276,201.2,25
1719462913276,201.2,25
1719462913783,201.0,25
1719462914755,201.35,25
1719462915106,201.35,25
1719462915945,199.25,25
1719462915945,199.25,25
1719462915945,199.25,25
1719462917046,200.7,25
1719462917801,202.2,25
1719462917801,202.2,25
1719462917801,202.2,25
1719462919242,200.5,25
1719462919242,200.5,25
1719462920062,200.3,100
1719462920493,200.5,25
1719462921401,199.75,50
1719462921658,198.55,75
1719462922309,197.05,25
1719462922309,197.05,25
1719462923830,198.35,25
1719462923830,198.35,25
1719462925606,198.4,25
1719462925606,198.4,25
1719462925606,198.4,25
1719462925606,198.4,25
1719462927855,199.45,25
1719462928020,200.05,50
1719462928020,200.05,50
1719462929408,200.1,175
1719462929408,200.1,175
1719462929408,200.1,175
1719462929408,200.1,175
1719462931156,201.5,25
1719462931156,201.5,25
1719462931156,201.5,25
1719462931156,201.5,25
1719462934464,199.75,50
1719462935068,199.85,25
1719462935257,200.2,50
1719462935617,199.6,25
1719462935617,199.6,25
1719462936811,198.4,25
1719462936811,198.4,25
1719462938423,194.85,25
1719462938948,195.35,25
1719462939390,194.9,25
1719462939911,194.0,100
1719462940588,194.95,25
1719462940649,194.65,25
1719462941392,193.6,25
1719462941880,193.4,25
1719462942400,193.2,25
1719462942931,193.85,25
1719462943625,192.1,25
1719462944216,190.1,75
1719462944259,191.0,300
1719462945227,191.85,25
1719462945718,192.1,25
1719462946224,192.0,25
1719462946744,193.3,25
1719462947354,194.9,100
1719462947760,194.1,25
1719462948418,194.65,25
1719462949009,194.75,50
1719462949009,194.75,50
1719462949009,194.75,50
1719462950705,196.8,50
1719462951385,196.05,25
1719462951385,196.05,25
1719462952112,197.1,25
1719462953430,197.35,25
1719462953530,196.9,25
1719462954314,197.55,25
1719462954314,197.55,25
1719462955365,196.1,25
1719462955365,196.1,25
1719462956263,197.1,25
1719462956786,197.5,25
1719462957448,197.85,150
1719462957964,198.3,25
1719462958261,198.6,25
1719462959041,199.25,25
1719462959400,199.8,25
1719462959997,199.1,100
1719462960240,198.3,25
1719462960240,198.3,25
1719462960240,198.3,25
1719462961325,196.1,50
1719462961813,195.45,25
1719462962646,194.5,25
1719462962701,194.6,25
1719462963293,195.65,25
1719462963873,197.5,25
1719462964425,198.15,75
1719462965027,198.0,25
1719462965262,198.75,25
1719462965262,198.75,25
1719462965939,198.2,200
1719462966606,198.55,100
1719462967292,198.2,75
1719462967292,198.2,75
1719462968565,200.0,25
1719462968565,200.0,25
1719462969140,198.9,100
1719462969640,198.4,25
1719462970345,197.15,25
1719462970572,197.1,50
1719462971343,197.1,25
1719462971565,196.95,25
1719462971565,196.95,25
1719462971565,196.95,25
1719462973309,196.4,25
1719462973906,196.65,25
1719462974386,196.2,25
1719462974526,196.4,25
1719462975438,195.7,25
1719462976264,196.25,75
1719462976933,196.6,25
1719462977697,196.55,25
1719462978035,196.55,100
1719462978777,197.7,25
1719462979371,198.15,25
1719462979644,197.9,25
1719462979644,197.9,25
1719462980963,198.15,25
1719462980963,198.15,25
1719462981945,197.25,75
1719462982335,196.65,50
1719462982335,196.65,50
1719462983453,198.2,25
1719462983453,198.2,25
1719462984155,198.2,25
1719462984667,197.6,25
1719462985205,198.35,25
1719462985205,198.35,25
1719462986002,199.35,150
1719462986859,200.0,100
1719462986859,200.0,100
1719462988665,200.4,50
1719462989313,200.35,25
1719462989313,200.35,25
1719462989313,200.35,25
1719462990435,199.35,25
1719462990435,199.35,25
1719462991521,200.3,25
1719462991521,200.3,25
1719462991521,200.3,25
1719462991521,200.3,25
1719462993992,199.7,75
1719462993992,199.7,75
1719462993992,199.7,75
1719462995988,199.85,25
1719462996173,199.55,200
1719462997076,199.2,25
1719462997076,199.2,25
1719462998006,199.8,225
1719462998006,199.8,225
1719462998006,199.8,225
1719462998006,199.8,225
1719463000514,199.25,25
1719463001096,199.85,50
1719463001096,199.85,50
1719463002494,200.3,200
1719463003677,200.75,25
1719463004333,200.85,25
1719463004533,200.15,25
1719463005294,200.65,200
1719463005855,200.4,125
1719463006273,200.2,25
1719463006273,200.2,25
1719463007498,199.5,25
1719463007917,199.4,50
1719463007917,199.4,50
1719463007917,199.4,50
1719463013210,198.1,200
1719463013210,198.1,200
1719463016345,197.7,25
1719463016345,197.7,25
1719463017994,196.1,250
1719463017994,196.1,250
1719463018408,195.7,200
1719463019423,195.0,25
1719463019423,195.0,25
1719463020018,194.0,475
1719463020018,194.0,475
1719463020018,194.0,475
1719463021432,192.7,25
1719463021689,192.6,25
1719463021918,191.65,25
1719463022672,192.85,25
1719463022672,192.85,25
1719463022672,192.85,25
1719463024373,192.4,75
1719463025005,192.3,50
1719463025005,192.3,50
1719463026148,191.45,50
1719463026148,191.45,50
1719463026148,191.45,50
1719463026936,192.3,25
1719463026936,192.3,25
1719463028048,190.95,25
1719463028934,189.3,25
1719463029479,189.6,100
1719463029894,189.25,25
1719463029894,189.25,25
1719463031129,187.4,100
1719463031329,187.05,25
1719463032293,187.3,25
1719463032567,187.35,25
1719463033468,188.25,25
1719463033537,188.7,25
1719463034180,190.1,100
1719463034619,190.9,175
1719463035475,193.7,25
1719463035579,193.95,25
1719463035816,194.15,25
1719463036743,196.05,200
1719463037450,195.45,25
1719463037450,195.45,25
1719463038225,195.5,25
1719463038841,196.4,25
1719463039267,196.35,75
1719463039884,195.6,25
1719463039884,195.6,25
1719463039884,195.6,25
1719463039884,195.6,25
1719463041827,196.6,25
1719463042079,196.3,25
1719463042079,196.3,25
1719463043039,196.35,500
1719463043732,197.05,25
1719463043889,197.2,25
1719463044955,194.75,50
1719463045123,195.6,100
1719463045827,195.7,25
1719463046114,195.9,150
1719463046670,196.0,25
1719463046670,196.0,25
1719463046670,196.0,25
1719463047708,195.8,25
1719463047708,195.8,25
1719463050028,196.2,25
1719463050028,196.2,25
1719463050430,196.65,25
1719463050685,196.9,25
1719463051325,197.0,100
1719463051325,197.0,100
1719463052243,198.2,25
1719463052992,199.35,25
1719463053224,198.65,25
1719463053224,198.65,25
1719463054270,198.8,25
1719463054270,198.8,25
1719463054270,198.8,25
1719463056678,198.4,25
1719463057304,198.55,75
1719463057304,198.55,75
1719463058357,200.35,25
1719463058357,200.35,25
1719463059088,200.6,50
1719463059088,200.6,50
1719463059088,200.6,50
1719463061947,198.9,25
1719463062441,197.4,25
1719463062441,197.4,25
1719463062441,197.4,25
1719463064206,199.3,25
1719463064206,199.3,25
1719463065451,200.8,25
1719463065696,200.85,25
1719463065696,200.85,25
1719463067113,200.8,25
1719463067113,200.8,25
1719463068571,197.9,50
1719463069155,198.9,100
1719463069876,199.05,25
1719463070676,197.9,175
1719463070676,197.9,175
1719463070676,197.9,175
1719463070676,197.9,175
1719463070676,197.9,175
1719463074244,199.4,25
1719463074244,199.4,25
1719463074244,199.4,25
1719463076745,199.1,50
1719463077625,198.95,25
1719463077625,198.95,25
1719463078997,199.95,25
1719463078997,199.95,25
1719463080122,199.9,50
1719463080281,200.15,350
1719463080440,199.95,25
1719463080656,200.3,125
1719463080656,200.3,125
1719463080656,200.3,125
1719463082058,199.8,25
1719463083798,198.5,25
1719463083856,198.6,75
1719463084287,196.55,25
1719463084287,196.55,25
1719463085490,196.0,100
1719463085490,196.0,100
1719463086467,197.8,25
1719463086962,197.75,150
1719463087648,197.1,25
1719463087648,197.1,25
1719463087648,197.1,25
1719463089556,198.35,25
1719463089556,198.35,25
1719463090862,197.65,25
1719463090862,197.65,25
1719463090862,197.65,25
1719463090862,197.65,25
1719463094783,197.0,25
1719463094783,197.0,25
1719463095364,197.45,25
1719463096259,195.5,125
1719463096259,195.5,125
1719463096690,195.5,25
1719463096690,195.5,25
1719463098363,196.75,225
1719463098363,196.75,225
1719463098363,196.75,225
1719463099806,197.7,75
1719463099806,197.7,75
1719463101572,196.95,25
1719463102015,197.05,75
1719463102015,197.05,75
1719463103089,196.45,25
1719463103089,196.45,25
1719463103089,196.45,25
1719463103089,196.45,25
1719463103089,196.45,25
1719463103089,196.45,25
1719463103089,196.45,25
1719463103089,196.45,25
1719463109477,196.65,25
1719463109605,197.65,25
1719463110028,198.65,25
1719463110028,198.65,25
1719463110028,198.65,25
1719463111090,196.95,25
1719463111090,196.95,25
1719463111090,196.95,25
1719463113865,198.1,125
1719463113865,198.1,125
1719463113865,198.1,125
1719463115937,199.15,75
1719463115937,199.15,75
1719463116948,198.65,25
1719463116948,198.65,25
1719463116948,198.65,25
1719463118506,196.65,25
1719463118506,196.65,25
1719463119045,197.7,25
1719463119045,197.7,25
1719463119878,198.0,200
1719463120636,197.05,100
1719463121529,193.7,75
1719463121878,193.4,225
1719463122105,193.45,50
1719463122768,191.95,25
1719463123362,193.55,125
1719463123362,193.55,125
1719463124888,193.0,25
1719463124888,193.0,25
1719463125215,193.1,25
1719463125215,193.1,25
1719463126317,192.55,225
1719463126736,191.65,50
1719463127325,189.8,125
1719463127695,190.15,25
1719463127695,190.15,25
1719463128838,193.65,25
1719463129361,194.0,25
1719463129901,195.05,25
1719463130222,194.9,25
1719463130222,194.9,25
1719463131575,196.2,25
1719463131575,196.2,25
1719463131575,196.2,25
1719463131575,196.2,25
1719463133967,194.95,75
1719463134853,195.6,25
1719463135515,195.65,25
1719463135515,195.65,25
1719463136648,194.15,25
1719463136648,194.15,25
1719463137658,194.5,25
1719463137658,194.5,25
1719463138613,194.05,25
1719463138613,194.05,25
1719463138613,194.05,25
1719463138613,194.05,25
1719463138613,194.05,25
1719463138613,194.05,25
1719463142302,191.9,75
1719463142302,191.9,75
1719463143100,193.05,25
1719463143100,193.05,25
1719463144137,193.2,25
1719463144137,193.2,25
1719463145213,194.8,25
1719463145545,194.3,125
1719463145545,194.3,125
1719463145545,194.3,125
1719463147966,193.25,50
1719463149299,193.1,25
1719463149299,193.1,25
1719463150864,193.95,250
1719463150864,193.95,250
1719463150864,193.95,250
1719463151846,193.85,75
1719463151846,193.85,75
1719463153388,193.6,50
1719463153828,191.9,25
1719463154493,192.75,25
1719463154493,192.75,25
1719463155274,190.0,100
1719463155879,191.85,25
1719463155879,191.85,25
1719463156833,191.65,100
1719463157103,191.35,25
1719463157103,191.35,25
1719463157103,191.35,25
1719463159059,194.35,25
1719463159401,193.5,25
1719463159401,193.5,25
1719463160522,192.85,25
1719463160522,192.85,25
1719463161503,192.75,25
1719463161503,192.75,25
1719463162804,192.2,25
1719463162804,192.2,25
1719463162804,192.2,25
1719463164626,191.6,25
1719463165134,191.95,25
1719463165134,191.95,25
1719463165977,191.45,50
1719463166502,192.2,25
1719463166502,192.2,25
1719463167502,192.15,25
1719463168281,191.95,25
1719463168281,191.95,25
1719463168702,192.2,25
1719463168702,192.2,25
1719463169861,194.0,50
1719463169861,194.0,50
1719463169861,194.0,50
1719463169861,194.0,50
1719463171837,193.75,25
1719463171837,193.75,25
1719463173167,193.4,25
1719463173167,193.4,25
1719463173167,193.4,25
1719463175004,193.6,50
1719463175215,193.45,50
1719463175215,193.45,50
1719463175215,193.45,50
1719463177327,193.95,25
1719463177378,193.9,25
1719463177861,194.1,150
1719463178457,194.8,200
1719463178457,194.8,200
1719463179585,194.55,50
1719463180187,195.25,25
1719463180373,195.75,75
1719463180955,193.15,25
1719463180955,193.15,25
1719463182146,192.0,25
1719463182146,192.0,25
1719463182146,192.0,25
1719463183826,192.1,25
1719463184350,192.35,25
1719463184350,192.35,25
1719463185010,191.25,50
1719463185010,191.25,50
1719463186565,193.6,25
1719463186625,193.75,25
1719463186625,193.75,25
1719463186625,193.75,25
1719463186625,193.75,25
1719463186625,193.75,25
1719463190717,195.7,25
1719463190717,195.7,25
1719463190717,195.7,25
1719463190717,195.7,25
1719463190717,195.7,25
1719463193900,194.65,50
1719463193900,194.65,50
1719463195628,195.0,50
1719463195628,195.0,50
1719463195628,195.0,50
1719463195628,195.0,50
1719463198986,194.0,75
1719463199256,193.75,125
1719463199256,193.75,125
1719463200661,194.4,25
1719463200661,194.4,25
1719463201564,193.95,25
1719463201776,193.25,75
1719463202792,194.1,500
1719463203049,194.05,25
1719463203664,195.65,25
1719463204390,194.45,25
1719463204390,194.45,25
1719463205190,194.5,50
1719463205190,194.5,50
1719463206408,195.1,25
1719463206916,195.2,25
1719463207176,194.85,50
1719463207646,193.3,25
1719463207646,193.3,25
1719463207646,193.3,25
1719463207646,193.3,25
1719463210760,192.8,25
1719463211182,192.7,75
1719463211559,191.45,25
1719463212025,190.4,25
1719463212025,190.4,25
1719463212025,190.4,25
1719463212025,190.4,25
1719463214836,191.85,25
1719463214836,191.85,25
1719463214836,191.85,25
1719463214836,191.85,25
1719463214836,191.85,25
1719463214836,191.85,25
1719463218852,194.05,25
1719463218852,194.05,25
1719463220915,193.55,50
1719463220915,193.55,50
1719463220915,193.55,50
1719463222269,191.95,25
1719463222269,191.95,25
1719463223695,192.2,25
1719463223695,192.2,25
1719463225369,189.75,150
1719463225460,190.0,375
1719463225460,190.0,375
1719463225460,190.0,375
1719463227497,188.15,125
1719463228004,188.2,125
1719463228546,187.95,25
1719463229188,189.5,125
1719463229572,190.2,25
1719463230207,191.1,25
1719463230207,191.1,25
1719463231074,192.55,25
1719463231610,192.3,25
1719463231970,191.05,25
1719463232539,189.95,25
1719463232539,189.95,25
1719463233715,191.95,25
1719463233905,192.5,25
1719463233905,192.5,25
1719463234759,191.6,25
1719463234759,191.6,25
1719463236190,193.8,25
1719463236190,193.8,25
1719463236975,192.95,50
1719463236975,192.95,50
1719463237668,192.95,25
1719463237668,192.95,25
1719463239446,193.55,125
1719463239446,193.55,125
1719463239446,193.55,125
1719463241176,193.7,50
1719463241176,193.7,50
1719463242102,194.25,25
1719463242722,195.0,75
1719463242722,195.0,75
1719463243345,194.2,25
1719463243768,194.35,75
1719463244155,194.7,75
1719463244155,194.7,75
1719463246031,193.9,25
1719463246031,193.9,25
1719463247290,193.65,200
1719463247311,193.2,25
1719463247311,193.2,25
1719463249518,194.05,75
1719463250086,193.85,25
1719463250086,193.85,25
1719463251693,193.95,25
1719463251693,193.95,25
1719463251693,193.95,25
1719463251693,193.95,25
1719463258063,194.85,100
1719463258706,194.9,25
1719463258706,194.9,25
1719463260201,195.0,25
1719463260201,195.0,25
1719463260672,194.7,25
1719463260672,194.7,25
1719463261239,193.95,25
1719463261999,192.2,25
1719463262317,191.0,100
1719463263265,192.2,25
1719463263413,192.85,25
1719463263725,193.25,25
1719463263725,193.25,25
1719463263725,193.25,25
1719463265872,193.2,25
1719463265872,193.2,25
1719463265872,193.2,25
1719463281281,186.5,75
1719463281627,186.9,50
1719463281977,186.95,50
1719463282512,186.35,25
1719463282512,186.35,25
1719463284106,188.5,25
1719463285358,189.35,25
1719463285358,189.35,25
1719463285358,189.35,25
1719463286767,189.0,25
1719463287582,190.8,25
1719463287582,190.8,25
1719463288482,190.8,25
1719463289316,189.5,25
1719463289647,189.85,25
1719463289718,189.8,25
1719463289718,189.8,25
1719463290576,190.3,25
1719463290576,190.3,25
1719463292002,189.9,25
1719463292086,189.55,125
1719463292086,189.55,125
1719463292756,189.55,25
1719463292756,189.55,25
1719463294510,190.25,25
1719463294510,190.25,25
1719463295141,188.9,125
1719463295141,188.9,125
1719463296033,189.0,25
1719463296033,189.0,25
1719463296033,189.0,25
1719463297256,189.3,150
1719463297718,189.25,25
1719463297718,189.25,25
1719463299240,187.55,75
1719463299240,187.55,75
1719463300286,187.35,25
1719463300286,187.35,25
1719463300286,187.35,25
1719463301486,188.0,100
1719463304596,188.9,25
1719463304596,188.9,25
1719463305494,189.6,50
1719463306065,189.85,25
1719463306065,189.85,25
1719463306065,189.85,25
1719463306065,189.85,25
1719463309912,190.65,50
1719463310159,190.75,25
1719463310159,190.75,25
1719463310159,190.75,25
1719463311469,189.3,25
1719463311891,189.15,25
1719463312658,188.2,25
1719463312658,188.2,25
1719463313562,188.0,25
1719463314259,188.45,150
1719463314259,188.45,150
1719463315363,188.6,25
1719463315363,188.6,25
1719463315819,188.7,325
1719463315819,188.7,325
1719463315819,188.7,325
1719463318211,189.15,25
1719463318500,189.85,25
1719463318500,189.85,25
1719463319489,189.75,75
1719463319913,189.2,25
1719463320131,189.35,25
1719463329395,188.2,200
1719463329952,188.0,25
1719463329952,188.0,25
1719463330804,189.6,100
1719463331023,190.1,25
1719463331023,190.1,25
1719463358336,184.5,25
1719463358336,184.5,25
1719463359991,184.35,25
1719463359991,184.35,25
1719463360657,184.75,25
1719463360657,184.75,25
1719463360657,184.75,25
1719463360657,184.75,25
1719463360657,184.75,25
1719463364222,187.1,25
1719463364423,186.6,250
1719463364964,185.6,25
1719463364964,185.6,25
1719463364964,185.6,25
1719463367421,186.9,25
1719463367421,186.9,25
1719463368524,186.15,50
1719463369487,185.1,25
1719463369487,185.1,25
1719463369487,185.1,25
1719463371789,185.3,375
1719463371789,185.3,375
1719463371789,185.3,375
1719463373388,185.05,100
1719463373729,184.8,200
1719463373729,184.8,200
1719463377681,185.15,25
1719463379641,187.6,25
1719463379641,187.6,25
1719463379641,187.6,25
1719463381075,189.05,25
1719463381220,188.55,25
1719463381220,188.55,25
1719463381220,188.55,25
1719463383278,190.35,25
1719463384371,189.7,25
1719463384669,189.6,75
1719463385603,189.4,150
1719463386301,188.95,25
1719463386301,188.95,25
1719463387004,187.75,75
1719463387617,188.6,25
1719463387617,188.6,25
1719463387617,188.6,25
1719463390485,189.7,100
1719463390537,189.7,25
1719463390537,189.7,25
1719463391987,190.55,150
1719463391987,190.55,150
1719463393663,190.65,200
1719463394598,191.05,100
1719463394598,191.05,100
1719463396513,192.0,25
1719463396513,192.0,25
1719463396513,192.0,25
1719463398452,192.4,175
1719463399242,191.8,25
1719463399579,191.05,75
1719463399959,191.1,25
1719463399959,191.1,25
1719463401284,191.75,25
1719463401284,191.75,25
1719463401284,191.75,25
1719463401284,191.75,25
1719463404287,193.0,25
1719463404287,193.0,25
1719463404287,193.0,25
1719463405517,192.75,100
1719463406423,193.5,50
1719463406823,194.5,25
1719463407301,196.35,25
1719463407683,195.6,200
1719463408382,195.35,50
1719463408382,195.35,50
1719463409330,195.7,25
1719463409705,197.0,25
1719463409864,197.3,50
1719463410467,197.85,25
1719463410708,198.1,25
1719463410842,198.55,25
1719463412550,196.6,25
1719463413628,196.6,25
1719463414074,195.95,50
1719463414074,195.95,50
1719463414074,195.95,50
1719463415767,197.1,25
1719463415767,197.1,25
1719463416787,197.85,25
1719463416995,198.0,75
1719463417604,197.3,125
1719463417604,197.3,125
1719463418600,197.65,25
1719463419208,197.9,50
1719463419208,197.9,50
1719463419208,197.9,50
1719463420930,197.65,100
1719463420930,197.65,100
1719463421629,196.85,250
1719463422120,196.85,25
1719463422594,198.0,150
1719463422924,197.75,25
1719463423671,199.55,75
1719463424228,198.45,25
1719463424228,198.45,25
1719463425227,198.45,25
1719463425590,198.1,25
1719463426406,198.05,200
1719463427458,198.4,25
1719463427914,198.75,25
1719463428127,200.0,25
1719463428870,205.05,50
1719463429531,207.15,50
1719463429655,206.8,25
1719463430351,204.45,50
1719463430721,204.45,25
1719463431621,204.3,25
1719463432719,207.25,125
1719463433729,206.55,25
1719463433892,206.05,25
1719463434855,206.4,25
1719463435090,206.3,25
1719463435473,205.9,25
1719463436064,205.5,75
1719463436686,205.05,25
1719463437330,206.25,50
1719463437584,206.3,25
1719463438498,206.05,25
1719463438498,206.05,25
1719463439609,205.75,25
1719463439797,205.8,25
1719463439797,205.8,25
1719463440609,204.6,25
1719463440911,204.1,25
1719463441005,203.95,25
1719463441472,204.35,100
1719463441996,205.0,250
1719463442580,202.65,25
1719463443216,202.65,25
1719463443615,202.3,25
1719463444292,201.7,25
1719463444419,202.05,25
1719463445278,202.1,75
1719463445278,202.1,75
1719463464456,202.65,125
1719463466885,202.75,25
1719463466885,202.75,25
1719463468134,201.05,25
1719463468134,201.05,25
1719463468134,201.05,25
1719463469598,201.4,75
1719463469598,201.4,75
1719463469598,201.4,75
1719463470892,198.0,25
1719463471030,198.1,25
1719463471030,198.1,25
1719463472286,197.6,50
1719463472286,197.6,50
1719463473407,198.1,25
1719463473407,198.1,25
1719463473407,198.1,25
1719463473407,198.1,25
1719463476583,197.15,100
1719463476583,197.15,100
1719463477202,196.95,25
1719463477202,196.95,25
1719463477202,196.95,25
1719463477202,196.95,25
1719463477202,196.95,25
1719463480889,202.0,125
1719463480889,202.0,125
1719463480889,202.0,125
1719463483347,203.9,25
1719463483347,203.9,25
1719463483809,202.75,25
1719463484594,202.4,25
1719463484804,202.6,25
1719463484865,202.95,25
1719463484865,202.95,25
1719463486688,202.35,125
1719463486688,202.35,125
1719463486688,202.35,125
1719463488137,202.95,150
1719463488137,202.95,150
1719463488749,203.4,100
1719463488749,203.4,100
1719463490133,203.05,50
1719463490133,203.05,50
1719463491450,204.75,75
1719463491602,204.15,25
1719463492713,205.45,25
1719463492713,205.45,25
1719463492713,205.45,25
1719463493948,204.15,250
1719463494186,204.15,25
1719463495839,204.0,75
1719463496529,204.75,50
1719463496529,204.75,50
1719463497714,203.65,25
1719463497857,203.0,25
1719463497857,203.0,25
1719463497857,203.0,25
1719463500076,203.55,50
1719463500383,203.25,25
1719463501438,203.0,75
1719463501629,203.45,25
1719463502214,203.8,25
1719463502698,203.55,25
1719463502796,203.6,25
1719463503854,203.75,25
1719463504545,203.2,50
1719463504545,203.2,50
1719463504545,203.2,50
1719463505755,205.4,25
1719463506430,205.75,150
1719463507605,205.25,25
1719463507605,205.25,25
1719463507605,205.25,25
1719463508569,204.6,50
1719463509624,204.1,25
1719463509624,204.1,25
1719463509624,204.1,25
1719463511259,206.0,25
1719463511259,206.0,25
1719463512211,206.85,250
1719463512665,206.4,25
1719463512665,206.4,25
1719463513341,205.05,25
1719463514840,206.2,75
1719463514840,206.2,75
1719463516445,207.0,25
1719463517305,207.0,50
1719463517305,207.0,50
1719463518917,206.15,25
1719463519463,205.55,50
1719463519730,205.15,25
1719463520411,204.6,125
1719463520411,204.6,125
1719463521560,204.0,25
1719463521780,203.6,50
1719463522246,203.9,25
1719463522246,203.9,25
1719463522246,203.9,25
1719463524919,200.65,25
1719463525079,200.95,100
1719463525079,200.95,100
1719463527351,201.05,25
1719463527351,201.05,25
1719463527351,201.05,25
1719463527351,201.05,25
1719463529531,200.65,25
1719463529531,200.65,25
1719463530359,200.0,125
1719463530359,200.0,125
1719463530957,199.3,225
1719463530957,199.3,225
1719463530957,199.3,225
1719463530957,199.3,225
1719463530957,199.3,225
1719463530957,199.3,225
1719463536213,198.5,75
1719463536956,197.75,25
1719463537085,197.0,100
1719463537175,196.2,200
1719463537320,196.7,25
1719463538240,197.1,75
1719463538494,196.8,25
1719463538494,196.8,25
1719463539901,197.5,25
1719463539901,197.5,25
1719463541269,197.35,25
1719463541269,197.35,25
1719463542271,198.35,150
1719463542271,198.35,150
1719463543350,197.9,25
1719463543350,197.9,25
1719463543986,198.4,25
1719463543986,198.4,25
1719463543986,198.4,25
1719463545535,197.5,50
1719463545744,197.45,175
1719463545744,197.45,175
1719463545744,197.45,175
1719463549143,195.0,25
1719463549143,195.0,25
1719463550856,193.7,50
1719463551564,195.1,25
1719463552009,195.6,25
1719463552009,195.6,25
1719463552353,196.0,50
1719463553404,196.25,200
1719463553404,196.25,200
1719463554247,197.85,25
1719463554715,198.7,25
1719463554715,198.7,25
1719463554715,198.7,25
1719463556389,198.5,25
1719463556389,198.5,25
1719463556389,198.5,25
1719463559253,199.05,25
1719463559253,199.05,25
1719463559253,199.05,25
1719463559253,199.05,25
1719463561129,199.3,25
1719463561129,199.3,25
1719463561129,199.3,25
1719463562677,198.65,150
1719463563024,198.9,25
1719463563024,198.9,25
1719463564250,200.8,75
1719463564250,200.8,75
1719463565719,200.8,225
1719463565719,200.8,225
1719463566075,200.2,75
1719463567232,202.45,250
1719463567232,202.45,250
1719463568319,201.7,50
1719463568319,201.7,50
1719463568319,201.7,50
1719463569607,201.5,175
1719463569607,201.5,175
1719463570922,203.35,150
1719463571745,202.6,75
1719463572010,202.05,125
1719463572010,202.05,125
1719463573520,204.05,25
1719463573520,204.05,25
1719463573520,204.05,25
1719463575077,203.1,225
1719463575227,203.2,25
1719463575227,203.2,25
1719463575227,203.2,25
1719463575227,203.2,25
1719463577944,204.05,25
1719463577944,204.05,25
1719463578543,204.45,100
1719463578543,204.45,100
1719463579851,205.2,200
1719463579851,205.2,200
1719463579851,205.2,200
1719463582961,205.55,25
1719463582961,205.55,25
1719463583790,206.3,25
1719463584037,207.05,100
1719463584037,207.05,100
1719463585481,207.3,125
1719463585816,207.5,25
1719463586474,206.45,25
1719463586583,206.35,25
1719463586845,205.85,25
1719463586845,205.85,25
1719463586845,205.85,25
1719463588583,205.65,25
1719463588583,205.65,25
1719463588583,205.65,25
1719463588583,205.65,25
1719463588583,205.65,25
1719463592185,205.55,50
1719463592375,205.85,25
1719463592375,205.85,25
1719463593704,204.95,25
1719463593846,204.8,25
1719463593846,204.8,25
1719463593846,204.8,25
1719463595811,205.55,75
1719463595811,205.55,75
1719463595811,205.55,75
1719463595811,205.55,75
1719463597597,206.3,25
1719463597597,206.3,25
1719463597597,206.3,25
1719463597597,206.3,25
1719463597597,206.3,25
1719463602164,206.8,25
1719463609057,201.25,25
1719463611228,202.85,25
1719463611263,202.2,25
1719463611263,202.2,25
1719463612347,202.95,25
1719463612347,202.95,25
1719463612347,202.95,25
1719463615272,203.3,300
1719463615272,203.3,300
1719463615272,203.3,300
1719463617269,202.0,25
1719463617269,202.0,25
1719463617269,202.0,25
1719463619037,203.95,25
1719463619255,203.9,25
1719463619255,203.9,25
1719463619255,203.9,25
1719463619255,203.9,25
1719463620708,204.75,125
1719463620708,204.75,125
1719463621981,205.65,25
1719463622260,205.55,25
1719463623567,206.25,25
1719463624701,205.8,25
1719463626001,207.0,150
1719463626370,206.9,250
1719463626370,206.9,250
1719463627111,205.85,175
1719463627111,205.85,175
1719463627111,205.85,175
1719463627111,205.85,175
1719463627111,205.85,175
1719463627111,205.85,175
1719463631849,203.85,25
1719463632086,204.1,25
1719463633089,204.5,25
1719463633720,203.7,25
1719463633899,204.1,25
1719463633899,204.1,25
1719463635145,204.75,175
1719463635145,204.75,175
1719463637031,202.25,25
1719463637807,203.0,25
1719463637998,202.95,25
1719463637998,202.95,25
1719463637998,202.95,25
1719463639315,202.6,25
1719463639315,202.6,25
1719463639315,202.6,25
1719463640740,201.85,25
1719463640740,201.85,25
1719463640740,201.85,25
1719463640740,201.85,25
1719463644145,200.5,25
1719463644145,200.5,25
1719463644145,200.5,25
1719463645402,200.0,25
1719463646770,201.7,25
1719463646770,201.7,25
1719463668866,208.0,500
1719463668957,208.0,25
1719463669103,208.05,25
1719463669103,208.05,25
1719463670113,207.6,225
1719463670113,207.6,225
1719463670113,207.6,225
1719463671715,207.0,200
1719463672624,206.0,125
1719463672624,206.0,125
1719463673219,205.7,200
1719463674604,204.0,25
1719463675328,205.45,25
1719463675328,205.45,25
1719463686768,204.0,25
1719463688913,205.3,25
1719463755395,199.6,50
1719463755395,199.6,50
1719463755730,199.75,25
1719463760704,194.7,250
1719463760704,194.7,250
1719463760704,194.7,250
1719463761992,195.0,25
1719463762666,195.05,25
1719463762666,195.05,25
1719463764886,196.15,25
1719463764886,196.15,25
1719463765622,196.05,125
1719463766113,196.2,25
1719463766457,197.45,175
1719463766457,197.45,175
1719463766457,197.45,175
1719463766457,197.45,175
1719463769508,198.2,25
1719463769508,198.2,25
1719463770329,198.55,25
1719463770329,198.55,25
1719463777102,193.95,100
1719463777739,195.85,25
1719463777984,195.85,25
1719463777984,195.85,25
1719463778963,195.55,25
1719463779762,196.2,125
1719463780419,196.75,75
1719463780419,196.75,75
1719463780419,196.75,75
1719463780419,196.75,75
1719463782001,196.9,25
1719463782641,196.8,50
1719463783106,197.65,50
1719463783106,197.65,50
1719463783106,197.65,50
1719463786159,197.35,25
1719463786159,197.35,25
1719463786159,197.35,25
1719463787192,196.9,25
1719463787192,196.9,25
1719463788042,197.55,25
1719463788628,197.1,25
1719463788628,197.1,25
1719463790136,196.1,25
1719463790931,195.65,75
1719463790931,195.65,75
1719463791270,195.55,25
1719463791270,195.55,25
1719463793013,196.9,25
1719463793013,196.9,25
1719463793634,195.1,75
1719463794274,194.3,25
1719463794945,195.1,75
1719463794945,195.1,75
1719463794945,195.1,75
1719463795758,195.1,25
1719463795758,195.1,25
1719463795758,195.1,25
1719463798268,195.4,25
1719463798268,195.4,25
1719463799371,196.15,200
1719463799371,196.15,200
1719463800074,196.1,75
1719463800366,195.9,125
1719463800366,195.9,125
1719463801947,195.7,25
1719463802179,195.35,50
1719463802179,195.35,50
1719463802179,195.35,50
1719463802179,195.35,50
1719463804233,196.1,125
1719463804406,196.1,25
1719463804406,196.1,25
1719463804406,196.1,25
1719463804406,196.1,25
1719463804406,196.1,25
1719463804406,196.1,25
1719463804406,196.1,25
1719463810644,195.65,75
1719463811033,195.6,25
1719463811033,195.6,25
1719463812023,195.8,100
1719463812023,195.8,100
1719463812651,195.8,25
1719463816036,191.9,75
1719463816036,191.9,75
1719463816833,192.2,25
1719463816833,192.2,25
1719463817537,194.0,25
1719463818280,193.6,100
1719463818474,193.25,25
1719463819150,195.1,25
1719463819150,195.1,25
1719463819150,195.1,25
1719463820489,195.15,25
1719463820489,195.15,25
1719463821701,193.95,25
1719463821701,193.95,25
1719463821701,193.95,25
1719463823946,193.7,125
1719463824019,193.9,225
1719463824019,193.9,225
1719463824019,193.9,225
1719463824019,193.9,225
1719463826930,194.55,25
1719463827556,195.2,25
1719463827556,195.2,25
1719463828883,196.1,25
1719463828883,196.1,25
1719463829909,197.0,25
1719463830100,198.0,25
1719463830304,198.15,25
1719463830310,197.95,25
1719463831054,196.8,75
1719463831493,196.3,100
1719463831493,196.3,100
1719463832981,196.1,25
1719463832981,196.1,25
1719463832981,196.1,25
1719463832981,196.1,25
1719463834352,196.75,25
1719463834352,196.75,25
1719463834352,196.75,25
1719463834352,196.75,25
1719463834352,196.75,25
1719463839253,196.95,25
1719463840168,197.2,25
1719463840212,197.2,25
1719463840915,197.9,25
1719463840915,197.9,25
1719463840915,197.9,25
1719463840915,197.9,25
1719463842965,198.2,25
1719463843576,200.05,25
1719463843576,200.05,25
1719463844895,198.85,25
1719463844895,198.85,25
1719463846400,198.65,25
1719463846400,198.65,25
1719463847027,198.45,25
1719463847027,198.45,25
1719463848162,198.9,25
1719463848162,198.9,25
1719463849017,199.0,25
1719463849017,199.0,25
1719463849017,199.0,25
1719463851816,199.85,250
1719463852796,199.1,50
1719463853322,199.4,100
1719463853322,199.4,100
1719463854418,200.1,25
1719463854418,200.1,25
1719463854418,200.1,25
1719463854418,200.1,25
1719463854418,200.1,25
1719463858061,198.9,125
1719463858061,198.9,125
1719463859056,196.7,75
1719463859818,196.25,25
1719463859818,196.25,25
1719463860834,195.85,75
1719463860834,195.85,75
1719463861248,196.25,25
1719463861248,196.25,25
1719463862841,193.6,150
1719463862841,193.6,150
1719463862841,193.6,150
1719463864814,194.9,25
1719463865354,194.75,75
1719463867118,196.35,25
1719463867118,196.35,25
1719463867118,196.35,25
1719463867118,196.35,25
1719463870420,196.5,50
1719463871019,196.3,25
1719463871578,196.6,150
1719463871578,196.6,150
1719463871578,196.6,150
1719463871578,196.6,150
1719463871578,196.6,150
1719463871578,196.6,150
1719463871578,196.6,150
1719463871578,196.6,150
1719463878411,195.75,25
1719463878411,195.75,25
1719463878411,195.75,25
1719463878411,195.75,25
1719463882269,194.95,25
1719463925015,194.8,25
1719463925015,194.8,25
1719463925015,194.8,25
1719463925015,194.8,25
1719463928621,195.85,25
1719463928621,195.85,25
1719463930183,195.1,100
1719463930183,195.1,100
1719463930183,195.1,100
1719463932509,194.5,25
1719463933183,194.6,25
1719463933637,193.0,75
1719463933637,193.0,75
1719463935029,192.35,50
1719463935029,192.35,50
1719463935915,190.4,100
1719463936317,191.2,250
1719463936317,191.2,250
1719463937653,194.2,25
1719463937653,194.2,25
1719463939034,193.9,25
1719463939034,193.9,25
1719463943553,194.5,25
1719463943553,194.5,25
1719463943553,194.5,25
1719463947545,194.95,25
1719463948146,195.35,25
1719463948146,195.35,25
1719463952028,195.45,125
1719463953138,196.1,25
1719463953138,196.1,25
1719463953138,196.1,25
1719463955171,197.0,100
1719463955376,196.75,25
1719463956999,198.8,50
1719463957060,198.3,200
1719463957060,198.3,200
1719463958190,197.35,25
1719463958830,198.0,25
1719463958830,198.0,25
1719463959805,198.2,75
1719463959805,198.2,75
1719463960524,198.95,25
1719463960524,198.95,25
1719463961691,199.75,25
1719463961691,199.75,25
1719463961691,199.75,25
1719463963474,199.05,275
1719463963920,199.2,25
1719463963920,199.2,25
1719463965136,198.75,25
1719463965136,198.75,25
1719463965136,198.75,25
1719463966999,197.4,25
1719463966999,197.4,25
1719463966999,197.4,25
1719463966999,197.4,25
1719463971249,198.85,25
1719463971249,198.85,25
1719463971249,198.85,25
1719463973769,198.85,50
1719463974038,198.45,25
1719463974038,198.45,25
1719463974874,198.55,50
1719463975272,198.0,75
1719463975272,198.0,75
1719463975272,198.0,75
1719463975272,198.0,75
1719463975272,198.0,75
1719463975272,198.0,75
1719463975272,198.0,75
1719463975272,198.0,75
1719463975272,198.0,75
1719463975272,198.0,75
1719463975272,198.0,75
1719463975272,198.0,75
1719463975272,198.0,75
1719463975272,198.0,75
1719463988327,197.85,25
1719463988327,197.85,25
1719463988327,197.85,25
1719463989890,198.0,25
1719463989890,198.0,25
1719463989890,198.0,25
1719463989890,198.0,25
1719463989890,198.0,25
1719463993802,198.9,175
1719463993802,198.9,175
1719463994485,199.55,50
1719463994485,199.55,50
1719463996177,198.25,75
1719463996177,198.25,75
1719463996807,198.1,25
1719463997150,199.25,25
1719463997727,198.85,100
1719463997727,198.85,100
1719463999216,200.0,25
1719463999277,200.0,25
1719463999277,200.0,25
1719463999277,200.0,25
1719464001251,200.45,25
1719464001251,200.45,25
1719464001251,200.45,25
1719464002772,199.0,25
1719464002772,199.0,25
1719464003828,199.7,25
1719464003828,199.7,25
1719464003828,199.7,25
1719464007856,200.0,100
1719464007856,200.0,100
1719464007856,200.0,100
1719464009804,200.4,25
1719464009804,200.4,25
1719464009804,200.4,25
1719464009804,200.4,25
1719464009804,200.4,25
1719464009804,200.4,25
1719464009804,200.4,25
1719464016287,200.85,100
1719464016287,200.85,100
1719464017207,201.35,75
1719464017973,200.0,25
1719464017973,200.0,25
1719464017973,200.0,25
1719464017973,200.0,25
1719464020689,199.6,25
1719464020936,199.0,25
1719464021741,198.2,75
1719464021741,198.2,75
1719464022670,197.35,25
1719464022670,197.35,25
1719464022670,197.35,25
1719464024733,199.3,25
1719464025720,198.9,75
1719464026487,200.05,25
1719464027671,200.05,25
1719464028500,199.8,25
1719464028500,199.8,25
1719464028500,199.8,25
1719464028500,199.8,25
1719464028500,199.8,25
1719464033101,200.45,25
1719464033101,200.45,25
1719464034279,201.0,25
1719464034279,201.0,25
1719464035005,201.0,275
1719464035005,201.0,275
1719464035005,201.0,275
1719464036069,202.3,25
1719464036069,202.3,25
1719464036069,202.3,25
1719464036069,202.3,25
1719464039627,202.75,100
1719464039627,202.75,100
1719464039627,202.75,100
1719464041096,202.85,125
1719464041405,202.25,25
1719464041745,202.3,50
1719464041745,202.3,50
1719464042751,202.65,25
1719464042751,202.65,25
1719464044232,203.1,25
1719464044729,204.05,25
1719464044853,204.45,25
1719464044853,204.45,25
1719464044853,204.45,25
1719464044853,204.45,25
1719464047769,203.2,25
1719464048185,203.45,200
1719464048185,203.45,200
1719464049034,203.3,25
1719464049272,203.9,25
1719464049272,203.9,25
1719464049272,203.9,25
1719464051155,204.85,25
1719464051350,204.7,25
1719464051350,204.7,25
1719464052408,204.75,25
1719464052683,204.4,25
1719464053690,204.8,25
1719464053690,204.8,25
1719464054780,202.9,25
1719464054780,202.9,25
1719464055485,201.95,200
1719464055485,201.95,200
1719464057202,200.0,125
1719464057202,200.0,125
1719464058548,201.3,100
1719464059096,201.45,25
1719464059831,201.7,25
1719464059831,201.7,25
1719464059831,201.7,25
1719464059831,201.7,25
1719464063175,204.4,500
1719464063509,204.8,125
1719464064327,205.55,25
1719464072655,204.75,150
1719464075603,205.35,75
1719464076073,205.75,25
1719464076073,205.75,25
1719464076894,205.75,25
1719464076894,205.75,25
1719464078127,204.8,375
1719464078127,204.8,375
1719464078127,204.8,375
1719464080215,206.35,25
1719464080215,206.35,25
1719464080215,206.35,25
1719464081852,205.55,25
1719464081852,205.55,25
1719464083698,206.0,50
1719464083931,206.6,275
1719464086891,207.0,200
1719464089435,207.05,25
1719464089435,207.05,25
1719464089823,207.3,50
1719464090512,206.3,25
1719464090512,206.3,25
1719464090512,206.3,25
1719464092129,206.5,25
1719464092800,204.0,50
1719464094341,201.3,25
1719464094822,200.8,25
1719464095450,202.45,25
1719464095450,202.45,25
1719464095450,202.45,25
1719464095450,202.45,25
1719464098524,203.2,25
1719464098524,203.2,25
1719464099437,203.95,75
1719464099437,203.95,75
1719464099437,203.95,75
1719464099437,203.95,75
1719464099437,203.95,75
1719464101695,204.2,125
1719464101985,202.7,25
1719464102256,202.65,75
1719464102256,202.65,75
1719464121455,200.7,175
1719464121455,200.7,175
1719464121455,200.7,175
1719464124003,202.9,25
1719464124381,202.9,25
1719464125050,202.7,250
1719464125050,202.7,250
1719464125970,201.6,25
1719464126331,201.7,50
1719464127152,202.7,250
1719464127152,202.7,250
1719464127363,202.25,25
1719464127363,202.25,25
1719464129131,202.0,125
1719464129131,202.0,125
1719464130129,201.9,50
1719464130129,201.9,50
1719464164258,202.95,25
1719464168547,203.0,375
1719464168547,203.0,375
1719464170075,202.0,100
1719464170540,201.9,175
1719464170540,201.9,175
1719464170540,201.9,175
1719464171885,201.25,25
1719464171885,201.25,25
1719464173554,201.15,25
1719464173554,201.15,25
1719464174170,202.1,25
1719464174707,202.0,25
1719464174707,202.0,25
1719464176157,202.45,200
1719464177066,203.75,50
1719464177289,203.05,25
1719464177289,203.05,25
1719464177289,203.05,25
1719464177289,203.05,25
1719464177289,203.05,25
1719464177289,203.05,25
1719464177289,203.05,25
1719464183602,200.0,25
1719464183602,200.0,25
1719464205421,202.4,25
1719464206160,201.25,25
1719464206160,201.25,25
1719464206968,202.15,25
1719464206968,202.15,25
1719464206968,202.15,25
1719464209356,200.9,25
1719464209356,200.9,25
1719464210199,199.65,25
1719464210419,199.4,150
1719464210419,199.4,150
1719464211229,199.9,25
1719464212157,200.45,25
1719464212991,200.7,25
1719464212991,200.7,25
1719464214246,201.4,50
1719464215236,200.65,25
1719464215236,200.65,25
1719464215236,200.65,25
1719464215236,200.65,25
1719464215236,200.65,25
1719464218997,197.4,75
1719464219183,196.65,75
1719464220145,196.2,25
1719464220299,195.65,25
1719464220967,196.45,25
1719464220967,196.45,25
1719464221934,196.8,25
1719464221934,196.8,25
1719464223676,195.75,100
1719464223676,195.75,100
1719464224208,195.0,25
1719464224288,194.75,25
1719464224288,194.75,25
1719464225878,195.5,25
1719464226093,194.85,50
1719464226765,194.3,25
1719464226765,194.3,25
1719464228154,192.65,200
1719464228878,192.45,25
1719464228960,192.9,250
1719464230052,192.2,25
1719464230052,192.2,25
1719464230791,190.75,25
1719464230791,190.75,25
1719464232808,191.8,150
1719464233070,192.7,25
1719464233070,192.7,25
1719464234493,191.45,25
1719464235045,191.9,25
1719464235628,192.65,50
1719464236040,192.05,50
1719464236040,192.05,50
1719464237231,192.0,50
1719464237389,192.3,25
1719464238204,191.05,25
1719464238307,190.9,50
1719464238964,191.3,150
1719464239698,192.4,75
1719464240144,191.25,50
1719464240144,191.25,50
1719464241458,191.75,100
1719464241458,191.75,100
1719464241458,191.75,100
1719464241458,191.75,100
1719464243755,192.1,25
1719464244514,190.5,25
1719464244612,190.8,25
1719464245101,191.05,25
1719464245607,190.75,25
1719464245607,190.75,25
1719464246719,189.55,25
1719464247196,187.35,25
1719464247619,187.75,75
1719464248224,186.0,100
1719464249302,182.6,75
1719464250009,183.85,75
1719464250384,185.1,150
1719464251234,182.5,25
1719464251374,182.95,25
1719464252235,184.6,75
1719464252235,184.6,75
1719464253219,182.9,25
1719464253706,181.9,75
1719464254190,180.35,25
1719464254859,182.45,50
1719464255235,182.7,25
1719464255957,182.75,50
1719464255957,182.75,50
1719464257206,183.0,25
1719464257526,182.75,25
1719464257609,181.75,25
1719464258466,181.45,25
1719464260370,182.75,25
1719464260514,182.75,25
1719464261146,183.45,50
1719464261388,183.0,25
1719464262094,182.3,25
1719464262094,182.3,25
1719464262825,182.55,125
1719464263441,181.65,25
1719464264050,181.75,25
1719464264533,181.75,25
1719464265013,181.8,25
1719464265652,181.8,25
1719464265652,181.8,25
1719464266900,182.2,75
1719464267174,182.1,100
1719464267950,182.0,25
1719464267950,182.0,25
1719464268805,181.6,50
1719464269012,181.0,350
1719464269012,181.0,350
1719464269818,180.25,25
1719464270272,181.0,25
1719464271245,181.7,75
1719464271245,181.7,75
1719464272244,183.2,125
1719464272456,183.8,25
1719464272874,182.7,25
1719464273313,182.25,25
1719464273313,182.25,25
1719464273313,182.25,25
1719464273313,182.25,25
1719464275828,182.7,125
1719464291243,182.8,50
1719464291414,181.0,25
1719464292261,177.2,25
1719464292955,179.45,25
1719464292955,179.45,25
1719464294163,179.35,25
1719464294163,179.35,25
1719464295258,178.65,25
1719464295631,179.95,25
1719464296241,179.8,75
1719464296734,180.45,125
1719464297209,180.65,75
1719464297953,180.55,25
1719464297953,180.55,25
1719464298412,180.1,25
1719464298412,180.1,25
1719464299338,179.0,25
1719464299338,179.0,25
1719464299338,179.0,25
1719464301246,180.4,50
1719464301246,180.4,50
1719464302006,180.5,50
1719464302768,180.4,25
1719464302768,180.4,25
1719464303797,179.75,25
1719464304243,179.6,25
1719464304412,179.0,175
1719464304412,179.0,175
1719464305819,179.9,50
1719464306131,180.5,175
1719464306719,181.35,25
1719464307132,180.75,250
1719464307662,178.75,75
1719464307662,178.75,75
1719464307662,178.75,75
1719464309614,177.7,25
1719464309816,177.05,50
1719464309816,177.05,50
1719464310448,175.7,25
1719464311148,177.4,100
1719464311503,177.05,25
1719464312277,176.6,25
1719464312986,176.55,25
1719464313227,176.85,25
1719464313717,176.3,25
1719464314272,175.1,125
1719464315013,175.05,25
1719464315249,175.35,25
1719464315991,175.2,25
1719464316237,175.0,25
1719464316924,174.45,25
1719464317089,174.05,75
1719464318006,174.6,25
1719464318228,174.65,25
1719464318613,175.05,25
1719464319148,175.0,25
1719464319711,174.6,25
1719464319892,174.2,25
1719464320731,174.8,25
1719464321048,174.6,50
1719464321752,173.7,25
1719464322222,174.0,25
1719464322830,174.2,25
1719464323248,174.25,25
1719464323989,172.95,25
1719464324061,173.5,25
1719464324976,174.0,50
1719464325242,174.05,50
1719464325422,175.0,25
1719464326111,174.9,25
1719464326111,174.9,25
1719464327181,175.35,75
1719464327577,177.2,25
1719464328366,177.85,25
1719464329078,178.65,25
1719464329476,179.45,50
1719464330052,180.1,25
1719464330572,178.25,25
1719464367220,176.9,25
1719464367806,177.3,25
1719464367806,177.3,25
1719464368871,177.05,25
1719464368871,177.05,25
1719464369660,177.25,25
1719464369660,177.25,25
1719464370320,178.0,50
1719464371005,176.85,25
1719464371005,176.85,25
1719464371005,176.85,25
1719464371005,176.85,25
1719464373206,176.0,100
1719464376952,176.85,25
1719464379374,177.25,50
1719464379374,177.25,50
1719464379374,177.25,50
1719464381051,176.8,25
1719464381051,176.8,25
1719464382687,176.2,75
1719464382836,176.4,125
1719464382836,176.4,125
1719464384058,178.5,350
1719464384058,178.5,350
1719464384058,178.5,350
1719464386300,179.3,25
1719464386300,179.3,25
1719464386990,178.8,200
1719464387513,179.1,75
1719464388031,179.6,25
1719464388880,177.8,50
1719464389174,178.1,75
1719464389358,177.9,75
1719464389358,177.9,75
1719464389358,177.9,75
1719464390958,177.6,50
1719464391459,176.55,25
1719464392275,177.5,50
1719464392275,177.5,50
1719464392537,177.5,50
1719464392537,177.5,50
1719464394046,176.0,400
1719464394046,176.0,400
1719464394046,176.0,400
1719464395882,177.25,25
1719464396180,177.25,250
1719464396180,177.25,250
1719464398206,175.6,100
1719464398505,176.0,25
1719464398505,176.0,25
1719464398505,176.0,25
1719464400019,176.45,75
1719464400404,176.0,275
1719464400692,177.05,25
1719464401080,177.0,100
1719464401080,177.0,100
1719464401966,179.15,75
1719464401966,179.15,75
1719464403047,178.85,25
1719464403047,178.85,25
1719464404159,177.8,350
1719464404719,177.5,75
1719464404719,177.5,75
1719464405812,176.0,25
1719464406259,175.95,25
1719464407033,176.2,50
1719464407282,176.4,50
1719464407282,176.4,50
1719464408441,176.7,200
1719464408669,176.3,25
1719464408979,176.0,250
1719464408979,176.0,250
1719464408979,176.0,250
1719464408979,176.0,250
1719464408979,176.0,250
1719464413227,178.05,25
1719464413227,178.05,25
1719464414394,178.65,25
1719464414394,178.65,25
1719464415160,177.85,25
1719464415760,177.65,25
1719464416328,178.0,125
1719464416328,178.0,125
1719464417417,178.35,25
1719464417691,177.65,25
1719464417691,177.65,25
1719464418770,177.55,50
1719464418770,177.55,50
1719464419963,176.35,50
1719464420227,176.1,25
1719464420761,176.75,50
1719464420761,176.75,50
1719464420761,176.75,50
1719464421607,177.45,25
1719464422456,177.9,25
1719464422456,177.9,25
1719464423637,178.15,50
1719464424001,177.15,150
1719464424001,177.15,150
1719464425454,176.45,25
1719464425875,176.0,25
1719464425875,176.0,25
1719464425875,176.0,25
1719464425875,176.0,25
1719464428242,176.85,25
1719464428532,176.75,250
1719464428532,176.75,250
1719464428532,176.75,250
1719464428532,176.75,250
1719464428532,176.75,250
1719464431013,177.3,25
1719464431013,177.3,25
1719464432078,177.15,50
1719464432078,177.15,50
1719464432078,177.15,50
1719464432078,177.15,50
1719464435547,174.85,25
1719464435547,174.85,25
1719464435547,174.85,25
1719464437280,175.2,100
1719464437280,175.2,100
1719464438086,174.3,50
1719464438086,174.3,50
1719464439288,175.0,25
1719464439561,175.0,25
1719464440462,173.4,25
1719464440836,173.75,25
1719464440836,173.75,25
1719464440836,173.75,25
1719464442107,174.1,200
1719464443128,174.6,100
1719464443128,174.6,100
1719464443513,174.9,25
1719464444091,175.95,25
1719464444581,175.55,25
1719464444581,175.55,25
1719464444581,175.55,25
1719464446723,175.5,100
1719464446723,175.5,100
1719464448134,176.2,100
1719464448175,176.3,25
1719464448175,176.3,25
1719464448920,175.5,50
1719464448920,175.5,50
1719464449774,176.2,25
1719464450542,176.35,50
1719464450542,176.35,50
1719464450542,176.35,50
1719464453335,175.3,25
1719464465811,181.0,50
1719464466808,179.25,25
1719464467343,179.45,225
1719464467343,179.45,225
1719464468216,180.65,25
1719464468706,180.4,25
1719464468706,180.4,25
1719464469799,179.7,25
1719464469799,179.7,25
1719464470565,179.6,25
1719464471304,179.1,50
1719464471304,179.1,50
1719464472366,178.95,25
1719464472366,178.95,25
1719464473225,178.9,50
1719464474032,177.75,25
1719464474095,177.3,25
1719464474095,177.3,25
1719464475449,178.45,25
1719464475449,178.45,25
1719464475449,178.45,25
1719464475449,178.45,25
1719464477919,178.5,25
1719464477919,178.5,25
1719464478977,179.7,175
1719464478977,179.7,175
1719464506951,181.05,25
1719464509682,181.5,25
1719464509682,181.5,25
1719464510747,182.0,50
1719464511375,181.55,150
1719464511375,181.55,150
1719464515835,181.9,25
1719464521334,182.45,25
1719464521632,182.85,25
1719464522252,183.95,200
1719464522915,185.95,25
1719464523263,185.0,25
1719464524392,187.9,100
1719464525297,185.05,125
1719464525581,185.3,425
1719464535812,185.1,25
1719464536412,184.7,25
1719464536894,185.0,50
1719464536894,185.0,50
1719464536894,185.0,50
1719464536894,185.0,50
1719464539475,184.9,25
1719464539812,184.45,50
1719464539812,184.45,50
1719464540685,185.25,200
1719464540685,185.25,200
1719464540685,185.25,200
1719464542008,186.0,300
1719464542008,186.0,300
1719464543981,186.45,50
1719464543981,186.45,50
1719464544925,186.6,125
1719464545418,187.2,75
1719464545418,187.2,75
1719464545928,187.7,25
1719464545928,187.7,25
1719464547124,186.45,25
1719464547844,187.05,25
1719464547844,187.05,25
1719464548519,187.0,25
1719464548519,187.0,25
1719464562441,188.05,25
1719464564188,188.25,75
1719464564188,188.25,75
1719464564188,188.25,75
1719464564988,188.8,200
1719464564988,188.8,200
1719464566671,188.45,25
1719464567175,189.05,200
1719464567738,189.6,25
1719464567848,189.7,25
1719464567848,189.7,25
1719464569348,189.0,125
1719464569962,188.6,25
1719464569962,188.6,25
1719464569962,188.6,25
1719464571207,188.55,25
1719464571650,188.7,50
1719464572134,188.0,50
1719464573114,188.5,50
1719464573411,187.8,25
1719464573411,187.8,25
1719464574904,187.55,25
1719464575258,188.4,100
1719464576127,189.75,25
1719464576961,189.05,25
1719464576961,189.05,25
1719464585924,187.85,100
1719464585924,187.85,100
1719464588409,188.6,50
1719464588937,190.0,150
1719464589150,190.8,200
1719464589777,191.7,25
1719464591171,194.95,200
1719464591817,196.05,50
1719464592427,197.45,50
1719464592809,196.85,50
1719464593548,197.05,150
1719464593940,197.65,25
1719464594323,196.85,25
1719464594972,195.5,25
1719464595368,195.3,150
1719464596436,195.55,100
1719464597304,194.35,50
1719464597304,194.35,50
1719464598305,196.35,25
1719464599409,197.05,25
1719464599757,199.95,50
1719464600441,199.05,25
1719464600525,198.95,25
1719464601656,206.05,25
1719464601973,205.85,50
1719464602421,206.6,50
1719464603222,207.1,25
1719464603222,207.1,25
1719464604256,207.1,25
1719464604626,206.3,25
1719464604884,206.25,25
1719464605892,205.6,25
1719464606636,210.45,100
1719464607432,216.65,75
1719464607635,215.45,75
1719464608242,215.9,50
1719464608486,215.0,25
1719464609422,217.45,25
1719464610021,221.2,25
1719464610122,222.15,25
1719464610377,222.5,25
1719464611211,221.1,25
1719464612251,238.75,75
1719464612556,238.7,125
1719464612778,248.5,25
1719464626409,229.9,25
1719464626777,232.0,25
1719464627278,231.35,25
1719464628197,231.9,50
1719464628660,226.2,25
1719464629254,223.5,25
1719464629433,224.25,25
1719464630009,223.9,100
1719464630405,224.8,25
1719464631099,226.2,75
1719464631439,226.1,25
1719464632466,226.0,25
1719464633379,228.0,25
1719464633379,228.0,25
1719464634472,231.35,100
1719464635598,235.35,25
1719464635598,235.35,25
1719464636437,238.9,25
1719464636855,241.1,25
1719464637364,241.25,25
1719464637964,238.75,25
1719464638595,238.15,25
1719464639020,238.25,25
1719464639409,238.4,25
1719464640001,237.0,50
1719464640109,237.5,25
1719464640109,237.5,25
1719464641249,239.05,25
1719464641602,240.25,50
1719464642190,239.6,25
1719464642371,240.0,50
1719464643485,237.25,25
1719464643494,237.7,25
1719464644220,234.55,50
1719464644220,234.55,50
1719464645328,233.85,25
1719464646683,232.85,25
1719464646734,230.9,25
1719464647439,230.0,50
1719464648087,228.95,25
1719464648324,227.85,25
1719464649270,229.45,25
1719464649371,229.65,25
1719464650445,231.05,25
1719464650551,232.3,25
1719464651489,235.35,25
1719464652394,234.8,25
1719464653561,235.25,25
1719464653984,235.5,25
1719464654432,236.0,25
1719464654889,234.75,25
1719464655249,234.0,25
1719464656084,237.2,25
1719464656444,235.35,25
1719464656526,237.1,100
1719464657396,235.7,25
1719464657784,235.25,25
1719464658432,236.1,25
1719464658432,236.1,25
1719464659348,232.6,50
1719464660069,229.9,25
1719464660258,229.0,25
1719464660906,229.45,25
1719464661670,231.2,25
1719464661873,231.65,25
1719464661873,231.65,25
1719464663425,234.0,50
1719464663425,234.0,50
1719464664570,237.45,50
1719464664709,238.0,25
1719464664709,238.0,25
1719464665677,234.85,25
1719464666010,234.75,75
1719464666010,234.75,75
1719464666010,234.75,75
1719464667814,234.75,25
1719464668023,235.2,25
1719464668023,235.2,25
1719464669296,237.2,125
1719464669296,237.2,125
1719464669756,235.7,200
1719464670655,232.65,25
1719464671074,231.6,25
1719464671437,231.3,25
1719464672001,230.7,175
1719464672001,230.7,175
1719464673019,231.2,25
1719464673019,231.2,25
1719464673598,229.9,25
1719464673598,229.9,25
1719464674656,230.35,25
1719464675454,229.45,25
1719464675712,229.0,25
1719464675712,229.0,25
1719464676849,229.8,25
1719464677231,230.0,100
1719464677670,229.75,25
1719464678356,230.2,50
1719464679114,231.5,25
1719464679465,231.2,25
1719464680056,232.8,25
1719464680471,234.05,25
1719464681308,234.85,100
1719464682389,232.35,25
1719464682389,232.35,25
1719464682854,233.0,25
1719464683384,233.1,125
1719464683835,232.2,25
1719464684467,232.35,25
1719464685027,232.2,25
1719464685402,232.4,25
1719464686228,231.9,25
1719464686473,232.0,25
1719464687448,233.45,25
1719464688140,236.4,25
1719464688593,235.25,125
1719464688593,235.25,125
1719464689360,232.85,25
1719464689999,233.45,25
1719464689999,233.45,25
1719464691360,237.75,25
1719464691471,238.05,125
1719464692506,238.0,25
1719464693486,236.55,25
1719464694443,240.3,25
1719464694715,240.35,50
1719464695450,241.05,25
1719464695539,241.9,25
1719464695792,241.9,25
1719464695792,241.9,25
1719464696889,242.25,25
1719464697359,241.7,25
1719464698177,241.3,75
1719464698460,242.3,75
1719464702573,252.2,125
1719464703441,251.3,25
1719464703441,251.3,25
1719464704558,253.75,25
1719464705420,249.85,25
1719464705842,249.2,25
1719464712131,241.8,25
1719464712131,241.8,25
1719464713025,242.55,25
1719464713238,241.65,25
1719464714391,241.35,25
1719464714693,241.0,25
1719464715513,236.75,50
1719464715513,236.75,50
1719464716440,236.8,25
1719464717489,239.2,25
1719464717640,239.75,25
1719464717640,239.75,25
1719464719110,238.3,25
1719464719189,239.0,25
1719464719776,240.2,25
1719464720198,239.85,25
1719464720328,239.65,25
1719464721082,242.1,25
1719464721522,242.2,50
1719464721901,242.3,25
1719464722411,243.8,25
1719464723000,245.0,25
1719464723725,244.65,25
1719464723725,244.65,25
1719464725366,242.45,25
1719464725366,242.45,25
1719464725892,245.45,25
1719464726046,245.2,25
1719464726687,244.65,25
1719464726687,244.65,25
1719464728111,245.95,25
1719464728463,246.15,25
1719464729130,247.65,25
1719464729130,247.65,25
1719464729764,245.0,25
1719464730110,243.85,25
1719464730394,242.85,25
1719464730879,243.8,25
1719464730879,243.8,25
1719464731733,244.4,25
1719464731733,244.4,25
1719464733099,242.4,25
1719464733710,241.0,25
1719464734132,241.6,25
1719464734132,241.6,25
1719464735008,242.0,25
1719464735484,241.0,50
1719464735484,241.0,50
1719464737036,242.6,25
1719464737488,242.4,25
1719464737488,242.4,25
1719464737488,242.4,25
1719464738264,240.85,25
1719464739198,239.2,25
1719464739548,239.6,25
1719464741197,238.0,25
1719464741393,238.0,25
1719464742234,239.8,25
1719464742234,239.8,25
1719464743202,240.2,25
1719464743446,240.35,25
1719464744063,239.45,25
1719464744063,239.45,25
1719464745565,240.7,25
1719464745565,240.7,25
1719464745974,240.45,50
1719464745974,240.45,50
1719464747209,238.65,25
1719464747259,237.9,25
1719464747834,237.6,25
1719464747834,237.6,25
1719464749509,236.05,25
1719464749509,236.05,25
1719464749819,236.6,125
1719464751810,236.55,25
1719464752378,236.3,25
1719464752686,236.4,25
1719464752686,236.4,25
1719464753545,237.9,25
1719464753545,237.9,25
1719464753545,237.9,25
1719464755533,234.85,25
1719464756430,231.4,25
1719464756468,232.0,25
1719464757100,231.35,25
1719464757100,231.35,25
1719464758497,231.6,25
1719464758497,231.6,25
1719464778625,235.6,25
1719464780164,235.45,25
1719464782413,237.15,25
1719464782413,237.15,25
1719464783402,236.6,25
1719464783402,236.6,25
1719464784438,234.3,25
1719464784438,234.3,25
1719464786566,230.95,25
1719464786589,230.9,25
1719464787579,229.9,25
1719464787579,229.9,25
1719464788733,229.1,25
1719464788733,229.1,25
1719464788733,229.1,25
1719464789435,229.95,25
1719464789435,229.95,25
1719464789435,229.95,25
1719464791068,231.35,25
1719464791385,232.7,25
1719464791385,232.7,25
1719464791385,232.7,25
1719464808654,230.5,25
1719464808654,230.5,25
1719464808654,230.5,25
1719464808654,230.5,25
1719464808654,230.5,25
1719464812938,236.15,25
1719464813535,235.65,25
1719464814551,233.1,25
1719464814551,233.1,25
1719464815397,233.15,25
1719464815397,233.15,25
1719464816370,234.25,25
1719464816669,234.1,25
1719464817225,234.45,25
1719464817225,234.45,25
1719464818057,233.75,25
1719464818357,234.0,25
1719464818814,234.8,25
1719464818814,234.8,25
1719464818814,234.8,25
1719464820462,233.85,50
1719464821016,233.9,25
1719464821016,233.9,25
1719464821016,233.9,25
1719464822729,232.1,25
1719464823268,232.35,75
1719464823268,232.35,75
1719464823268,232.35,75
1719464824568,234.0,25
1719464825389,234.8,25
1719464826786,235.85,25
1719464827447,236.1,25
1719464827447,236.1,25
1719464828176,234.7,25
1719464828176,234.7,25
1719464828961,232.75,25
1719464828961,232.75,25
1719464830592,227.85,25
1719464831206,225.85,25
1719464831206,225.85,25
1719464832371,226.0,25
1719464832569,224.2,25
1719464833462,225.9,25
1719464833462,225.9,25
1719464834321,225.8,25
1719464835533,227.1,25
1719464835780,227.9,25
1719464836745,229.45,25
1719464837354,227.7,25
1719464837949,227.5,100
1719464838124,228.0,25
1719464838572,229.5,25
1719464838736,229.45,25
1719464838736,229.45,25
1719464840155,226.5,25
1719464841406,226.8,25
1719464841786,227.55,25
1719464842286,227.15,25
1719464842286,227.15,25
1719464843019,226.75,25
1719464843664,225.0,25
1719464843915,225.3,25
1719464843915,225.3,25
1719464845333,224.9,25
1719464845333,224.9,25
1719464846320,224.8,25
1719464846320,224.8,25
1719464850550,225.9,25
1719464852634,225.45,25
1719464853338,224.7,25
1719464853338,224.7,25
1719464854256,223.6,25
1719464854256,223.6,25
1719464855498,223.55,25
1719464855788,223.1,25
1719464855874,223.45,25
1719464855874,223.45,25
1719464857565,221.05,25
1719464857905,220.45,25
1719464858670,220.8,225
1719464859405,221.2,25
1719464859405,221.2,25
1719464860073,220.75,25
1719464860669,221.55,25
1719464861110,221.85,25
1719464861642,222.4,25
1719464862189,223.75,25
1719464862189,223.75,25
1719464863019,224.0,25
1719464863019,224.0,25
1719464863963,226.4,25
1719464864780,226.2,25
1719464864780,226.2,25
1719464864780,226.2,25
1719464867767,221.55,25
1719464867767,221.55,25
1719464868073,221.8,25
1719464868384,221.55,25
1719464869266,220.0,25
1719464869266,220.0,25
1719464869808,221.4,25
1719464869808,221.4,25
1719464871372,221.15,25
1719464871372,221.15,25
1719464872607,223.15,25
1719464872607,223.15,25
1719464872607,223.15,25
1719464874875,221.6,25
1719464874875,221.6,25
1719464876596,218.9,25
1719464877045,219.05,25
1719464878604,221.4,25
1719464878821,221.5,25
1719464878821,221.5,25
