time,price,volume
1719461503115,56.7,25
1719461503734,56.4,25
1719461504447,56.7,50
1719461505229,56.85,50
1719461505664,56.95,25
1719461506420,56.7,25
1719461507456,56.6,100
1719461508470,56.95,25
1719461509060,56.75,100
1719461509485,56.45,25
1719461510644,56.6,50
1719461511100,56.45,50
1719461511100,56.45,50
1719461512975,56.5,25
1719461513868,56.6,25
1719461513868,56.6,25
1719461514208,56.8,50
1719461515368,56.7,50
1719461515835,57.0,300
1719461516419,57.1,25
1719461516419,57.1,25
1719461517648,56.6,25
1719461518292,56.35,50
1719461518292,56.35,50
1719461519366,56.3,50
1719461520776,56.55,25
1719461520776,56.55,25
1719461521061,56.35,600
1719461522445,56.3,50
1719461523633,55.2,25
1719461524144,54.5,150
1719461524574,54.95,125
1719461525618,55.1,25
1719461525919,55.0,25
1719461526756,54.65,25
1719461527360,54.25,25
1719461527360,54.25,25
1719461528617,54.3,25
1719461529129,54.5,25
1719461529218,54.4,25
1719461530404,54.7,25
1719461531839,54.65,25
1719461532474,54.85,25
1719461532474,54.85,25
1719461532922,54.9,150
1719461533746,54.65,275
1719461534430,54.9,25
1719461535040,54.95,25
1719461535040,54.95,25
1719461536737,54.7,25
1719461536930,54.6,175
1719461537753,54.75,175
1719461538885,54.9,300
1719461539161,54.8,25
1719461540578,54.4,200
1719461540578,54.4,200
1719461541375,54.4,25
1719461541375,54.4,25
1719461543049,54.4,50
1719461543323,54.0,25
1719461544133,53.85,375
1719461544481,54.0,25
1719461544962,54.0,25
1719461544962,54.0,25
1719461546942,53.95,25
1719461547553,54.15,25
1719461548777,54.45,125
1719461549055,54.25,50
1719461549055,54.25,50
1719461549055,54.25,50
1719461550960,54.4,25
1719461550960,54.4,25
1719461553640,54.2,25
1719461553640,54.2,25
1719461554621,54.2,550
1719461554621,54.2,550
1719461556184,54.45,25
1719461557324,54.55,250
1719461557472,54.65,25
1719461557472,54.65,25
1719461558637,54.6,25
1719461559161,54.5,100
1719461559161,54.5,100
1719461560179,54.65,25
1719461560179,54.65,25
1719461561091,54.55,25
1719461562334,54.15,25
1719461562334,54.15,25
1719461563269,53.95,25
1719461563269,53.95,25
1719461564367,54.1,25
1719461565540,53.65,25
1719461565540,53.65,25
1719461565540,53.65,25
1719461568409,53.8,175
1719461568409,53.8,175
1719461568409,53.8,175
1719461571420,54.35,925
1719461571607,54.45,25
1719461572334,54.65,500
1719461572881,54.3,50
1719461574053,54.4,75
1719461574053,54.4,75
1719461574053,54.4,75
1719461575981,54.95,50
1719461575981,54.95,50
1719461578340,55.0,25
1719461578340,55.0,25
1719461578340,55.0,25
1719461578340,55.0,25
1719461581950,54.95,25
1719461581950,54.95,25
1719461582647,55.0,50
1719461583619,55.2,25
1719461583619,55.2,25
1719461584651,55.0,25
1719461585496,55.0,250
1719461585496,55.0,250
1719461586775,54.7,100
1719461586775,54.7,100
1719461588214,54.15,250
1719461588214,54.15,250
1719461591003,54.25,25
1719461591003,54.25,25
1719461591425,54.1,100
1719461591425,54.1,100
1719461593401,54.25,25
1719461593521,54.3,50
1719461593521,54.3,50
1719461594623,54.45,25
1719461596051,54.9,900
1719461596978,55.0,25
1719461597479,55.0,150
1719461597879,55.2,25
1719461598947,55.35,25
1719461598947,55.35,25
1719461598947,55.35,25
1719461601589,55.35,75
1719461601831,55.25,325
1719461603403,54.9,400
1719461604167,54.75,50
1719461604167,54.75,50
1719461604880,54.75,200
1719461604880,54.75,200
1719461606189,55.3,25
1719461607519,55.0,175
1719461608687,54.65,25
1719461608687,54.65,25
1719461608687,54.65,25
1719461608687,54.65,25
1719461608687,54.65,25
1719461614243,55.15,275
1719461614243,55.15,275
1719461614981,54.9,25
1719461615216,54.7,200
1719461615216,54.7,200
1719461616473,54.7,75
1719461617268,54.9,25
1719461618165,54.45,50
1719461618165,54.45,50
1719461620838,55.0,25
1719461620838,55.0,25
1719461621390,55.25,500
1719461622259,55.0,100
1719461622259,55.0,100
1719461623264,55.0,25
1719461624223,55.15,575
1719461624583,55.6,175
1719461625095,55.8,50
1719461625812,56.0,100
1719461626116,55.65,75
1719461626833,55.5,50
1719461626833,55.5,50
1719461628074,56.0,150
1719461629196,55.7,100
1719461629196,55.7,100
1719461630342,55.75,150
1719461630342,55.75,150
1719461632081,55.3,50
1719461632602,55.95,150
1719461632838,56.2,25
1719461634359,55.95,25
1719461634359,55.95,25
1719461635607,55.65,100
1719461635607,55.65,100
1719461636128,56.0,25
1719461636128,56.0,25
1719461638356,55.7,25
1719461638767,55.65,100
1719461639480,55.55,125
1719461639617,55.7,25
1719461640472,55.6,100
1719461640952,55.85,400
1719461640952,55.85,400
1719461641344,55.7,300
1719461641344,55.7,300
1719461642949,55.75,100
1719461643443,55.85,25
1719461643443,55.85,25
1719461644957,55.45,25
1719461645930,55.55,225
1719461645930,55.55,225
1719461646548,55.45,300
1719461647300,55.85,25
1719461648659,55.85,25
1719461649063,55.75,25
1719461649658,55.5,125
1719461650456,55.75,50
1719461651082,55.55,225
1719461651623,55.65,225
1719461652587,55.7,175
1719461652913,56.15,175
1719461653591,55.95,150
1719461653591,55.95,150
1719461654430,56.15,50
1719461655535,56.05,250
1719461656071,55.75,25
1719461656588,55.75,25
1719461657695,55.95,25
1719461658651,55.55,25
1719461659150,55.2,25
1719461659150,55.2,25
1719461660508,55.25,100
1719461661149,55.25,25
1719461661191,55.25,25
1719461661886,55.0,100
1719461663575,54.45,25
1719461664242,54.75,50
1719461664591,54.6,50
1719461665425,54.75,25
1719461665955,54.8,100
1719461666696,55.0,25
1719461667742,55.15,50
1719461668050,55.5,125
1719461668050,55.5,125
1719461670476,55.75,25
1719461670653,55.6,100
1719461670653,55.6,100
1719461670653,55.6,100
1719461672676,55.4,250
1719461673559,55.5,100
1719461673559,55.5,100
1719461674703,55.0,50
1719461675030,55.2,25
1719461676123,55.55,25
1719461676123,55.55,25
1719461677490,55.7,25
1719461677490,55.7,25
1719461678548,55.25,25
1719461678780,55.4,100
1719461679710,55.0,50
1719461680351,55.0,25
1719461680351,55.0,25
1719461681579,55.3,25
1719461682688,55.15,525
1719461682688,55.15,525
1719461683525,55.5,1025
1719461683838,55.7,75
1719461683838,55.7,75
1719461685600,55.6,75
1719461686029,55.6,200
1719461686029,55.6,200
1719461687611,55.55,75
1719461688378,55.3,25
1719461689013,55.4,50
1719461689578,55.7,100
1719461690590,55.85,75
1719461690590,55.85,75
1719461692183,55.8,200
1719461692463,55.75,50
1719461692463,55.75,50
1719461693322,55.5,225
1719461694074,55.7,75
1719461694688,55.85,50
1719461694828,55.85,25
1719461694828,55.85,25
1719461696574,55.7,150
1719461696574,55.7,150
1719461697929,55.85,25
1719461698876,55.2,25
1719461698876,55.2,25
1719461699649,55.25,25
1719461700561,55.6,100
1719461700561,55.6,100
1719461700561,55.6,100
1719461701829,55.65,400
1719461702575,56.0,25
1719461702575,56.0,25
1719461703428,55.65,100
1719461703887,55.6,25
1719461703887,55.6,25
1719461705439,55.5,25
1719461705439,55.5,25
1719461706613,55.15,125
1719461707736,54.75,25
1719461707803,54.5,275
1719461708834,54.95,100
1719461709079,54.95,175
1719461709468,54.8,50
1719461709817,54.95,25
1719461710838,55.3,150
1719461710838,55.3,150
1719461710838,55.3,150
1719461713474,55.35,50
1719461713474,55.35,50
1719461714503,55.1,25
1719461714590,55.1,100
1719461715671,55.2,25
1719461715671,55.2,25
1719461716364,55.15,25
1719461716822,55.05,75
1719461716822,55.05,75
1719461716822,55.05,75
1719461719601,55.4,150
1719461720205,55.75,125
1719461720998,55.75,100
1719461721590,55.7,125
1719461722030,55.55,25
1719461722030,55.55,25
1719461723597,55.45,125
1719461748652,57.4,200
1719461749447,57.55,25
1719461749596,57.25,50
1719461749596,57.25,50
1719461751485,57.9,25
1719461751689,58.0,25
1719461752560,58.1,25
1719461752560,58.1,25
1719461753452,57.8,600
1719461754140,57.65,50
1719461754552,57.45,250
1719461755743,57.75,50
1719461756092,57.85,25
1719461756562,57.75,25
1719461757411,57.8,25
1719461757411,57.8,25
1719461758904,57.8,125
1719461759030,57.8,75
1719461759747,57.5,100
1719461760607,57.7,25
1719461760919,57.85,200
1719461760919,57.85,200
1719461761735,57.95,25
1719461762848,58.2,25
1719461762933,58.05,75
1719461763604,58.15,300
1719461764473,58.4,25
1719461764656,58.4,25
1719461765531,58.15,25
1719461766315,58.1,50
1719461766612,57.95,25
1719461767747,58.0,25
1719461767860,57.85,225
1719461768692,57.85,25
1719461768932,58.1,25
1719461769678,58.15,50
1719461770294,58.1,325
1719461770294,58.1,325
1719461771594,57.95,275
1719461772608,57.85,275
1719461772608,57.85,275
1719461773473,57.9,25
1719461773473,57.9,25
1719461774692,57.5,325
1719461775766,57.9,100
1719461776004,57.85,25
1719461776540,57.6,75
1719461777644,57.85,25
1719461778617,57.65,25
1719461778617,57.65,25
1719461780134,57.6,325
1719461780669,57.8,175
1719461780669,57.8,175
1719461782076,58.0,150
1719461782313,58.2,125
1719461782313,58.2,125
1719461784140,58.35,50
1719461784140,58.35,50
1719461784932,58.25,75
1719461785766,58.35,100
1719461786123,58.4,200
1719461787080,58.85,25
1719461787616,59.45,125
1719461788741,59.85,250
1719461789338,59.85,25
1719461789794,60.0,375
1719461790157,59.95,1650
1719461790157,59.95,1650
1719461790157,59.95,1650
1719461791498,59.45,50
1719461792651,59.7,250
1719461793912,59.55,25
1719461793912,59.55,25
1719461794741,59.35,25
1719461795892,59.6,25
1719461796078,59.65,25
1719461796729,59.6,50
1719461797610,59.3,100
1719461798909,59.9,25
1719461798909,59.9,25
1719461799529,59.55,25
1719461800750,59.65,250
1719461801047,59.7,100
1719461801902,59.85,25
1719461801902,59.85,25
1719461803347,59.8,25
1719461803806,59.95,125
1719461804254,59.9,25
1719461804555,59.9,250
1719461805742,59.95,25
1719461806077,59.85,25
1719461806613,59.95,50
1719461806613,59.95,50
1719461808159,59.7,25
1719461808862,59.7,250
1719461809088,59.9,25
1719461809088,59.9,25
1719461810799,59.9,25
1719461811161,60.05,50
1719461811507,59.9,100
1719461812743,59.55,25
1719461812743,59.55,25
1719461813695,59.8,100
1719461814282,59.9,50
1719461814475,59.6,25
1719461814475,59.6,25
1719461816330,59.55,175
1719461817143,58.85,25
1719461817730,58.85,50
1719461817730,58.85,50
1719461817730,58.85,50
1719461819734,58.7,75
1719461820331,58.75,50
1719461820920,58.8,100
1719461820920,58.8,100
1719461821373,58.85,75
1719461822708,58.7,25
1719461822862,58.7,25
1719461823211,58.75,25
1719461823211,58.75,25
1719461824741,58.35,25
1719461825350,58.8,25
1719461825965,58.5,150
1719461826962,58.35,100
1719461826962,58.35,100
1719461828165,58.3,25
1719461828611,58.5,200
1719461829087,58.4,25
1719461829616,58.3,575
1719461830623,58.0,125
1719461830997,58.25,25
1719461831493,57.95,25
1719461832549,58.25,25
1719461834127,59.2,150
1719461834298,59.25,125
1719461834298,59.25,125
1719461835761,59.7,600
1719461835946,59.85,375
1719461836741,59.4,100
1719461837792,59.4,25
1719461838474,59.2,50
1719461838474,59.2,50
1719461839832,58.65,25
1719461840506,58.7,200
1719461840950,58.7,25
1719461840950,58.7,25
1719461841937,58.6,25
1719461843612,58.9,75
1719461844348,59.05,100
1719461844760,59.1,75
1719461845549,59.0,50
1719461845549,59.0,50
1719461846566,59.1,50
1719461847175,59.15,25
1719461848617,59.3,25
1719461848617,59.3,25
1719461849584,59.35,25
1719461850656,58.9,25
1719461850656,58.9,25
1719461850656,58.9,25
1719461851453,59.25,50
1719461852517,59.1,25
1719461853064,59.05,25
1719461853910,58.9,50
1719461853910,58.9,50
1719461855591,59.1,50
1719461856475,59.45,25
1719461857554,59.05,50
1719461858690,59.05,375
1719461859283,58.9,25
1719461859616,59.2,300
1719461860209,58.95,25
1719461860209,58.95,25
1719461862029,59.3,25
1719461862655,59.0,25
1719461862655,59.0,25
1719461863404,59.15,100
1719461863917,59.25,25
1719461864488,59.2,100
1719461865583,59.2,25
1719461865884,59.3,100
1719461867010,59.35,25
1719461867010,59.35,25
1719461868022,59.05,300
1719461868335,59.35,25
1719461869286,59.05,25
1719461869705,59.0,25
1719461870668,59.05,75
1719461870668,59.05,75
1719461871382,59.1,25
1719461872260,58.7,25
1719461872260,58.7,25
1719461873804,58.4,175
1719461873900,58.5,25
1719461874525,58.35,25
1719461875712,58.3,50
1719461875712,58.3,50
1719461876134,58.2,25
1719461877725,58.0,25
1719461877725,58.0,25
1719461878889,58.1,75
1719461878889,58.1,75
1719461879676,58.0,25
1719461880121,58.2,625
1719461880121,58.2,625
1719461881027,58.3,25
1719461881788,58.0,50
1719461882782,57.8,75
1719461882782,57.8,75
1719461883732,57.9,25
1719461884333,58.15,350
1719461884333,58.15,350
1719461885548,58.0,50
1719461886014,58.2,25
1719461886304,58.1,25
1719461886304,58.1,25
1719461888565,57.95,25
1719461888769,57.9,25
1719461888769,57.9,25
1719461889588,58.35,50
1719461890065,58.05,25
1719461890991,57.8,25
1719461890991,57.8,25
1719461890991,57.8,25
1719461893042,57.7,25
1719461894017,57.65,50
1719461894017,57.65,50
1719461895174,57.5,200
1719461895367,57.4,575
1719461895367,57.4,575
1719461897661,57.6,25
1719461898815,57.65,25
1719461898903,57.4,50
1719461899848,57.65,50
1719461900766,57.55,200
1719461900766,57.55,200
1719461901981,58.3,100
1719461902876,58.3,25
1719461903289,58.35,150
1719461904405,58.1,175
1719461904405,58.1,175
1719461904405,58.1,175
1719461906645,57.65,25
1719461906645,57.65,25
1719461906645,57.65,25
1719461909987,57.55,75
1719461910412,57.45,175
1719461910990,57.05,50
1719461911853,57.15,25
1719461912789,57.4,25
1719461913693,57.4,75
1719461913693,57.4,75
1719461913693,57.4,75
1719461917038,56.85,75
1719461917478,57.15,25
1719461917478,57.15,25
1719461918671,57.1,125
1719461919118,57.0,25
1719461919118,57.0,25
1719461920721,57.4,25
1719461920721,57.4,25
1719461921856,57.8,25
1719461922586,57.8,50
1719461923062,57.6,25
1719461923603,57.8,25
1719461923603,57.8,25
1719461924646,57.45,25
1719461925773,58.0,25
1719461926014,58.25,50
1719461927032,58.0,50
1719461927465,57.95,25
1719461927465,57.95,25
1719461928560,58.05,50
1719461929430,57.85,625
1719461929430,57.85,625
1719461930642,58.05,25
1719461930642,58.05,25
1719461932020,57.85,100
1719461932864,57.95,25
1719461932864,57.95,25
1719461932864,57.95,25
1719461934473,57.8,50
1719461934473,57.8,50
1719461935893,57.8,200
1719461936600,57.5,50
1719461937901,57.75,125
1719461938554,57.7,100
1719461938554,57.7,100
1719461939732,57.95,25
1719461939732,57.95,25
1719461941156,58.15,100
1719461941156,58.15,100
1719461943156,57.8,75
1719461943585,58.2,25
1719461944308,57.95,25
1719461944308,57.95,25
1719461945785,57.95,25
1719461945785,57.95,25
1719461946210,58.15,250
1719461946210,58.15,250
1719461946210,58.15,250
1719461951094,58.5,25
1719461951094,58.5,25
1719461951094,58.5,25
1719461951094,58.5,25
1719461956099,58.85,25
1719461956099,58.85,25
1719461958555,59.0,25
1719461958555,59.0,25
1719461959872,59.15,300
1719461961015,59.6,50
1719461961015,59.6,50
1719461962054,60.35,100
1719461962334,60.4,600
1719461962334,60.4,600
1719461964076,60.45,125
1719461964529,60.35,50
1719461964974,60.35,25
1719461965807,60.35,225
1719461966117,60.3,25
1719461966117,60.3,25
1719461967401,60.1,50
1719461968006,59.85,50
1719461968006,59.85,50
1719461970973,60.5,25
1719461970973,60.5,25
1719461971808,60.4,75
1719461972501,60.65,75
1719461972501,60.65,75
1719461973287,60.3,125
1719461974445,60.1,25
1719461974736,60.4,200
1719461976022,60.3,100
1719461976130,60.4,25
1719461976872,60.2,25
1719461977616,60.2,25
1719461977616,60.2,25
1719461978867,60.0,25
1719461979296,59.85,50
1719461979807,60.05,25
1719461980942,59.95,50
1719461980942,59.95,50
1719461981741,60.0,25
1719461983010,60.4,50
1719461983332,60.7,25
1719461984371,60.8,50
1719461984796,61.0,25
1719461985576,60.8,1350
1719461986181,60.6,50
1719461986181,60.6,50
1719461987718,60.95,50
1719461987968,60.85,50
1719461987968,60.85,50
1719461989567,60.9,100
1719461989567,60.9,100
1719461990166,60.9,25
1719461990166,60.9,25
1719461991682,60.9,50
1719461992515,61.0,25
1719461993016,60.7,25
1719461993954,61.0,75
1719461994474,61.1,50
1719461994474,61.1,50
1719461995857,61.2,200
1719461996225,61.25,25
1719461996891,60.55,25
1719461997711,60.4,50
1719461997711,60.4,50
1719461998886,60.6,25
1719461999438,60.55,500
1719461999438,60.55,500
1719462000940,60.5,25
1719462001143,60.65,375
1719462001278,60.9,25
1719462002556,61.45,75
1719462002556,61.45,75
1719462003529,61.0,75
1719462004489,60.9,375
1719462004489,60.9,375
1719462005384,61.05,300
1719462005384,61.05,300
1719462006526,61.0,25
1719462008096,61.75,25
1719462009049,61.85,25
1719462009436,61.75,25
1719462009994,61.6,25
1719462010384,61.5,50
1719462011127,61.55,75
1719462011811,61.4,25
1719462012846,61.5,25
1719462013998,61.5,75
1719462014473,61.55,100
1719462014473,61.55,100
1719462015792,61.8,25
1719462015792,61.8,25
1719462016734,61.35,25
1719462017907,61.85,50
1719462019083,61.8,350
1719462019351,61.8,25
1719462019752,61.85,25
1719462020818,61.9,50
1719462021293,62.0,75
1719462021619,61.6,325
1719462022143,61.25,50
1719462023844,61.1,175
1719462024373,61.0,150
1719462025107,60.65,50
1719462026063,61.0,175
1719462026063,61.0,175
1719462026063,61.0,175
1719462028367,60.8,50
1719462028740,60.8,50
1719462028740,60.8,50
1719462029674,61.0,150
1719462030857,61.1,25
1719462031033,61.1,50
1719462031033,61.1,50
1719462032777,61.1,75
1719462034513,61.0,25
1719462035178,61.0,25
1719462036008,61.0,50
1719462036306,61.1,25
1719462036629,61.4,1275
1719462036629,61.4,1275
1719462038698,61.0,25
1719462038832,61.1,25
1719462038832,61.1,25
1719462039894,61.1,25
1719462040894,61.2,25
1719462041254,61.15,25
1719462042136,60.8,25
1719462042136,60.8,25
1719462043813,61.0,25
1719462044087,60.8,75
1719462044877,60.9,125
1719462045927,60.95,825
1719462045927,60.95,825
1719462046539,61.0,250
1719462047662,61.1,225
1719462049285,61.25,50
1719462049285,61.25,50
1719462050222,61.5,900
1719462051044,61.8,125
1719462051044,61.8,125
1719462051440,61.4,100
1719462052928,62.0,225
1719462052928,62.0,225
1719462053739,62.15,975
1719462054309,62.0,25
1719462054800,61.9,25
1719462055848,61.65,50
1719462056352,61.25,200
1719462056918,61.65,75
1719462057771,61.45,50
1719462058978,61.15,25
1719462058978,61.15,25
1719462060105,61.55,25
1719462060990,61.5,25
1719462061137,61.7,25
1719462061706,62.2,25
1719462062675,62.0,25
1719462062675,62.0,25
1719462063312,61.95,25
1719462063312,61.95,25
1719462065135,61.45,25
1719462065294,61.55,200
1719462066336,61.6,475
1719462066929,61.3,25
1719462066929,61.3,25
1719462068565,61.6,75
1719462069119,61.5,200
1719462069119,61.5,200
1719462069574,61.55,100
1719462070299,61.3,50
1719462070299,61.3,50
1719462071676,61.3,50
1719462072506,61.4,50
1719462072506,61.4,50
1719462073846,61.25,25
1719462073846,61.25,25
1719462074585,61.45,250
1719462074585,61.45,250
1719462076362,61.3,125
1719462077130,61.15,25
1719462077769,61.25,25
1719462077930,61.25,25
1719462079057,61.3,25
1719462079589,61.3,25
1719462079925,61.3,25
1719462080917,61.25,25
1719462080917,61.25,25
1719462082090,61.0,25
1719462082806,60.15,275
1719462082845,60.2,25
1719462083804,60.6,250
1719462083804,60.6,250
1719462084816,60.15,200
1719462085204,60.35,25
1719462085204,60.35,25
1719462087415,60.35,50
1719462087415,60.35,50
1719462087842,60.45,100
1719462088899,60.4,50
1719462089310,60.35,25
1719462089867,60.2,125
1719462090752,60.3,25
1719462090752,60.3,25
1719462091957,60.1,125
1719462092677,60.05,75
1719462093064,60.1,450
1719462093846,60.25,225
1719462094433,59.95,75
1719462095006,59.8,25
1719462095809,59.75,400
1719462096164,59.75,375
1719462096875,59.75,25
1719462097200,59.6,400
1719462097200,59.6,400
1719462098656,59.55,100
1719462099373,59.7,625
1719462099709,59.7,25
1719462100810,59.5,25
1719462101002,59.6,25
1719462101002,59.6,25
1719462102564,59.8,75
1719462102564,59.8,75
1719462103694,59.6,50
1719462104385,59.6,25
1719462104802,59.55,50
1719462105837,59.35,25
1719462106142,59.3,25
1719462106906,59.3,25
1719462107829,59.55,150
1719462107829,59.55,150
1719462108766,60.0,150
1719462109603,59.95,25
1719462110123,60.25,25
1719462110123,60.25,25
1719462111538,60.15,150
1719462111930,59.95,25
1719462111930,59.95,25
1719462113166,60.25,450
1719462113325,60.35,25
1719462114343,60.0,25
1719462114343,60.0,25
1719462115496,59.9,25
1719462115496,59.9,25
1719462116972,59.7,450
1719462116972,59.7,450
1719462116972,59.7,450
1719462118855,59.3,100
1719462118855,59.3,100
1719462119816,59.3,50
1719462120894,59.5,75
1719462120894,59.5,75
1719462121822,59.0,150
1719462122615,59.0,200
1719462122615,59.0,200
1719462123851,59.15,125
1719462124559,58.85,50
1719462124771,58.75,50
1719462126202,58.9,50
1719462126874,58.75,25
1719462127841,58.7,225
1719462127926,58.85,50
1719462128313,58.8,25
1719462129657,58.9,25
1719462129694,58.95,25
1719462130888,58.55,25
1719462131244,58.55,50
1719462131922,58.8,150
1719462133053,58.6,25
1719462133053,58.6,25
1719462133954,59.1,25
1719462134222,58.9,325
1719462134222,58.9,325
1719462135651,59.2,25
1719462135651,59.2,25
1719462136966,59.25,25
1719462137891,59.1,150
1719462138874,58.7,700
1719462139619,58.75,25
1719462139619,58.75,25
1719462140931,58.6,25
1719462141165,58.7,150
1719462141369,58.65,25
1719462142213,58.65,25
1719462143010,58.6,25
1719462143672,58.5,175
1719462144681,58.55,50
1719462144864,58.4,100
1719462146177,58.75,25
1719462146737,58.8,25
1719462147791,59.05,25
1719462148800,59.1,25
1719462148800,59.1,25
1719462149749,59.3,25
1719462149749,59.3,25
1719462149749,59.3,25
1719462153001,59.0,50
1719462153001,59.0,50
1719462153662,59.05,25
1719462153662,59.05,25
1719462153662,59.05,25
1719462158103,59.0,25
1719462158776,58.9,25
1719462158776,58.9,25
1719462159985,59.0,100
1719462160696,58.75,25
1719462160696,58.75,25
1719462161719,59.0,25
1719462163044,58.65,100
1719462163368,58.65,25
1719462163368,58.65,25
1719462165175,58.6,50
1719462165175,58.6,50
1719462166673,58.6,50
1719462167956,58.7,100
1719462167956,58.7,100
1719462169219,58.4,25
1719462169648,58.0,100
1719462169986,57.85,25
1719462170851,58.15,25
1719462171129,58.05,50
1719462171129,58.05,50
1719462172899,58.35,175
1719462173765,58.65,25
1719462174399,58.9,75
1719462174987,59.05,25
1719462175777,59.2,25
1719462175777,59.2,25
1719462177771,58.35,25
1719462177771,58.35,25
1719462178189,58.25,25
1719462178769,58.0,125
1719462179538,58.1,25
1719462179538,58.1,25
1719462180682,58.25,325
1719462180682,58.25,325
1719462181046,58.05,50
1719462181874,58.05,50
1719462183008,58.2,25
1719462183036,58.2,50
1719462183602,58.35,50
1719462183602,58.35,50
1719462184992,57.95,425
1719462185354,58.1,25
1719462186115,57.8,375
1719462186115,57.8,375
1719462187108,57.9,100
1719462187108,57.9,100
1719462187108,57.9,100
1719462187108,57.9,100
1719462191929,58.1,50
1719462193016,58.0,25
1719462193831,58.0,25
1719462194305,57.85,25
1719462194305,57.85,25
1719462196510,57.75,25
1719462196510,57.75,25
1719462197772,58.1,50
1719462197772,58.1,50
1719462199328,58.0,25
1719462199529,57.95,25
1719462199984,57.95,25
1719462199984,57.95,25
1719462199984,57.95,25
1719462203761,58.4,100
1719462204717,58.75,100
1719462205213,58.65,25
1719462205777,58.65,25
1719462205777,58.65,25
1719462207845,58.5,625
1719462207845,58.5,625
1719462208785,58.1,50
1719462208785,58.1,50
1719462210713,58.0,400
1719462210713,58.0,400
1719462211333,58.05,25
1719462211333,58.05,25
1719462212068,57.9,100
1719462212269,57.9,900
1719462212269,57.9,900
1719462214102,58.35,25
1719462214707,57.8,475
1719462214707,57.8,475
1719462215892,57.8,25
1719462216325,57.8,25
1719462216846,57.9,25
1719462217355,58.2,25
1719462217355,58.2,25
1719462219656,58.3,25
1719462220654,58.25,25
1719462220654,58.25,25
1719462223155,58.15,425
1719462224587,58.0,50
1719462224587,58.0,50
1719462225865,58.15,275
1719462225865,58.15,275
1719462225865,58.15,275
1719462228426,58.2,50
1719462228794,58.1,25
1719462228794,58.1,25
1719462228794,58.1,25
1719462232740,57.8,25
1719462232740,57.8,25
1719462233614,58.0,500
1719462233864,58.0,1300
1719462234760,57.9,25
1719462234760,57.9,25
1719462235193,57.95,25
1719462236253,57.75,25
1719462236253,57.75,25
1719462237928,57.65,25
1719462238133,57.55,75
1719462238367,57.55,75
1719462239800,57.9,25
1719462240024,57.9,25
1719462240024,57.9,25
1719462241522,58.2,50
1719462241976,58.15,25
1719462242909,58.05,25
1719462243220,58.1,25
1719462243934,58.3,100
1719462244459,58.3,25
1719462244949,58.2,25
1719462246021,58.4,75
1719462246021,58.4,75
1719462246021,58.4,75
1719462249078,58.1,25
1719462249541,58.2,25
1719462249541,58.2,25
1719462251462,58.45,25
1719462251634,58.5,25
1719462252259,58.7,25
1719462253002,58.4,25
1719462253474,58.6,25
1719462254753,58.65,400
1719462254753,58.65,400
1719462255852,58.75,25
1719462256516,58.7,25
1719462256516,58.7,25
1719462257275,58.65,25
1719462257275,58.65,25
1719462259191,58.45,25
1719462259191,58.45,25
1719462260238,58.65,100
1719462260593,58.55,25
1719462260593,58.55,25
1719462260593,58.55,25
1719462264314,58.9,25
1719462264614,58.9,25
1719462265028,58.7,75
1719462265028,58.7,75
1719462267178,59.0,100
1719462267377,59.0,125
1719462268133,58.9,50
1719462268133,58.9,50
1719462269438,58.95,350
1719462269438,58.95,350
1719462270278,58.95,25
1719462270278,58.95,25
1719462271483,59.0,50
1719462271483,59.0,50
1719462271483,59.0,50
1719462273741,59.0,25
1719462273997,59.0,75
1719462274568,59.1,25
1719462274568,59.1,25
1719462275757,58.95,25
1719462276658,59.3,100
1719462277044,59.2,25
1719462277506,59.65,200
1719462277506,59.65,200
1719462278325,59.55,50
1719462279306,59.55,25
1719462279306,59.55,25
1719462280778,59.6,25
1719462281489,59.65,25
1719462281969,59.55,25
1719462282884,59.65,25
1719462282884,59.65,25
1719462284082,59.3,25
1719462284082,59.3,25
1719462284082,59.3,25
1719462286989,59.35,25
1719462288005,59.25,50
1719462288005,59.25,50
1719462289869,59.8,25
1719462290426,59.75,25
1719462291057,60.0,475
1719462291567,59.9,25
1719462291967,60.4,50
1719462293040,59.95,25
1719462293947,59.7,25
1719462293947,59.7,25
1719462293947,59.7,25
1719462297652,59.85,25
1719462298065,59.8,150
1719462298279,59.8,250
1719462298279,59.8,250
1719462299681,59.95,25
1719462300102,60.0,25
1719462300868,60.2,25
1719462300868,60.2,25
1719462301711,60.1,25
1719462302050,60.25,25
1719462303069,60.3,75
1719462303307,60.05,25
1719462303992,60.25,25
1719462304902,60.15,25
1719462304902,60.15,25
1719462306655,60.3,25
1719462306655,60.3,25
1719462306877,60.25,25
1719462307574,60.25,50
1719462308703,60.4,50
1719462309586,59.85,50
1719462309586,59.85,50
1719462312216,60.85,500
1719462312937,60.8,25
1719462312937,60.8,25
1719462314272,60.6,125
1719462314599,60.7,25
1719462315221,60.85,125
1719462316076,60.8,50
1719462316500,60.6,25
1719462316968,60.45,25
1719462317779,61.0,25
1719462318142,60.75,250
1719462318142,60.75,250
1719462319103,60.7,25
1719462320456,60.6,25
1719462320456,60.6,25
1719462321893,60.5,25
1719462322206,60.45,25
1719462323944,60.8,75
1719462324530,60.85,25
1719462326046,60.4,25
1719462326046,60.4,25
1719462328113,61.1,175
1719462328353,61.2,100
1719462328886,61.0,25
1719462329953,60.85,100
1719462330467,60.95,25
1719462330467,60.95,25
1719462330467,60.95,25
1719462332698,60.55,50
1719462333010,60.5,25
1719462333010,60.5,25
1719462334051,60.65,175
1719462334300,60.95,125
1719462334300,60.95,125
1719462336821,60.95,250
1719462337773,60.75,25
1719462338339,60.1,150
1719462338981,60.45,25
1719462339898,60.4,100
1719462339898,60.4,100
1719462341266,60.6,200
1719462341324,60.5,25
1719462341324,60.5,25
1719462341324,60.5,25
1719462343423,60.6,25
1719462344472,60.7,25
1719462344472,60.7,25
1719462345437,60.55,25
1719462346269,60.5,25
1719462346269,60.5,25
1719462346965,60.6,100
1719462347740,60.45,25
1719462347740,60.45,25
1719462349968,60.95,75
1719462349968,60.95,75
1719462352081,60.65,100
1719462352761,60.4,25
1719462353128,60.55,25
1719462354069,60.1,25
1719462354909,60.3,200
1719462354909,60.3,200
1719462354909,60.3,200
1719462356948,60.3,25
1719462357629,60.3,75
1719462359084,60.0,225
1719462359084,60.0,225
1719462360224,60.3,25
1719462361118,59.95,250
1719462361245,60.05,50
1719462361245,60.05,50
1719462362244,60.3,25
1719462362244,60.3,25
1719462364825,60.0,25
1719462364966,59.85,25
1719462364966,59.85,25
1719462365621,60.0,50
1719462366689,59.85,25
1719462367119,59.7,50
1719462367976,59.55,150
1719462367976,59.55,150
1719462369134,59.75,50
1719462369158,59.75,25
1719462369158,59.75,25
1719462370980,60.0,25
1719462370980,60.0,25
1719462372612,60.45,25
1719462373023,60.25,25
1719462373023,60.25,25
1719462373910,60.3,25
1719462374651,60.35,25
1719462375893,60.5,300
1719462375893,60.5,300
1719462377664,60.3,25
1719462377758,60.15,50
1719462378472,59.8,25
1719462378762,59.9,25
1719462379582,59.9,25
1719462379582,59.9,25
1719462381015,59.5,125
1719462381133,59.6,50
1719462382058,59.6,100
1719462382939,60.0,75
1719462383455,60.1,25
1719462384012,60.1,25
1719462384163,59.85,50
1719462384163,59.85,50
1719462385661,60.05,150
1719462386506,59.85,325
1719462387127,59.7,25
1719462387997,59.9,500
1719462387997,59.9,500
1719462389311,59.85,100
1719462389601,59.55,375
1719462389601,59.55,375
1719462391763,59.8,25
1719462391763,59.8,25
1719462392710,59.8,550
1719462392926,59.9,50
1719462393434,59.9,25
1719462394061,60.0,100
1719462394061,60.0,100
1719462395878,60.35,50
1719462395878,60.35,50
1719462397048,60.5,25
1719462397681,60.5,25
1719462397681,60.5,25
1719462399122,60.6,25
1719462400193,61.25,25
1719462400193,61.25,25
1719462401299,62.3,25
1719462401719,62.35,175
1719462402343,62.55,100
1719462402798,62.5,125
1719462403672,62.4,25
1719462404046,62.5,100
1719462405093,62.2,25
1719462405093,62.2,25
1719462406075,62.15,150
1719462406846,62.35,25
1719462407035,62.4,75
1719462408161,63.0,25
1719462408614,62.85,175
1719462409094,63.5,25
1719462409999,62.95,25
1719462410237,63.1,75
1719462411344,63.2,25
1719462411733,63.55,250
1719462412184,63.35,25
1719462413092,63.45,25
1719462413645,63.3,25
1719462413746,63.3,25
1719462415224,64.0,50
1719462415358,64.5,100
1719462416171,64.2,25
1719462416823,64.25,250
1719462417303,64.55,275
1719462418260,65.0,50
1719462418573,64.75,25
1719462419127,65.15,75
1719462420166,65.3,150
1719462420258,65.35,25
1719462420984,65.7,25
1719462421169,65.7,50
1719462421899,66.75,25
1719462422414,66.65,150
1719462423133,66.9,250
1719462423680,66.95,25
1719462424104,66.7,725
1719462425146,66.35,25
1719462425146,66.35,25
1719462425970,66.3,25
1719462426741,66.55,125
1719462427314,66.5,50
1719462428279,65.75,100
1719462429357,66.55,50
1719462429868,66.3,25
1719462431131,66.3,25
1719462431559,66.55,250
1719462432317,66.7,25
1719462433127,66.2,25
1719462433266,66.0,25
1719462434279,66.1,50
1719462434751,66.8,25
1719462436006,66.65,50
1719462436453,66.6,50
1719462436910,66.8,325
1719462438192,66.75,475
1719462439089,66.4,25
1719462439962,65.85,75
1719462440311,65.65,75
1719462441117,65.75,100
1719462441662,65.75,25
1719462441662,65.75,25
1719462443292,65.85,300
1719462443292,65.85,300
1719462444109,66.0,25
1719462445112,66.25,25
1719462445112,66.25,25
1719462445961,66.45,25
1719462446699,66.7,25
1719462447155,66.3,200
1719462448112,66.15,25
1719462448254,66.15,25
1719462449265,66.0,75
1719462449711,66.1,125
1719462450534,66.15,100
1719462450534,66.15,100
1719462451741,65.75,50
1719462452339,65.55,25
1719462452339,65.55,25
1719462453568,65.25,100
1719462454166,65.6,75
1719462455107,65.65,100
1719462456129,65.75,25
1719462456737,65.95,125
1719462456977,65.8,25
1719462458144,65.65,175
1719462458235,65.8,25
1719462459102,65.8,200
1719462460077,65.85,25
1719462460077,65.85,25
1719462460702,65.9,50
1719462461496,65.7,200
1719462462322,66.35,50
1719462462813,66.25,50
1719462462813,66.25,50
1719462463951,66.5,50
1719462465156,65.8,300
1719462465156,65.8,300
1719462466366,66.75,25
1719462466572,66.8,25
1719462467296,67.2,25
1719462468335,67.45,75
1719462468520,67.65,50
1719462469049,67.25,150
1719462470161,67.65,25
1719462471183,67.9,625
1719462471753,68.0,25
1719462472309,68.6,25
1719462473310,68.7,25
1719462474392,68.15,25
1719462475073,67.85,50
1719462475318,67.75,50
1719462476325,68.8,25
1719462476610,68.95,25
1719462477368,68.7,75
1719462478122,68.85,250
1719462478122,68.85,250
1719462479325,68.7,25
1719462480130,68.6,25
1719462480394,69.0,500
1719462480949,69.3,25
1719462481366,69.9,100
1719462481366,69.9,100
1719462482346,70.0,25
1719462483376,70.5,150
1719462483376,70.5,150
1719462484182,70.05,100
1719462485148,70.65,25
1719462485148,70.65,25
1719462486093,70.15,125
1719462486704,70.3,25
1719462486846,70.3,25
1719462488405,70.0,100
1719462489432,70.1,375
1719462489876,70.05,25
1719462490465,69.6,50
1719462491112,70.0,25
1719462491490,70.3,100
1719462492154,70.65,25
1719462493157,70.2,25
1719462493326,70.2,75
1719462494168,70.05,50
1719462494885,69.8,25
1719462494885,69.8,25
1719462495925,69.2,25
1719462496401,69.4,50
1719462496970,69.75,25
1719462498025,69.15,25
1719462499201,69.05,25
1719462499882,68.2,25
1719462500107,68.45,50
1719462501204,68.45,125
1719462501557,68.5,400
1719462502215,68.8,275
1719462503148,68.9,25
1719462503262,69.0,25
1719462504129,68.7,50
1719462504990,69.35,350
1719462504990,69.35,350
1719462506174,69.7,25
1719462506525,69.9,25
1719462507548,69.7,25
1719462508162,70.0,25
1719462508386,70.1,375
1719462508689,69.55,25
1719462509767,69.7,100
1719462509767,69.7,100
1719462510812,69.5,50
1719462511062,69.65,25
1719462511062,69.65,25
1719462511967,69.85,25
1719462513023,70.1,25
1719462513304,70.35,25
1719462514224,70.3,125
1719462514776,70.25,25
1719462515068,70.25,100
1719462516103,70.35,50
1719462516607,70.1,25
1719462517050,70.1,100
1719462517840,70.0,75
1719462517840,70.0,75
1719462519337,69.4,25
1719462519982,70.05,25
1719462520099,70.0,125
1719462521152,69.45,200
1719462521498,69.55,75
1719462522327,68.9,50
1719462523476,68.8,25
1719462523476,68.8,25
1719462524240,69.0,100
1719462524992,68.9,25
1719462525137,68.6,25
1719462525909,68.75,100
1719462526626,68.95,25
1719462527417,69.0,50
1719462527795,68.8,25
1719462527795,68.8,25
1719462529320,68.55,100
1719462529873,68.25,25
1719462529873,68.25,25
1719462531378,68.65,25
1719462531688,68.55,25
1719462531869,68.5,25
1719462533248,68.45,25
1719462534211,68.3,50
1719462534764,68.3,275
1719462535160,68.6,100
1719462536152,68.55,50
1719462536482,68.75,50
1719462536936,68.65,100
1719462538072,68.95,50
1719462538345,68.95,25
1719462538911,69.15,75
1719462539886,69.5,25
1719462540276,69.45,75
1719462540991,69.4,200
1719462540991,69.4,200
1719462541540,69.2,25
1719462542182,69.5,75
1719462543340,69.65,75
1719462544252,69.05,50
1719462544948,69.35,25
1719462544948,69.35,25
1719462546151,69.1,50
1719462546672,68.75,25
1719462547153,68.65,25
1719462547973,68.6,275
1719462547973,68.6,275
1719462549096,69.15,25
1719462550104,69.0,25
1719462550162,68.9,25
1719462551347,69.5,25
1719462551776,69.2,50
1719462551944,69.15,75
1719462552806,69.35,25
1719462552806,69.35,25
1719462554079,69.6,25
1719462555134,70.0,25
1719462555483,70.0,25
1719462556190,70.2,75
1719462556615,70.25,25
1719462557368,70.3,25
1719462557583,70.4,125
1719462557583,70.4,125
1719462559101,70.4,100
1719462560096,70.15,50
1719462560096,70.15,50
1719462561294,70.1,25
1719462561839,70.35,50
1719462561839,70.35,50
1719462563410,69.6,25
1719462563410,69.6,25
1719462564383,70.1,100
1719462565034,69.85,50
1719462565161,70.1,125
1719462566203,70.15,25
1719462566909,69.95,100
1719462567027,70.0,100
1719462568216,70.1,100
1719462568482,70.0,25
1719462568957,70.1,25
1719462570185,70.15,25
1719462570962,69.9,25
1719462571354,70.35,25
1719462571859,70.2,75
1719462572002,70.35,100
1719462573186,70.6,100
1719462573467,70.5,100
1719462574273,70.5,25
1719462575127,70.45,400
1719462575444,70.1,25
1719462576276,70.1,25
1719462576848,69.7,75
1719462576848,69.7,75
1719462578372,69.5,25
1719462578533,69.3,50
1719462579343,69.4,25
1719462580209,69.4,100
1719462581059,69.55,25
1719462581876,69.5,250
1719462582444,69.5,250
1719462582968,69.5,250
1719462582968,69.5,250
1719462584062,69.55,250
1719462585021,70.25,175
1719462585447,69.95,25
1719462586173,70.05,50
1719462586770,70.4,150
1719462587193,70.6,25
1719462588208,70.45,25
1719462588497,70.15,50
1719462589098,70.3,50
1719462590158,70.3,125
1719462590158,70.3,125
1719462591255,70.3,25
1719462591692,70.0,100
1719462592228,70.05,50
1719462593336,70.0,50
1719462593336,70.0,50
1719462593687,70.1,25
1719462595237,70.15,100
1719462596340,70.0,25
1719462596794,69.7,250
1719462596794,69.7,250
1719462597472,69.7,50
1719462597472,69.7,50
1719462598868,70.15,25
1719462600109,70.45,225
1719462600382,70.95,75
1719462600991,71.05,100
1719462601185,71.4,25
1719462601936,71.25,175
1719462602194,71.2,100
1719462603361,71.0,25
1719462603508,70.5,50
1719462604253,70.7,25
1719462605163,70.7,25
1719462605163,70.7,25
1719462606124,70.35,25
1719462606877,70.2,100
1719462607392,70.4,100
1719462608098,70.05,25
1719462608525,70.6,100
1719462609228,70.5,100
1719462609228,70.5,100
1719462610518,70.2,25
1719462610822,70.15,100
1719462611895,70.35,400
1719462612417,70.45,575
1719462613421,70.25,25
1719462614236,70.05,25
1719462615174,70.55,25
1719462615174,70.55,25
1719462616380,70.3,25
1719462616935,70.0,25
1719462617423,70.45,125
1719462618451,70.05,25
1719462618563,70.0,1000
1719462619115,69.7,100
1719462620154,69.35,25
1719462621349,69.25,25
1719462622015,69.0,25
1719462622098,68.9,25
1719462623455,69.05,25
1719462623455,69.05,25
1719462624048,68.8,50
1719462625151,68.5,25
1719462625151,68.5,25
1719462626091,68.85,50
1719462626829,69.1,150
1719462627120,68.8,25
1719462628217,69.45,25
1719462628622,69.55,25
1719462628714,69.45,25
1719462630205,69.7,50
1719462630205,69.7,50
1719462630639,69.6,25
1719462631224,69.75,50
1719462631367,70.0,200
1719462631367,70.0,200
1719462633094,70.4,25
1719462633337,70.4,125
1719462634286,71.0,25
1719462635034,70.7,50
1719462635356,70.8,25
1719462636278,71.1,25
1719462637002,70.8,25
1719462637094,70.85,25
1719462638178,71.05,75
1719462638347,71.0,250
1719462638728,71.2,25
1719462639801,70.7,25
1719462641451,70.9,25
1719462641741,70.8,50
1719462642234,70.85,25
1719462643227,70.5,25
1719462643495,70.6,25
1719462643952,70.15,50
1719462645132,70.85,25
1719462645132,70.85,25
1719462646401,70.95,50
1719462646935,71.2,50
1719462646935,71.2,50
1719462648124,70.95,25
1719462649184,71.3,125
1719462650227,70.85,25
1719462650227,70.85,25
1719462651259,70.95,25
1719462651756,71.15,25
1719462651756,71.15,25
1719462652913,71.1,25
1719462652913,71.1,25
1719462653983,71.25,25
1719462655013,70.85,25
1719462656352,71.2,50
1719462656352,71.2,50
1719462657426,71.25,25
1719462658306,71.95,175
1719462658573,71.7,150
1719462659505,72.0,25
1719462660130,72.55,25
1719462660802,73.0,125
1719462661199,73.0,50
1719462661847,72.95,75
1719462662462,73.45,50
1719462663649,73.75,25
1719462705254,75.9,25
1719462706443,75.7,25
1719462706938,75.8,200
1719462707315,75.9,25
1719462708314,76.0,50
1719462708455,75.75,25
1719462709334,75.75,100
1719462710312,75.75,100
1719462710312,75.75,100
1719462710898,75.65,25
1719462711796,76.05,225
1719462712694,76.15,25
1719462713245,76.25,25
1719462713546,76.15,200
1719462714325,76.65,150
1719462714646,76.65,75
1719462716284,76.95,150
1719462716965,77.0,25
1719462717035,76.75,25
1719462718489,77.35,125
1719462719453,77.25,150
1719462720342,77.25,250
1719462720512,77.65,25
1719462721008,77.75,750
1719462721315,78.2,25
1719462721977,78.9,25
1719462722320,78.9,25
1719462723135,79.4,25
1719462723464,79.15,25
1719462724463,79.1,50
1719462725386,79.15,350
1719462725514,79.05,25
1719462726612,79.6,50
1719462726960,79.65,125
1719462727684,79.4,100
1719462728274,79.75,100
1719462728573,79.5,50
1719462729224,79.65,25
1719462730363,78.9,25
1719462730478,79.0,50
1719462731541,79.95,50
1719462731961,79.9,50
1719462732547,79.65,100
1719462733398,79.3,75
1719462734715,79.35,25
1719462735219,79.15,100
1719462735219,79.15,100
1719462736329,79.3,25
1719462737015,78.85,50
1719462737312,78.9,25
1719462738530,79.25,25
1719462738530,79.25,25
1719462739259,79.15,25
1719462740131,79.0,25
1719462740368,79.2,100
1719462741510,78.75,25
1719462741964,78.55,25
1719462742239,78.65,25
1719462743565,78.7,100
1719462744349,78.55,25
1719462745035,78.9,25
1719462746230,78.7,100
1719462746899,78.45,25
1719462747142,78.55,25
1719462748337,78.7,125
1719462748337,78.7,125
1719462749102,79.0,125
1719462750083,78.45,25
1719462750083,78.45,25
1719462750871,78.45,25
1719462750871,78.45,25
1719462751994,78.75,100
1719462751994,78.75,100
1719462753297,78.95,50
1719462753619,79.3,150
1719462754341,78.65,25
1719462755154,78.7,225
1719462755912,79.0,150
1719462757010,79.2,75
1719462757684,78.75,25
1719462758481,78.35,25
1719462759031,78.45,25
1719462760306,78.2,25
1719462761222,77.8,50
1719462761922,78.2,25
1719462761922,78.2,25
1719462763483,78.05,100
1719462763608,78.0,25
1719462764236,77.55,25
1719462765369,77.45,25
1719462766547,77.35,100
1719462766809,77.6,25
1719462767516,77.3,25
1719462768531,76.8,75
1719462768618,77.0,25
1719462769577,77.55,25
1719462770348,77.6,25
1719462770401,77.4,25
1719462771343,77.5,100
1719462772059,78.8,25
1719462772289,79.0,25
1719462773360,79.45,25
1719462773534,79.5,25
1719462774540,79.05,25
1719462775429,79.2,25
1719462776611,78.45,25
1719462777065,78.4,25
1719462777144,78.2,25
1719462778494,77.9,25
1719462778672,78.15,75
1719462779217,78.05,50
1719462780370,78.4,25
1719462780370,78.4,25
1719462780836,78.8,100
1719462781772,79.6,25
1719462782013,79.4,25
1719462782696,79.15,25
1719462783080,79.4,25
1719462783500,79.65,50
1719462784181,79.95,175
1719462785436,79.85,50
1719462786397,79.4,50
1719462787025,79.9,75
1719462787508,79.75,25
1719462788117,79.9,150
1719462788117,79.9,150
1719462789154,79.75,25
1719462790021,80.0,25
1719462790513,80.5,100
1719462791285,80.5,75
1719462791961,80.2,250
1719462792493,80.5,25
1719462793340,79.65,50
1719462793705,79.75,25
1719462794229,80.0,25
1719462795079,79.95,25
1719462796316,79.75,25
1719462796849,79.7,100
1719462797359,79.7,75
1719462798086,79.25,50
1719462798086,79.25,50
1719462799355,79.8,25
1719462800195,79.55,75
1719462800349,79.8,25
1719462801560,80.1,25
1719462801969,79.85,50
1719462802539,79.8,25
1719462803310,80.1,50
1719462803574,79.95,50
1719462804493,80.25,125
1719462805142,79.95,50
1719462805631,80.0,625
1719462806281,79.7,25
1719462806922,79.45,25
1719462807204,79.2,25
1719462808354,79.05,25
1719462808724,79.1,25
1719462809371,79.0,175
1719462810293,78.2,25
1719462810404,78.45,150
1719462810892,78.15,100
1719462811571,78.2,350
1719462812078,77.6,25
1719462812949,77.25,25
1719462813316,77.55,50
1719462813725,77.65,25
1719462814364,77.1,50
1719462815248,76.8,25
1719462815248,76.8,25
1719462816377,77.1,25
1719462816940,76.85,25
1719462817338,76.85,25
1719462818452,76.65,50
1719462819322,76.85,25
1719462820166,75.85,50
1719462821366,76.0,375
1719462822194,76.0,25
1719462822275,75.85,25
1719462823366,76.35,25
1719462823740,76.5,25
1719462824056,76.5,50
1719462824960,76.05,75
1719462825377,76.4,200
1719462826274,76.2,125
1719462826899,76.1,25
1719462827370,76.55,25
1719462828157,76.35,25
1719462828666,76.0,100
1719462829451,76.1,25
1719462830316,76.5,25
1719462831285,76.45,25
1719462831285,76.45,25
1719462832724,77.0,250
1719462833368,76.6,25
1719462833660,76.75,25
1719462833789,76.55,25
1719462835081,76.9,25
1719462835081,76.9,25
1719462835741,77.0,50
1719462837139,76.65,175
1719462837139,76.65,175
1719462838181,77.0,25
1719462838630,76.8,25
1719462839344,77.25,100
1719462840068,77.7,25
1719462840939,77.55,200
1719462841238,77.75,25
1719462842073,77.6,25
1719462842571,77.9,25
1719462843378,77.8,25
1719462843502,77.9,350
1719462843502,77.9,350
1719462845240,78.2,25
1719462845629,78.1,50
1719462846155,77.85,25
1719462846818,77.95,100
1719462847240,78.1,25
1719462848338,77.4,50
1719462849283,77.45,50
1719462850208,77.35,25
1719462850522,77.6,25
1719462851406,77.95,125
1719462851406,77.95,125
1719462852086,78.5,75
1719462852963,78.05,25
1719462853798,78.05,125
1719462853889,78.25,25
1719462855053,77.95,50
1719462856596,77.95,50
1719462856838,77.85,25
1719462857448,77.55,25
1719462858358,77.7,25
1719462858636,77.7,575
1719462859316,77.6,25
1719462860372,77.9,25
1719462860607,77.85,50
1719462861303,77.6,25
1719462861781,77.9,50
1719462861781,77.9,50
1719462863624,78.2,25
1719462863831,78.05,50
1719462864954,78.35,50
1719462866559,78.2,100
1719462866660,78.4,25
1719462867011,78.1,150
1719462867925,78.15,25
1719462868713,78.5,250
1719462869564,77.95,25
1719463136531,80.7,25
1719463137369,80.95,75
1719463137475,80.75,50
1719463138729,80.9,75
1719463138729,80.9,75
1719463139029,81.0,300
1719463320162,83.5,50
1719463320858,83.7,175
1719463320858,83.7,175
1719463321828,84.0,75
1719463321828,84.0,75
1719463322752,84.25,125
1719463323865,84.05,100
1719463324177,84.0,100
1719463324640,84.2,25
1719463325074,84.45,250
1719463325074,84.45,250
1719463326876,84.25,25
1719463327680,83.9,100
1719463328519,83.8,100
1719463328984,83.85,25
1719463328984,83.85,25
1719463330402,84.2,25
1719463330815,84.0,450
1719463331418,83.5,50
1719463332306,84.2,50
1719463333575,83.95,200
1719463334477,84.25,175
1719463334594,84.25,225
1719463335497,83.6,50
1719463336014,83.8,25
1719463336656,83.75,25
1719463337546,83.9,25
1719463337742,84.0,850
1719463338564,83.8,25
1719463339439,83.65,75
1719463339439,83.65,75
1719463340620,83.7,25
1719463340620,83.7,25
1719463341653,83.85,125
1719463342399,83.8,25
1719463343844,83.75,25
1719463344334,83.9,50
1719463344631,83.7,25
1719463345335,83.35,75
1719463345800,84.0,25
1719463345800,84.0,25
1719463345800,84.0,25
1719463348067,83.75,100
1719463348853,83.5,25
1719463349309,84.15,25
1719463349830,83.85,150
1719463350580,84.5,25
1719463350945,84.45,25
1719463351608,84.05,25
1719463352706,84.1,25
1719463353535,84.3,50
1719463354143,84.1,75
1719463354143,84.1,75
1719463355656,84.45,225
1719463356024,84.6,25
1719463356702,84.95,100
1719463357555,85.1,100
1719463357883,85.2,50
1719463358762,85.4,525
1719463359389,85.25,25
1719463360592,85.55,25
1719463360962,85.5,50
1719463361633,85.6,25
1719463362648,85.2,75
1719463362648,85.2,75
1719463364095,85.7,25
1719463364121,85.5,50
1719463364607,85.55,250
1719463365422,85.9,25
1719463366054,85.75,50
1719463366777,85.5,50
1719463367657,85.8,25
1719463368182,85.75,25
1719463369534,86.4,25
1719463369675,86.1,25
1719463370692,86.1,25
1719463370692,86.1,25
1719463371453,86.45,25
1719463372404,86.55,25
1719463373784,86.6,100
1719463374485,86.5,25
1719463374642,86.6,50
1719463375738,86.6,25
1719463375973,86.5,25
1719463376655,86.45,25
1719463377653,86.55,50
1719463378667,86.4,50
1719463379540,86.15,25
1719463379885,85.8,25
1719463381005,85.2,25
1719463381005,85.2,25
1719463382290,85.1,50
1719463382372,85.1,75
1719463383803,84.65,150
1719463384555,84.15,25
1719463384833,84.35,25
1719463385735,84.0,475
1719463385997,84.05,25
1719463386856,84.4,50
1719463387610,84.65,25
1719463387913,84.6,25
1719463388867,84.25,25
1719463389173,84.0,50
1719463389594,84.3,125
1719463390180,84.2,25
1719463390180,84.2,25
1719463391226,84.35,25
1719463392079,84.3,750
1719463392079,84.3,750
1719463393618,84.15,25
1719463394295,84.0,25
1719463394295,84.0,25
1719463395036,84.0,25
1719463395854,83.95,75
1719463396514,83.7,150
1719463397690,83.95,25
1719463398848,83.65,50
1719463399340,84.0,50
1719463399591,84.2,125
1719463400787,84.05,50
1719463400978,84.05,75
1719463401497,83.85,25
1719463402480,83.85,25
1719463402480,83.85,25
1719463403651,83.85,200
1719463404259,83.8,25
1719463404259,83.8,25
1719463405162,84.0,100
1719463405162,84.0,100
1719463406547,83.3,25
1719463407689,82.5,25
1719463407689,82.5,25
1719463408806,82.15,25
1719463409264,82.3,25
1719463409642,81.6,175
1719463410711,81.25,25
1719463410980,81.2,50
1719463410980,81.2,50
1719463411720,81.65,25
1719463412763,81.45,150
1719463413855,81.75,200
1719463414081,81.8,25
1719463414734,81.75,25
1719463415775,81.45,25
1719463415775,81.45,25
1719463416708,81.4,825
1719463417713,81.0,25
1719463417759,81.15,25
1719463418207,81.55,75
1719463419358,81.1,425
1719463419358,81.1,425
1719463420970,81.0,50
1719463421714,81.5,175
1719463422790,80.8,100
1719463422852,80.85,250
1719463423935,80.5,475
1719463424111,80.45,25
1719463424897,80.75,25
1719463425521,80.75,25
1719463425750,80.5,25
1719463426312,80.4,25
1719463427880,79.9,25
1719463428568,77.6,25
1719463429383,77.25,100
1719463429383,77.25,100
1719463430698,78.05,75
1719463430910,78.0,25
1719463431621,77.75,200
1719463432786,76.4,400
1719463432873,76.1,100
1719463434138,77.3,75
1719463434400,77.2,75
1719463434714,77.0,25
1719463436019,76.7,25
1719463437096,76.8,175
1719463437685,76.6,25
1719463438648,77.0,25
1719463439301,77.0,25
1719463439748,77.25,25
1719463440663,77.55,75
1719463440932,77.9,100
1719463440932,77.9,100
1719463441520,77.8,25
1719463442531,77.85,25
1719463442531,77.85,25
1719463443638,78.3,25
1719463444333,78.15,25
1719463444681,77.85,50
1719463445772,78.35,25
1719463446868,78.4,25
1719463446868,78.4,25
1719463448525,78.9,25
1719463448942,78.5,25
1719463449186,78.85,25
1719463449876,78.75,475
1719463450100,78.65,25
1719463451029,78.4,25
1719463451250,78.6,25
1719463452625,78.75,275
1719463452948,79.0,75
1719463453616,78.75,150
1719463454052,79.0,25
1719463454944,79.45,250
1719463455606,79.4,100
1719463455606,79.4,100
1719463456846,79.4,25
1719463457662,79.05,25
1719463458753,78.9,50
1719463459255,78.35,550
1719463459680,78.55,50
1719463460407,78.7,50
1719463460860,78.1,25
1719463461760,77.95,25
1719463462455,78.5,150
1719463462455,78.5,150
1719463463726,78.55,75
1719463464067,78.5,100
1719463464387,78.2,25
1719463465078,78.45,75
1719463466018,78.3,25
1719463466743,78.4,25
1719463467668,78.4,100
1719463467668,78.4,100
1719463468441,78.95,50
1719463469121,79.0,25
1719463469674,78.65,100
1719463470571,79.65,150
1719463471060,79.85,50
1719463471550,79.65,25
1719463472575,80.0,200
1719463472807,79.85,75
1719463474035,80.15,25
1719463474646,80.15,25
1719463475546,79.8,25
1719463475921,80.2,25
1719463476536,79.8,50
1719463477652,80.05,250
1719463477652,80.05,250
1719463478685,79.55,200
1719463478685,79.55,200
1719463479795,79.25,150
1719463480718,79.05,25
1719463480811,79.05,25
1719463480811,79.05,25
1719463482368,78.6,125
1719463482368,78.6,125
1719463483563,78.45,25
1719463483949,78.45,200
1719463484885,78.3,25
1719463485021,78.1,25
1719463485021,78.1,25
1719463486379,78.55,50
1719463487568,78.35,25
1719463488083,78.2,25
1719463488083,78.2,25
1719463489967,78.3,25
1719463489967,78.3,25
1719463491009,78.0,25
1719463491652,77.8,25
1719463492709,77.4,25
1719463492709,77.4,25
1719463493913,78.25,25
1719463493913,78.25,25
1719463494453,78.0,25
1719463494997,77.95,25
1719463494997,77.95,25
1719463496668,77.75,100
1719463497260,77.85,25
1719463498845,77.9,25
1719463498845,77.9,25
1719463499875,78.25,25
1719463500753,78.55,50
1719463500753,78.55,50
1719463500753,78.55,50
1719463501171,78.3,50
1719463502538,78.15,150
1719463502912,78.45,25
1719463504205,78.2,225
1719463504545,78.05,50
1719463505769,77.65,25
1719463506134,77.3,300
1719463506592,77.35,475
1719463507645,77.8,550
1719463507645,77.8,550
1719463508255,77.8,25
1719463509511,78.25,300
1719463509511,78.25,300
1719463510263,77.9,25
1719463510904,77.35,50
1719463511592,77.55,25
1719463512700,76.95,25
1719463512869,77.3,25
1719463513586,77.45,25
1719463514031,77.35,25
1719463514031,77.35,25
1719463515226,77.0,100
1719463515226,77.0,100
1719463516723,77.0,50
1719463517825,77.0,100
1719463517825,77.0,100
1719463518779,76.8,150
1719463519496,77.35,25
1719463519749,77.25,400
1719463520649,77.65,25
1719463520999,77.75,225
1719463521872,78.0,25
1719463522752,78.25,50
1719463523678,78.3,75
1719463524499,78.3,25
1719463524499,78.3,25
1719463525555,78.9,275
1719463526018,78.5,25
1719463526018,78.5,25
1719463527406,78.85,25
1719463527896,78.95,50
1719463528689,78.9,100
1719463529521,79.0,50
1719463529521,79.0,50
1719463530670,79.5,100
1719463530670,79.5,100
1719463530670,79.5,100
1719463532114,79.9,25
1719463532841,79.75,125
1719463534180,79.7,75
1719463534180,79.7,75
1719463534642,79.6,25
1719463535601,79.9,75
1719463535601,79.9,75
1719463536780,79.95,500
1719463537755,80.25,25
1719463538944,80.5,25
1719463539432,80.0,100
1719463539762,80.1,50
1719463540672,80.25,25
1719463541136,80.75,25
1719463541741,79.8,25
1719463542761,80.35,50
1719463542848,80.3,25
1719463542848,80.3,25
1719463544118,80.6,25
1719463544765,80.3,25
1719463545778,80.5,25
1719463545778,80.5,25
1719463546495,80.75,50
1719463546835,80.5,25
1719463546835,80.5,25
1719463548748,81.0,200
1719463549031,81.35,50
1719463549866,81.8,25
1719463550854,81.95,175
1719463551137,81.85,25
1719463551447,81.75,500
1719463552724,81.5,100
1719463552880,81.5,25
1719463553263,81.3,25
1719463554583,80.85,175
1719463554583,80.85,175
1719463555618,80.75,25
1719463555618,80.75,25
1719463556521,81.0,200
1719463557360,80.65,25
1719463557914,80.55,25
1719463558059,80.75,25
1719463558059,80.75,25
1719463559908,80.85,50
1719463560161,80.9,100
1719463560161,80.9,100
1719463561033,80.5,100
1719463562001,80.4,25
1719463562069,80.65,25
1719463562069,80.65,25
1719463563733,80.35,50
1719463564508,80.05,575
1719463565009,80.0,75
1719463565727,80.3,200
1719463565727,80.3,200
1719463566685,80.0,50
1719463567667,80.15,25
1719463567667,80.15,25
1719463568349,79.9,250
1719463569172,80.05,25
1719463569172,80.05,25
1719463570833,79.5,25
1719463571224,79.55,50
1719463571615,79.8,25
1719463572824,79.85,50
1719463572824,79.85,50
1719463573813,79.25,50
1719463574618,79.8,25
1719463574618,79.8,25
1719463575748,80.0,50
1719463576091,79.7,25
1719463576091,79.7,25
1719463577578,79.85,100
1719463578894,79.75,25
1719463579272,79.5,275
1719463579272,79.5,275
1719463580595,79.2,25
1719463581163,79.2,250
1719463581972,79.4,25
1719463582738,79.0,25
1719463583733,78.95,25
1719463584478,78.35,150
1719463584739,78.35,125
1719463585753,78.4,50
1719463585957,78.4,25
1719463586308,78.5,100
1719463587587,78.85,25
1719463587587,78.85,25
1719463588697,79.0,25
1719463589253,78.8,25
1719463589253,78.8,25
1719463590859,79.25,50
1719463590859,79.25,50
1719463592758,78.65,50
1719463593709,79.3,50
1719463593709,79.3,50
1719463595242,78.95,50
1719463595242,78.95,50
1719463596588,78.75,25
1719463596588,78.75,25
1719463598764,78.5,25
1719463599532,78.9,50
1719463599725,78.55,25
1719463600592,78.75,350
1719463600865,78.55,25
1719463601739,78.3,25
1719463602886,79.25,100
1719463602909,79.45,25
1719463603699,79.55,25
1719463604456,80.0,300
1719463604749,80.0,25
1719463605390,80.05,25
1719463605390,80.05,25
1719463606306,80.5,25
1719463606306,80.5,25
1719463608346,80.3,25
1719463608853,80.3,50
1719463609241,80.05,100
1719463609768,79.75,100
1719463610375,79.8,25
1719463610375,79.8,25
1719463611691,79.8,150
1719463611874,80.0,50
1719463611874,80.0,50
1719463613068,79.7,25
1719463614233,79.95,200
1719463615019,79.75,25
1719463616272,80.0,25
1719463616272,80.0,25
1719463616736,80.3,25
1719463617340,80.3,25
1719463617340,80.3,25
1719463618802,80.0,25
1719463618889,79.95,25
1719463618889,79.95,25
1719463620571,79.95,150
1719463620571,79.95,150
1719463620571,79.95,150
1719463621770,79.15,25
1719463622735,79.3,25
1719463623840,79.2,25
1719463624466,79.0,50
1719463624466,79.0,50
1719463624932,78.9,25
1719463626292,78.85,25
1719463626556,78.6,100
1719463626984,78.75,225
1719463626984,78.75,225
1719463628729,79.0,675
1719463629442,79.2,25
1719463629987,79.2,25
1719463631156,79.2,25
1719463631811,79.35,100
1719463632711,79.05,100
1719463632711,79.05,100
1719463633769,79.6,25
1719463633769,79.6,25
1719463635103,79.4,200
1719463635366,79.05,50
1719463635366,79.05,50
1719463637031,80.0,125
1719463637809,79.85,100
1719463638053,79.9,50
1719463638783,79.8,25
1719463639444,80.05,50
1719463639444,80.05,50
1719463640781,80.1,50
1719463641218,80.45,25
1719463641218,80.45,25
1719463642432,80.65,250
1719463643139,80.35,200
1719463643649,80.3,125
1719463644438,80.7,50
1719463644438,80.7,50
1719463645685,80.6,25
1719463645975,80.45,25
1719463645975,80.45,25
1719463648010,79.9,25
1719463648010,79.9,25
1719463649962,79.4,50
1719463650316,79.45,25
1719463650316,79.45,25
1719463650316,79.45,25
1719463651552,80.0,1800
1719463652605,79.6,25
1719463652605,79.6,25
1719463654392,79.0,25
1719463654708,79.1,25
1719463655854,78.7,25
1719463655854,78.7,25
1719463657410,78.85,25
1719463658143,78.6,25
1719463658143,78.6,25
1719463658590,78.9,25
1719463659222,79.0,175
1719463659222,79.0,175
1719463659222,79.0,175
1719463663050,78.65,25
1719463663050,78.65,25
1719463663770,79.05,25
1719463664750,78.6,25
1719463664750,78.6,25
1719463666014,78.5,75
1719463666014,78.5,75
1719463667038,79.05,25
1719463667679,78.85,25
1719463668055,78.6,25
1719463668822,78.25,225
1719463669681,78.15,25
1719463671033,78.5,25
1719463671033,78.5,25
1719463671849,78.9,25
1719463672646,78.95,25
1719463672646,78.95,25
1719463673534,79.55,50
1719463674328,79.95,25
1719463674328,79.95,25
1719463675860,78.9,25
1719463675919,79.0,25
1719463676503,78.95,75
1719463677696,79.1,50
1719463677696,79.1,50
1719463678852,78.95,25
1719463679585,79.3,25
1719463679585,79.3,25
1719463680748,78.6,25
1719463680748,78.6,25
1719463681182,78.75,50
1719463681182,78.75,50
1719463682916,79.1,25
1719463682916,79.1,25
1719463683230,79.1,150
1719463684698,78.7,25
1719463685153,78.75,50
1719463686375,79.25,25
1719463686793,79.15,25
1719463687907,79.1,25
1719463688669,79.05,25
1719463689587,78.85,25
1719463689587,78.85,25
1719463690650,79.05,50
1719463691141,78.55,25
1719463692004,78.95,325
1719463692855,78.7,25
1719463692855,78.7,25
1719463694276,78.7,100
1719463694276,78.7,100
1719463695785,78.9,25
1719463696321,78.25,150
1719463696620,78.75,50
1719463697837,79.4,25
1719463697837,79.4,25
1719463698302,79.75,125
1719463699449,79.55,25
1719463700015,79.5,25
1719463700688,79.5,100
1719463701406,79.6,25
1719463701979,79.7,25
1719463702855,79.65,200
1719463702855,79.65,200
1719463703880,79.2,150
1719463704773,79.2,125
1719463704773,79.2,125
1719463705712,79.2,25
1719463706068,79.55,75
1719463707049,79.35,100
1719463707675,79.3,50
1719463708034,79.35,250
1719463708034,79.35,250
1719463709761,79.45,325
1719463710879,79.5,25
1719463710985,79.5,25
1719463710985,79.5,25
1719463711727,79.8,25
1719463712793,80.05,25
1719463712793,80.05,25
1719463713584,80.45,25
1719463714858,80.0,25
1719463715303,79.7,25
1719463715303,79.7,25
1719463716837,80.1,25
1719463717847,80.25,25
1719463717847,80.25,25
1719463719555,80.65,100
1719463719839,80.9,175
1719463719839,80.9,175
1719463721011,80.8,50
1719463721011,80.8,50
1719463721747,80.95,50
1719463722633,81.0,350
1719463722633,81.0,350
1719463722633,81.0,350
1719463724932,80.9,100
1719463725825,80.85,775
1719463726351,80.8,50
1719463726751,80.25,100
1719463727873,80.3,25
1719463728205,80.0,25
1719463728766,79.75,25
1719463729825,79.35,25
1719463729825,79.35,25
1719463730853,79.7,50
1719463731454,79.9,200
1719463731884,79.9,25
1719463732319,79.5,25
1719463733155,79.4,500
1719463733155,79.4,500
1719463733155,79.4,500
1719463735254,79.65,25
1719463735718,79.65,125
1719463736456,79.9,75
1719463736898,79.6,25
1719463738057,80.0,50
1719463738057,80.0,50
1719463738401,80.3,50
1719463739708,79.95,75
1719463739708,79.95,75
1719463739708,79.95,75
1719463741908,79.95,25
1719463742496,79.65,25
1719463743156,79.95,100
1719463743869,79.65,25
1719463744452,79.5,200
1719463744452,79.5,200
1719463746489,79.8,25
1719463747358,79.9,100
1719463747358,79.9,100
1719463748351,79.6,175
1719463748351,79.6,175
1719463750237,79.6,25
1719463750762,79.65,25
1719463751490,79.7,425
1719463751502,79.95,75
1719463752399,80.1,250
1719463752399,80.1,250
1719463753409,80.4,25
1719463754918,80.0,25
1719463755747,80.2,325
1719463756102,80.2,100
1719463756102,80.2,100
1719463757582,80.4,50
1719463758185,80.6,25
1719463758185,80.6,25
1719463759886,80.95,300
1719463760067,81.0,150
1719463760443,81.0,25
1719463761521,81.05,25
1719463761718,80.85,75
1719463762314,80.95,25
1719463762314,80.95,25
1719463762314,80.95,25
1719463765486,80.65,25
1719463766075,80.6,25
1719463766464,80.25,25
1719463767117,79.95,50
1719463767765,79.85,125
1719463767765,79.85,125
1719463769264,79.85,250
1719463769264,79.85,250
1719463770128,79.8,300
1719463770491,80.05,250
1719463770951,79.8,25
1719463771498,79.65,25
1719463771498,79.65,25
1719463772906,79.85,25
1719463773292,79.85,150
1719463773736,80.1,125
1719463774099,80.2,25
1719463776175,80.55,25
1719463776175,80.55,25
1719463777081,81.2,25
1719463777081,81.2,25
1719463778923,80.6,250
1719463778923,80.6,250
1719463780747,80.4,25
1719463780747,80.4,25
1719463782105,80.4,150
1719463782419,80.45,200
1719463782419,80.45,200
1719463784178,80.4,25
1719463784698,80.4,25
1719463784698,80.4,25
1719463786562,80.35,300
1719463787501,80.4,50
1719463787501,80.4,50
1719463788790,80.2,25
1719463789881,80.0,25
1719463790477,80.35,150
1719463790477,80.35,150
1719463792444,80.2,25
1719463792444,80.2,25
1719463793639,80.45,25
1719463794022,80.5,225
1719463794434,80.5,25
1719463795316,80.65,25
1719463796436,80.55,25
1719463796779,80.55,25
1719463797808,80.35,25
1719463798238,80.5,25
1719463798739,80.5,25
1719463799371,80.2,25
1719463799371,80.2,25
1719463800972,80.1,100
1719463801067,79.9,25
1719463801308,80.1,25
1719463801850,80.15,175
1719463802057,80.4,25
1719463803226,79.65,50
1719463803840,80.0,25
1719463804527,80.0,25
1719463805607,79.6,25
1719463806187,79.65,25
1719463806807,79.8,50
1719463807032,79.8,25
1719463808112,80.0,25
1719463808951,79.9,50
1719463808951,79.9,50
1719463810854,80.5,25
1719463811484,80.2,50
1719463811945,80.5,25
1719463813250,81.0,25
1719463813250,81.0,25
1719463813946,81.1,400
1719463813946,81.1,400
1719463816046,81.1,25
1719463816393,81.05,25
1719463816393,81.05,25
1719463817589,80.95,25
1719463817589,80.95,25
1719463819172,80.55,25
1719463819750,80.8,275
1719463821060,80.7,25
1719463821193,80.5,75
1719463821643,80.8,25
1719463822860,81.0,650
1719463822860,81.0,650
1719463824704,80.9,50
1719463824704,80.9,50
1719463825282,81.0,525
1719463825887,80.9,25
1719463825887,80.9,25
1719463826738,81.0,25
1719463827669,80.55,25
1719463827997,80.6,75
1719463828837,80.4,25
1719463829993,80.0,275
1719463829993,80.0,275
1719463829993,80.0,275
1719463829993,80.0,275
1719463832504,80.35,25
1719463832787,80.7,50
1719463832787,80.7,50
1719463833908,80.45,125
1719463834124,80.5,200
1719463835435,80.4,25
1719463836183,80.35,100
1719463836183,80.35,100
1719463837654,80.15,50
1719463838173,80.15,25
1719463839146,80.5,25
1719463839146,80.5,25
1719463840294,80.15,125
1719463840847,80.0,25
1719463840847,80.0,25
1719463841669,80.0,175
1719463842419,80.0,25
1719463843007,79.8,25
1719463844056,79.6,100
1719463844693,79.75,25
1719463845573,79.8,25
1719463846442,80.05,200
1719463846982,79.8,50
1719463847140,80.25,25
1719463847140,80.25,25
1719463848680,80.2,75
1719463848680,80.2,75
1719463851215,79.5,25
1719463851394,79.8,50
1719463851394,79.8,50
1719463852941,79.75,50
1719463853449,79.45,100
1719463853721,79.7,25
1719463854683,79.5,25
1719463854683,79.5,25
1719463855404,79.55,50
1719463856528,79.25,25
1719463856686,79.45,25
1719463857779,79.75,25
1719463857779,79.75,25
1719463858991,80.5,50
1719463858991,80.5,50
1719463860133,80.4,25
1719463860956,80.35,25
1719463861005,80.3,25
1719463861551,80.4,150
1719463861867,80.3,25
1719463862138,80.5,125
1719463863344,80.5,25
1719463863506,80.6,25
1719463864964,80.4,25
1719463864964,80.4,25
1719463865368,80.5,25
1719463865368,80.5,25
1719463865368,80.5,25
1719463868549,80.35,50
1719463869473,80.4,25
1719463869473,80.4,25
1719463870126,80.55,75
1719463871453,80.45,250
1719463871453,80.45,250
1719463871927,80.6,25
1719463872940,80.5,50
1719463873446,80.5,50
1719463873446,80.5,50
1719463874397,80.45,25
1719463875997,80.0,25
1719463876559,80.0,350
1719463876749,80.0,175
1719463877192,80.25,100
1719463878275,80.5,25
1719463878707,80.55,25
1719463879491,80.35,25
1719463879491,80.35,25
1719463879491,80.35,25
1719463881936,80.95,25
1719463882977,81.05,25
1719463883084,80.75,25
1719463883924,80.8,25
1719463885044,81.15,25
1719463885225,81.0,100
1719463885225,81.0,100
1719463887295,81.05,50
1719463888161,81.3,250
1719463888264,81.25,50
1719463889197,80.9,25
1719463889939,81.0,25
1719463889939,81.0,25
1719463890973,80.75,100
1719463891244,80.7,25
1719463891977,80.7,50
1719463892812,80.7,250
1719463893304,80.55,125
1719463893304,80.55,125
1719463894324,80.45,50
1719463894324,80.45,50
1719463895999,80.15,50
1719463896617,79.8,50
1719463896863,79.8,25
1719463898563,80.0,100
1719463898757,80.0,50
1719463900095,80.5,25
1719463900095,80.5,25
1719463901007,80.7,25
1719463901007,80.7,25
1719463902123,81.1,100
1719463903333,80.9,25
1719463903333,80.9,25
1719463903651,81.05,50
1719463904146,80.55,25
1719463904146,80.55,25
1719463905153,80.35,250
1719463906413,80.6,50
1719463906413,80.6,50
1719463907900,80.6,25
1719463907900,80.6,25
1719463908623,80.75,75
1719463909049,80.65,200
1719463910855,80.75,50
1719463911500,80.55,25
1719463911500,80.55,25
1719463913023,80.65,50
1719463913201,80.8,25
1719463913894,80.75,25
1719463914455,80.9,175
1719463915960,80.8,25
1719463915960,80.8,25
1719463916807,80.65,25
1719463917410,80.8,50
1719463918194,80.75,25
1719463918194,80.75,25
1719463918194,80.75,25
1719463918194,80.75,25
1719463921398,80.1,25
1719463921398,80.1,25
1719463922638,80.35,25
1719463922940,80.25,25
1719463922940,80.25,25
1719463923839,80.25,125
1719463925125,80.15,50
1719463925125,80.15,50
1719463925304,80.15,225
1719463926633,80.35,25
1719463926633,80.35,25
1719463927931,80.35,25
1719463927931,80.35,25
1719463928929,80.25,25
1719463929552,80.2,25
1719463930475,80.45,50
1719463931138,80.55,250
1719463931989,80.55,25
1719463931989,80.55,25
1719463933743,80.8,75
1719463934134,81.0,25
1719463935014,81.0,25
1719463935014,81.0,25
1719463936098,81.2,25
1719463936675,80.95,100
1719463937061,80.45,125
1719463937061,80.45,125
1719463938825,80.4,225
1719463939499,80.3,200
1719463939499,80.3,200
1719463940527,80.4,200
1719463941364,80.1,175
1719463941364,80.1,175
1719463941364,80.1,175
1719463944602,80.35,25
1719463944602,80.35,25
1719463946148,80.4,25
1719463946148,80.4,25
1719463947854,80.1,25
1719463947854,80.1,25
1719463949339,80.2,25
1719463949710,80.2,50
1719463949710,80.2,50
1719463950980,80.1,200
1719463951660,80.0,25
1719463951660,80.0,25
1719463952224,80.1,75
1719463953322,80.1,25
1719463954025,80.2,25
1719463954485,80.0,175
1719463954485,80.0,175
1719463956566,79.5,25
1719463956566,79.5,25
1719463956905,79.35,350
1719463957605,79.65,200
1719463958253,79.35,125
1719463958817,79.6,275
1719463958817,79.6,275
1719463958817,79.6,275
1719463958817,79.6,275
1719463965221,79.25,100
1719463965760,79.4,100
1719463966150,79.3,50
1719463966150,79.3,50
1719463967931,80.0,25
1719463967931,80.0,25
1719463969074,79.55,25
1719463969792,79.45,25
1719463969792,79.45,25
1719463970868,79.5,75
1719463971631,79.5,50
1719463971631,79.5,50
1719463972620,79.65,75
1719463973281,79.3,25
1719463973281,79.3,25
1719463974259,79.35,25
1719463974259,79.35,25
1719463976004,79.55,275
1719463976099,79.55,75
1719463976099,79.55,75
1719463977340,79.75,25
1719463978418,79.6,25
1719463978418,79.6,25
1719463980233,80.05,25
1719463980566,79.95,50
1719463981188,80.0,25
1719463981871,79.75,25
1719463981871,79.75,25
1719463981871,79.75,25
1719463981871,79.75,25
1719463988008,79.55,25
1719463988106,79.5,75
1719463988779,79.55,25
1719463989623,79.55,25
1719463991002,79.55,725
1719463991002,79.55,725
1719463992048,79.4,50
1719463992834,79.5,25
1719463992834,79.5,25
1719463993618,79.2,25
1719463994850,79.15,100
1719463996368,79.3,25
1719463996799,79.45,300
1719463996799,79.45,300
1719463996799,79.45,300
1719463999117,79.15,125
1719463999989,79.0,25
1719464001144,78.9,25
1719464001144,78.9,25
1719464002272,78.55,25
1719464003059,78.9,25
1719464003059,78.9,25
1719464004207,78.65,50
1719464005024,78.6,50
1719464005024,78.6,50
1719464005274,78.5,25
1719464006337,78.3,125
1719464007051,78.45,25
1719464007311,78.7,75
1719464008363,78.55,25
1719464008605,78.35,50
1719464009886,78.3,50
1719464010708,78.45,50
1719464011752,78.35,50
1719464011752,78.35,50
1719464013065,78.05,25
1719464013065,78.05,25
1719464013065,78.05,25
1719464015245,78.05,150
1719464016458,78.2,25
1719464016458,78.2,25
1719464016993,78.0,25
1719464017624,78.45,25
1719464017624,78.45,25
1719464019245,78.4,25
1719464020081,78.6,50
1719464021094,78.65,25
1719464021843,79.1,25
1719464022045,79.1,25
1719464023171,79.35,25
1719464023171,79.35,25
1719464024263,78.8,300
1719464024297,78.8,25
1719464024297,78.8,25
1719464026054,78.55,125
1719464026054,78.55,125
1719464027103,78.35,75
1719464027269,78.4,25
1719464027269,78.4,25
1719464028998,78.3,25
1719464029708,78.4,25
1719464030912,78.5,25
1719464031353,78.35,25
1719464032034,78.4,25
1719464032896,78.15,25
1719464033295,78.2,25
1719464033295,78.2,25
1719464035012,78.0,250
1719464036092,77.8,25
1719464036092,77.8,25
1719464037048,77.9,200
1719464037583,77.7,375
1719464038289,77.75,25
1719464039064,77.6,25
1719464040107,77.35,125
1719464040259,77.4,25
1719464040910,77.6,125
1719464041161,77.4,425
1719464041161,77.4,425
1719464043029,77.3,50
1719464043385,77.15,25
1719464044041,77.35,50
1719464045082,76.9,100
1719464045783,77.4,25
1719464046527,77.55,75
1719464046977,77.1,50
1719464047900,77.25,25
1719464048252,77.2,25
1719464048252,77.2,25
1719464049407,77.15,25
1719464050272,77.1,25
1719464051654,77.0,25
1719464051886,77.0,50
1719464051886,77.0,50
1719464053660,76.75,25
1719464054251,77.45,25
1719464054862,77.3,25
1719464055657,78.0,400
1719464055657,78.0,400
1719464057355,78.45,25
1719464057837,78.15,50
1719464058486,78.35,125
1719464058783,78.05,25
1719464059902,78.1,75
1719464059902,78.1,75
1719464060529,77.6,25
1719464061307,77.75,25
1719464061307,77.75,25
1719464062823,77.3,25
1719464062823,77.3,25
1719464063928,77.0,50
1719464064439,76.9,25
1719464064439,76.9,25
1719464066053,77.15,25
1719464066582,76.7,25
1719464066582,76.7,25
1719464068378,77.45,250
1719464068378,77.45,250
1719464068378,77.45,250
1719464071744,77.15,125
1719464071744,77.15,125
1719464073076,77.0,25
1719464073076,77.0,25
1719464074010,77.1,25
1719464075144,77.0,25
1719464076128,77.0,25
1719464076523,77.0,25
1719464076844,77.05,25
1719464077735,77.1,50
1719464077735,77.1,50
1719464078863,77.05,25
1719464079397,77.0,175
1719464080176,76.65,25
1719464081017,77.25,250
1719464081748,76.9,125
1719464081748,76.9,125
1719464082593,76.75,50
1719464083517,76.6,50
1719464084278,76.45,25
1719464085173,76.3,50
1719464085642,76.5,650
1719464086612,76.2,25
1719464086888,76.25,50
1719464088229,76.3,25
1719464088229,76.3,25
1719464089121,76.2,300
1719464089783,76.1,25
1719464089783,76.1,25
1719464090897,76.35,25
1719464091321,76.35,50
1719464091983,76.25,25
1719464092944,77.0,25
1719464092944,77.0,25
1719464093905,77.3,100
1719464094937,78.2,125
1719464094937,78.2,125
1719464095734,77.65,25
1719464096217,77.75,25
1719464096217,77.75,25
1719464097520,77.95,300
1719464098558,77.7,50
1719464098558,77.7,50
1719464098558,77.7,50
1719464100802,77.65,75
1719464100802,77.65,75
1719464101907,77.95,25
1719464102026,77.75,25
1719464102887,77.7,50
1719464102887,77.7,50
1719464104007,77.8,50
1719464104007,77.8,50
1719464106445,77.65,25
1719464106574,77.7,25
1719464106574,77.7,25
1719464108045,77.35,25
1719464108276,77.75,25
1719464108276,77.75,25
1719464110182,77.3,50
1719464110182,77.3,50
1719464110855,77.55,100
1719464110855,77.55,100
1719464112255,77.5,25
1719464112851,77.5,25
1719464112851,77.5,25
1719464113712,77.4,25
1719464114753,77.3,25
1719464115983,77.65,25
1719464116175,77.45,100
1719464116927,77.55,400
1719464118477,77.6,25
1719464118991,78.0,150
1719464120045,78.0,25
1719464120152,78.1,25
1719464120901,78.05,25
1719464121390,78.1,50
1719464122010,78.1,25
1719464122838,78.0,100
1719464122838,78.0,100
1719464124894,77.9,25
1719464124894,77.9,25
1719464124894,77.9,25
1719464127150,77.7,25
1719464128276,77.9,25
1719464128276,77.9,25
1719464130183,78.1,25
1719464130183,78.1,25
1719464131197,78.05,125
1719464131844,77.85,75
1719464131844,77.85,75
1719464132563,77.6,25
1719464133231,77.45,50
1719464133231,77.45,50
1719464133231,77.45,50
1719464135707,77.15,25
1719464135966,77.2,25
1719464136848,77.45,25
1719464137127,77.4,25
1719464138026,77.35,25
1719464138484,77.3,25
1719464138973,77.25,25
1719464140025,76.9,25
1719464140025,76.9,25
1719464140798,77.15,25
1719464140798,77.15,25
1719464142283,77.15,25
1719464142475,77.15,25
1719464143395,77.65,25
1719464144285,78.1,25
1719464145032,78.05,50
1719464145032,78.05,50
1719464146093,78.15,25
1719464146460,77.9,25
1719464147133,78.15,25
1719464148034,78.25,350
1719464148261,78.15,25
1719464148805,78.0,125
1719464150006,78.1,50
1719464150006,78.1,50
1719464150006,78.1,50
1719464152927,77.9,25
1719464152927,77.9,25
1719464153965,78.1,575
1719464155106,77.45,100
1719464155106,77.45,100
1719464155730,77.4,25
1719464155730,77.4,25
1719464157506,77.0,25
1719464158124,77.35,125
1719464158124,77.35,125
1719464158944,77.3,100
1719464160358,77.65,100
1719464160358,77.65,100
1719464160358,77.65,100
1719464161891,77.6,25
1719464161891,77.6,25
1719464161891,77.6,25
1719464164016,78.15,25
1719464165100,78.2,25
1719464165323,78.15,50
1719464166019,77.95,25
1719464166019,77.95,25
1719464167279,78.0,25
1719464168156,78.3,375
1719464168514,77.95,225
1719464169113,78.25,50
1719464170077,78.6,25
1719464170077,78.6,25
1719464170898,78.45,25
1719464171237,78.55,25
1719464171237,78.55,25
1719464173085,78.45,75
1719464173714,78.45,50
1719464173828,78.4,25
1719464175168,78.25,25
1719464175168,78.25,25
1719464175845,78.3,75
1719464176958,77.9,125
1719464176958,77.9,125
1719464177291,77.95,200
1719464177291,77.95,200
1719464179118,78.0,50
1719464180258,78.05,25
1719464180487,78.15,25
1719464180487,78.15,25
1719464180487,78.15,25
1719464183871,78.75,25
1719464184191,79.0,25
1719464184800,78.5,625
1719464185210,78.45,25
1719464185210,78.45,25
1719464186704,78.75,25
1719464186704,78.75,25
1719464188196,78.5,25
1719464188525,78.6,50
1719464188525,78.6,50
1719464190305,78.6,25
1719464190574,78.4,25
1719464191097,78.45,50
1719464191774,77.9,25
1719464192338,78.2,50
1719464193133,78.15,25
1719464194803,78.5,25
1719464194803,78.5,25
1719464195617,78.8,25
1719464196116,78.7,25
1719464196845,79.0,25
1719464196845,79.0,25
1719464198032,78.7,200
1719464198032,78.7,200
1719464198032,78.7,200
1719464200855,78.5,25
1719464201064,78.05,25
1719464201064,78.05,25
1719464201064,78.05,25
1719464205174,78.35,150
1719464205368,78.25,75
1719464205368,78.25,75
1719464206656,78.35,100
1719464207237,78.4,250
1719464207908,78.6,25
1719464207908,78.6,25
1719464210353,79.1,25
1719464211114,79.3,475
1719464211887,79.0,50
1719464211887,79.0,50
1719464213152,78.9,25
1719464213152,78.9,25
1719464214980,78.7,25
1719464214980,78.7,25
1719464215477,78.7,25
1719464215623,78.6,25
1719464216647,79.0,25
1719464217140,79.1,100
1719464217900,79.1,25
1719464217900,79.1,25
1719464219173,80.1,75
1719464220192,80.15,25
1719464220391,80.5,50
1719464220703,80.15,25
1719464221412,80.15,25
1719464221412,80.15,25
1719464221412,80.15,25
1719464222927,80.45,250
1719464223770,80.6,25
1719464224031,80.45,25
1719464224458,80.6,25
1719464224458,80.6,25
1719464226124,80.5,25
1719464226895,80.85,25
1719464227147,80.7,50
1719464228139,81.0,25
1719464228139,81.0,25
1719464230221,81.6,75
1719464231123,81.45,25
1719464231698,81.6,25
1719464232110,81.9,525
1719464233258,81.5,25
1719464233675,81.6,50
1719464234118,81.6,600
1719464235346,81.2,25
1719464235346,81.2,25
1719464236170,81.7,50
1719464236842,81.6,125
1719464236842,81.6,125
1719464237463,81.5,75
1719464238688,81.9,100
1719464238978,81.65,125
1719464240366,81.9,50
1719464240918,81.55,300
1719464240918,81.55,300
1719464242230,81.4,100
1719464242889,81.5,25
1719464242889,81.5,25
1719464244564,81.95,125
1719464244948,81.85,150
1719464246082,81.85,25
1719464246941,82.6,25
1719464247118,82.5,325
1719464248387,83.0,200
1719464248779,83.3,100
1719464249377,83.6,25
1719464250435,82.5,200
1719464250435,82.5,200
1719464250876,82.8,25
1719464251620,82.9,25
1719464251783,83.05,25
1719464251783,83.05,25
1719464253157,83.45,25
1719464253854,83.6,50
1719464254407,83.85,75
1719464254993,83.85,50
1719464255526,83.4,50
1719464257050,83.1,25
1719464257207,83.1,100
1719464257706,83.25,25
1719464258853,83.95,275
1719464258853,83.95,275
1719464260313,83.25,200
1719464260313,83.25,200
1719464261203,82.9,25
1719464261841,83.45,250
1719464261841,83.45,250
1719464263189,83.6,50
1719464263788,83.65,25
1719464264154,83.6,450
1719464264484,83.85,25
1719464266131,83.7,100
1719464266847,83.45,25
1719464267131,83.75,50
1719464267969,83.6,125
1719464267969,83.6,125
1719464269145,83.45,25
1719464269759,83.85,150
1719464270354,83.6,175
1719464270651,83.15,25
1719464271724,83.55,25
1719464272383,83.0,25
1719464273202,83.5,100
1719464273691,83.35,25
1719464274392,83.6,125
1719464275066,83.35,50
1719464275446,83.1,100
1719464275930,83.6,50
1719464276991,83.8,125
1719464276991,83.8,125
1719464277877,83.3,150
1719464278350,83.25,25
1719464279154,83.3,625
1719464280097,82.95,200
1719464280097,82.95,200
1719464280861,83.3,25
1719464281374,83.5,25
1719464281374,83.5,25
1719464282170,83.8,475
1719464282719,83.35,50
1719464283594,83.9,125
1719464284169,83.45,25
1719464284697,83.6,50
1719464284697,83.6,50
1719464284697,83.6,50
1719464287108,83.5,150
1719464287534,83.3,25
1719464288595,83.6,175
1719464288595,83.6,175
1719464289426,83.5,50
1719464289426,83.5,50
1719464291415,84.0,25
1719464292249,85.0,300
1719464293139,84.65,200
1719464293772,84.85,75
1719464293772,84.85,75
1719464294977,84.95,50
1719464295379,84.7,50
1719464296235,84.7,300
1719464297042,84.1,50
1719464297178,84.15,50
1719464297810,84.3,25
1719464298657,84.2,50
1719464299213,84.95,525
1719464299428,84.9,25
1719464300517,84.45,100
1719464301100,84.2,400
1719464301868,84.15,450
1719464301868,84.15,450
1719464302513,84.25,100
1719464303701,84.4,25
1719464304113,84.45,25
1719464304823,84.55,25
1719464304823,84.55,25
1719464305714,84.65,1075
1719464307120,84.05,50
1719464307404,84.2,125
1719464308023,84.55,25
1719464308813,84.75,375
1719464309065,84.9,225
1719464310233,85.3,25
1719464310498,85.85,175
1719464310498,85.85,175
1719464310498,85.85,175
1719464311753,85.75,125
1719464312429,85.7,50
1719464313013,86.0,125
1719464313727,86.0,50
1719464314258,86.4,25
1719464315190,86.0,125
1719464315518,85.85,25
1719464316216,86.5,25
1719464317104,86.75,175
1719464317439,87.0,100
1719464318219,86.55,325
1719464318743,86.4,25
1719464318743,86.4,25
1719464320429,87.0,100
1719464320429,87.0,100
1719464321339,86.85,50
1719464321924,86.9,25
1719464321924,86.9,25
1719464323392,87.35,25
1719464323909,87.55,100
1719464324118,87.1,50
1719464325046,87.35,125
1719464325422,86.95,25
1719464326437,87.1,75
1719464327045,87.0,25
1719464327045,87.0,25
1719464328257,86.0,100
1719464328880,85.7,25
1719464329207,85.3,50
1719464330162,85.3,25
1719464330554,85.8,400
1719464331208,86.05,25
1719464332143,86.0,50
1719464332460,86.25,25
1719464333167,86.6,25
1719464333583,86.45,25
1719464333583,86.45,25
1719464335109,86.65,75
1719464335109,86.65,75
1719464335882,86.45,25
1719464337186,86.4,25
1719464337186,86.4,25
1719464338414,86.6,25
1719464338799,86.75,25
1719464339323,86.45,25
1719464339711,86.55,25
1719464340574,86.75,100
1719464340650,86.65,100
1719464341111,86.5,25
1719464342160,86.3,50
1719464342160,86.3,50
1719464343134,86.3,75
1719464343618,86.45,25
1719464344371,86.05,25
1719464345185,86.4,25
1719464345464,86.65,100
1719464346453,86.7,75
1719464346867,87.1,25
1719464347625,87.0,50
1719464348437,86.9,75
1719464349246,86.95,100
1719464350278,86.9,25
1719464350574,87.0,25
1719464351163,86.9,25
1719464352204,86.9,25
1719464352204,86.9,25
1719464353256,86.7,25
1719464353781,86.45,25
1719464354386,86.65,100
1719464355140,86.3,25
1719464355366,86.3,50
1719464356073,86.8,75
1719464357105,86.4,250
1719464357105,86.4,250
1719464358026,86.35,25
1719464358710,86.25,25
1719464358876,86.25,25
1719464360235,86.65,75
1719464360356,87.0,225
1719464361429,87.3,75
1719464362212,87.05,25
1719464363166,86.45,300
1719464363721,86.7,150
1719464364276,87.05,25
1719464365161,86.85,25
1719464365535,87.0,225
1719464366348,87.0,25
1719464367040,86.95,125
1719464367040,86.95,125
1719464367689,86.75,25
1719464368542,86.45,100
1719464369080,86.8,50
1719464369857,86.45,25
1719464370398,86.2,25
1719464370833,86.5,100
1719464371253,86.55,25
1719464371877,86.55,25
1719464373436,87.0,100
1719464373485,87.0,100
1719464374180,87.0,300
1719464375021,87.1,75
1719464375514,86.8,25
1719464376124,86.6,25
1719464376475,86.85,25
1719464377438,86.5,50
1719464378632,87.0,25
1719464379279,86.35,50
1719464380232,86.2,275
1719464380518,86.5,25
1719464381118,86.6,100
1719464382032,86.45,200
1719464382032,86.45,200
1719464383103,86.65,25
1719464383103,86.65,25
1719464384133,85.75,25
1719464385136,86.0,25
1719464385391,86.05,25
1719464386479,85.6,25
1719464387283,85.65,150
1719464388081,85.3,25
1719464388704,86.0,125
1719464389279,86.15,75
1719464389765,85.95,100
1719464389765,85.95,100
1719464390940,86.1,25
1719464391996,86.6,175
1719464392639,86.0,75
1719464393800,86.35,25
1719464393800,86.35,25
1719464394891,86.05,50
1719464395391,85.85,25
1719464395391,85.85,25
1719464395391,85.85,25
1719464398082,86.8,175
1719464398082,86.8,175
1719464399448,86.4,25
1719464400137,86.35,100
1719464400137,86.35,100
1719464400744,86.1,25
1719464401269,86.0,25
1719464402147,85.9,250
1719464403363,86.0,1025
1719464403727,86.3,125
1719464403911,86.05,25
1719464405139,86.5,50
1719464405699,86.55,25
1719464406429,86.75,25
1719464407235,86.8,150
1719464407304,86.55,25
1719464408109,86.55,125
1719464408690,86.45,25
1719464409231,86.7,25
1719464410280,86.45,25
1719464410280,86.45,25
1719464411282,86.1,25
1719464412307,86.1,25
1719464413297,86.1,100
1719464413836,86.0,25
1719464414023,85.95,25
1719464415307,86.3,25
1719464415337,86.3,200
1719464416067,86.15,100
1719464417260,86.05,25
1719464418111,86.25,25
1719464418634,86.3,100
1719464419069,86.4,25
1719464420162,86.6,50
1719464420495,86.25,25
1719464420774,86.5,75
1719464420774,86.5,75
1719464420774,86.5,75
1719464420774,86.5,75
1719464425870,86.65,75
1719464426211,86.65,50
1719464427020,86.3,25
1719464427020,86.3,25
1719464428340,86.5,25
1719464428641,86.3,150
1719464428641,86.3,150
1719464429854,86.2,25
1719464430346,86.45,50
1719464430927,86.4,25
1719464431526,86.55,125
1719464432289,86.5,25
1719464433085,86.4,25
1719464433497,86.45,25
1719464433497,86.45,25
1719464435324,86.75,25
1719464435324,86.75,25
1719464436081,86.6,250
1719464437156,86.95,25
1719464438167,87.2,25
1719464438705,87.3,25
1719464439235,87.05,225
1719464440009,87.35,25
1719464440458,87.3,25
1719464440458,87.3,25
1719464442270,87.2,25
1719464442835,87.2,75
1719464443854,87.2,25
1719464444431,86.5,25
1719464444820,86.8,25
1719464445397,86.9,50
1719464446041,86.8,75
1719464447313,86.65,100
1719464447313,86.65,100
1719464447994,86.25,25
1719464448597,86.75,75
1719464448597,86.75,75
1719464450140,86.5,25
1719464450463,86.75,175
1719464450974,86.65,25
1719464451492,86.8,50
1719464453151,87.0,250
1719464453625,86.05,25
1719464454331,86.0,25
1719464455278,86.1,25
1719464455781,86.35,75
1719464457193,85.8,25
1719464458170,86.35,50
1719464458170,86.35,50
1719464459675,86.05,200
1719464460352,85.9,75
1719464460560,86.05,25
1719464460873,85.75,75
1719464461322,85.6,325
1719464462150,85.2,25
1719464462150,85.2,25
1719464463256,84.75,25
1719464463967,84.6,25
1719464464699,84.25,25
1719464465494,83.75,25
1719464465995,84.1,25
1719464467204,84.65,25
1719464467416,84.65,25
1719464468268,84.25,25
1719464468530,84.35,25
1719464468530,84.35,25
1719464470101,84.9,50
1719464470676,84.9,125
1719464471458,85.15,100
1719464471458,85.15,100
1719464472734,85.0,150
1719464473688,84.95,50
1719464474166,85.35,25
1719464474166,85.35,25
1719464474583,85.5,50
1719464474583,85.5,50
1719464476559,85.4,25
1719464477360,85.2,100
1719464477360,85.2,100
1719464477850,85.15,75
1719464478956,84.9,200
1719464479335,84.7,25
1719464480319,84.5,100
1719464480319,84.5,100
1719464481175,84.1,25
1719464482206,84.4,100
1719464482606,84.7,200
1719464484061,84.65,200
1719464484061,84.65,200
1719464485060,84.75,25
1719464485447,84.6,25
1719464486230,84.5,25
1719464486995,84.35,100
1719464486995,84.35,100
1719464488240,84.4,25
1719464488568,84.3,75
1719464490017,84.25,25
1719464490710,84.2,375
1719464490710,84.2,375
1719464490710,84.2,375
1719464490710,84.2,375
1719464492455,84.35,325
1719464493522,84.35,100
1719464493569,84.35,75
1719464493569,84.35,75
1719464494971,84.15,25
1719464495534,84.15,100
1719464496265,84.7,50
1719464496982,84.35,100
1719464496982,84.35,100
1719464498327,84.3,100
1719464498327,84.3,100
1719464499541,84.95,50
1719464500166,85.2,350
1719464500719,85.7,200
1719464500719,85.7,200
1719464502123,85.1,50
1719464502123,85.1,50
1719464502123,85.1,50
1719464504532,84.7,25
1719464504532,84.7,25
1719464506113,84.35,25
1719464506697,84.05,25
1719464506697,84.05,25
1719464508265,84.4,200
1719464508451,84.4,25
1719464508451,84.4,25
1719464509662,84.35,25
1719464510790,84.1,25
1719464511093,84.1,25
1719464512303,84.35,100
1719464512303,84.35,100
1719464512722,84.0,25
1719464514340,83.9,25
1719464515025,83.9,25
1719464515560,83.8,100
1719464516205,83.95,25
1719464516205,83.95,25
1719464518576,83.75,25
1719464519013,84.0,100
1719464519013,84.0,100
1719464520354,83.75,25
1719464520786,83.9,75
1719464520961,84.1,50
1719464520961,84.1,50
1719464522330,83.0,25
1719464522568,82.75,25
1719464523231,82.75,25
1719464524271,81.95,25
1719464524659,82.0,50
1719464525201,82.5,75
1719464525201,82.5,75
1719464525887,82.25,750
1719464527191,82.6,25
1719464527191,82.6,25
1719464528101,83.05,25
1719464528101,83.05,25
1719464529343,82.6,25
1719464529462,82.6,150
1719464530845,82.25,25
1719464531342,82.2,25
1719464532151,82.6,250
1719464532436,82.6,25
1719464533056,82.45,25
1719464533919,82.2,25
1719464534130,82.6,25
1719464535182,82.25,100
1719464535789,82.15,25
1719464535789,82.15,25
1719464536670,82.3,25
1719464538550,82.25,175
1719464538883,82.1,100
1719464538883,82.1,100
1719464540300,82.2,25
1719464540300,82.2,25
1719464541504,82.0,200
1719464542235,81.8,50
1719464542235,81.8,50
1719464543241,82.1,25
1719464543939,81.8,25
1719464543939,81.8,25
1719464544439,81.8,25
1719464545907,81.0,25
1719464545907,81.0,25
1719464547255,81.7,200
1719464547976,81.1,325
1719464547976,81.1,325
1719464549938,81.3,25
1719464550553,80.6,25
1719464550906,80.8,75
1719464550972,80.85,25
1719464551015,81.05,100
1719464552241,80.7,25
1719464552465,81.0,25
1719464553351,81.0,75
1719464554056,80.7,25
1719464554543,81.05,25
1719464555328,81.0,25
1719464555867,81.5,25
1719464556149,81.45,50
1719464557387,81.0,25
1719464557387,81.0,25
1719464557579,81.35,25
1719464557579,81.35,25
1719464559900,81.1,100
1719464560464,81.3,50
1719464560799,81.3,25
1719464561211,81.4,100
1719464561568,81.65,25
1719464562397,81.0,25
1719464562638,81.4,25
1719464563515,81.5,200
1719464564160,81.05,50
1719464565106,80.9,25
1719464565828,80.9,25
1719464565828,80.9,25
1719464566763,80.85,25
1719464566763,80.85,25
1719464568348,80.65,475
1719464568616,80.65,100
1719464568616,80.65,100
1719464570575,80.7,50
1719464570575,80.7,50
1719464570955,80.8,50
1719464572005,80.9,25
1719464572005,80.9,25
1719464572976,80.95,50
1719464573736,81.2,25
1719464574219,81.05,25
1719464575422,81.05,25
1719464575909,80.65,50
1719464576100,80.5,50
1719464577553,81.0,75
1719464577553,81.0,75
1719464578392,80.9,50
1719464578815,81.1,25
1719464578815,81.1,25
1719464579678,81.05,25
1719464579678,81.05,25
1719464579678,81.05,25
1719464581073,80.65,600
1719464582378,80.9,25
1719464583076,80.55,125
1719464583546,80.8,25
1719464583546,80.8,25
1719464585247,80.5,75
1719464585925,80.75,25
1719464585925,80.75,25
1719464587011,80.95,50
1719464587011,80.95,50
1719464588563,80.4,50
1719464589075,79.6,525
1719464589679,79.35,25
1719464590070,79.7,25
1719464590743,79.0,25
1719464591411,78.3,25
1719464592128,77.7,25
1719464592500,77.4,25
1719464593436,77.3,75
1719464594135,77.15,50
1719464594465,77.45,50
1719464595508,78.0,100
1719464595508,78.0,100
1719464595978,77.55,50
1719464597359,77.95,25
1719464597467,78.05,50
1719464598189,77.8,50
1719464599125,77.7,25
1719464599347,77.55,25
1719464600360,77.0,250
1719464600714,77.0,175
1719464601790,75.2,50
1719464602572,74.6,25
1719464602840,74.85,250
1719464603624,74.75,125
1719464604115,74.5,75
1719464604374,74.75,100
1719464605447,74.5,75
1719464605447,74.5,75
1719464606351,74.6,150
1719464607361,72.25,75
1719464607471,72.65,50
1719464608299,72.85,75
1719464609164,72.7,100
1719464609248,72.65,50
1719464610628,71.7,200
1719464610760,71.45,150
1719464610958,71.6,25
1719464611814,69.85,50
1719464611871,69.25,25
1719464611930,68.45,25
1719464611930,68.45,25
1719464612390,67.9,50
1719464612390,67.9,50
1719464612951,64.8,50
1719464612951,64.8,50
1719464613314,62.7,450
1719464613772,61.25,100
1719464613772,61.25,100
1719464613772,61.25,100
1719464619000,68.35,25
1719464614519,63.35,25
1719464616979,67.7,200
1719464616979,67.7,200
1719464618264,67.9,25
1719464622170,68.75,25
1719464622443,68.5,125
1719464623266,69.9,300
1719464624167,69.95,200
1719464624362,69.9,25
1719464625617,71.25,50
1719464625678,71.05,25
1719464626599,71.25,25
1719464627423,70.85,50
1719464627608,70.6,25
1719464628152,71.3,25
1719464629106,73.0,50
1719464629399,73.1,125
1719464630432,72.7,25
1719464630587,73.4,200
1719464631329,72.95,100
1719464632230,73.0,50
1719464632530,72.55,525
1719464633429,72.25,50
1719464634108,71.9,500
1719464634335,71.7,50
1719464635274,70.2,25
1719464635728,70.0,25
1719464636648,69.05,25
1719464637417,68.7,50
1719464637619,68.85,25
1719464638387,69.7,25
1719464638834,69.35,125
1719464639446,69.5,125
1719464640585,69.75,300
1719464640585,69.75,300
1719464640954,69.7,100
1719464641396,69.35,25
1719464642531,69.85,250
1719464643781,70.2,100
1719464644120,70.65,25
1719464644120,70.65,25
1719464645310,70.8,25
1719464645700,70.75,25
1719464646350,70.05,100
1719464647294,71.9,100
1719464647594,71.95,250
1719464648436,72.6,100
1719464649164,72.5,25
1719464649646,72.55,25
1719464650241,71.75,50
1719464650241,71.75,50
1719464651310,70.95,50
1719464652393,70.85,25
1719464652393,70.85,25
1719464653330,71.55,100
1719464654152,70.35,75
1719464654410,70.7,100
1719464655590,70.7,175
1719464655919,71.0,25
1719464656468,70.55,25
1719464657620,70.95,50
1719464657620,70.95,50
1719464658551,71.15,25
1719464659266,71.55,25
1719464659468,72.0,150
1719464660383,72.7,25
1719464660991,72.3,25
1719464661266,72.2,25
1719464661576,72.45,275
1719464662595,72.35,25
1719464663252,71.6,25
1719464664138,71.4,25
1719464664469,70.55,25
1719464665795,71.6,25
1719464666055,71.5,25
1719464666372,71.75,100
1719464667086,71.4,25
1719464667658,71.55,25
1719464668445,71.6,25
1719464668965,71.05,125
1719464669411,71.25,250
1719464670462,72.0,50
1719464671029,72.8,100
1719464671029,72.8,100
1719464672661,72.7,50
1719464672732,72.8,25
1719464673340,72.55,25
1719464674036,72.4,25
1719464674036,72.4,25
1719464675378,72.6,125
1719464675865,72.85,25
1719464676198,72.55,50
1719464677182,72.7,125
1719464677182,72.7,125
1719464678777,72.2,25
1719464679250,72.3,25
1719464679250,72.3,25
1719464680351,71.95,150
1719464680351,71.95,150
1719464681209,71.4,575
1719464682695,72.3,75
1719464683041,71.65,75
1719464684276,72.55,250
1719464684459,72.1,250
1719464685454,72.05,325
1719464686062,72.25,25
1719464686440,72.1,50
1719464687012,71.95,75
1719464687607,71.9,50
1719464688323,71.2,25
1719464689105,72.0,75
1719464689367,72.15,25
1719464690295,71.6,25
1719464691092,71.35,50
1719464691437,71.1,50
1719464692370,71.0,150
1719464692370,71.0,150
1719464693620,71.5,25
1719464694310,70.4,50
1719464694310,70.4,50
1719464695519,70.0,225
1719464695866,70.4,25
1719464696365,70.2,50
1719464697278,70.05,50
1719464697278,70.05,50
1719464698528,69.95,200
1719464699147,69.25,125
1719464699719,69.0,25
1719464700650,69.2,300
1719464701071,68.85,25
1719464701497,68.75,25
1719464702709,68.55,50
1719464702830,68.6,25
1719464703599,68.55,150
1719464703687,68.5,25
1719464704372,68.65,125
1719464705475,68.8,250
1719464705998,69.15,100
1719464706684,69.6,25
1719464707524,69.05,125
1719464707524,69.05,125
1719464708174,68.65,125
1719464709121,69.45,25
1719464709457,69.0,150
1719464710348,69.65,175
1719464710773,69.8,250
1719464711628,69.65,150
1719464712397,70.0,150
1719464712665,70.15,50
1719464713186,70.05,25
1719464714236,69.75,200
1719464714236,69.75,200
1719464715499,71.05,325
1719464715856,71.25,75
1719464715856,71.25,75
1719464717728,70.2,75
1719464718562,70.15,50
1719464719004,70.5,25
1719464719004,70.5,25
1719464720125,70.35,25
1719464721125,69.85,25
1719464721436,70.0,100
1719464722229,69.25,75
1719464722229,69.25,75
1719464723678,68.75,550
1719464724086,69.25,125
1719464724871,69.3,175
1719464725452,69.2,150
1719464726084,68.55,25
1719464726463,68.7,25
1719464727349,68.9,75
1719464727349,68.9,75
1719464728227,68.35,25
1719464729197,68.25,25
1719464730443,69.0,25
1719464730954,69.0,25
1719464731147,68.8,25
1719464731572,69.0,25
1719464731740,68.75,25
1719464732571,68.6,100
1719464733047,69.2,50
1719464734047,69.45,25
1719464734047,69.45,25
1719464734948,68.95,125
1719464736182,68.9,50
1719464736182,68.9,50
1719464737196,68.75,225
1719464737786,68.65,225
1719464738380,69.05,25
1719464739151,69.4,25
1719464739424,69.6,25
1719464740186,68.9,50
1719464741187,69.8,200
1719464741187,69.8,200
1719464742407,69.15,25
1719464742502,69.1,50
1719464743466,69.1,25
1719464744041,69.15,125
1719464744845,69.15,25
1719464745861,69.3,150
1719464745861,69.3,150
1719464746595,69.3,25
1719464746595,69.3,25
1719464748815,69.55,25
1719464749405,70.0,775
1719464749405,70.0,775
1719464750251,69.8,25
1719464751029,69.75,25
1719464751486,70.05,25
1719464752645,69.95,25
1719464752645,69.95,25
1719464753890,70.25,175
1719464754393,70.5,100
1719464754832,70.35,25
1719464756111,70.9,25
1719464756679,71.4,225
1719464757313,71.05,200
1719464757803,71.0,75
1719464758343,71.1,25
1719464759078,71.1,525
1719464759618,71.4,25
1719464760037,71.25,100
1719464760773,70.95,25
1719464761081,71.25,50
1719464761081,71.25,50
1719464761904,71.0,25
1719464762812,70.3,25
1719464763440,70.5,25
1719464764268,70.25,25
1719464764268,70.25,25
1719464765692,69.6,25
1719464766030,69.7,100
1719464766030,69.7,100
1719464767327,70.05,25
1719464767327,70.05,25
1719464768415,70.15,75
1719464769086,70.6,250
1719464770470,71.25,25
1719464770781,71.75,25
1719464770781,71.75,25
1719464772297,71.0,425
1719464772578,71.45,25
1719464773386,71.55,75
1719464774163,71.25,1000
1719464774163,71.25,1000
1719464775208,71.0,25
1719464776218,70.9,50
1719464776218,70.9,50
1719464777307,70.35,125
1719464777307,70.35,125
1719464778359,70.85,25
1719464779492,70.45,25
1719464779534,70.4,25
1719464780076,70.75,25
1719464780595,70.85,125
1719464781470,70.85,25
1719464781805,71.0,75
1719464782751,70.75,25
1719464783365,70.6,25
1719464784408,71.0,100
1719464784618,71.35,25
1719464784618,71.35,25
1719464785796,71.45,50
1719464786775,72.05,350
1719464787117,72.5,325
1719464787793,72.2,100
1719464788243,72.0,25
1719464789509,72.2,25
1719464789594,71.95,25
1719464789594,71.95,25
1719464790641,71.9,150
1719464790641,71.9,150
1719464791840,71.1,300
1719464792203,71.0,50
1719464792761,70.65,25
1719464793509,70.7,25
1719464793708,70.95,50
1719464793708,70.95,50
1719464795538,71.0,25
1719464795904,70.55,100
1719464795904,70.55,100
1719464797106,71.25,25
1719464797106,71.25,25
1719464797935,71.7,25
1719464799369,72.0,25
1719464799369,72.0,25
1719464799369,72.0,25
1719464801762,71.7,25
1719464802149,71.45,50
1719464802793,72.2,25
1719464803505,71.5,25
1719464803505,71.5,25
1719464805003,71.35,50
1719464805003,71.35,50
1719464806637,71.4,25
1719464807649,72.05,50
1719464807813,72.05,50
1719464808163,72.25,25
1719464809308,72.0,500
1719464809589,72.0,25
1719464809589,72.0,25
1719464811255,71.65,150
1719464811255,71.65,150
1719464812374,71.0,25
1719464812374,71.0,25
1719464813254,70.95,100
1719464814497,71.4,175
1719464814646,71.55,25
1719464814762,71.25,25
1719464816248,71.25,25
1719464816248,71.25,25
1719464817507,71.2,100
1719464817832,71.15,100
1719464817964,71.05,200
1719464818624,71.1,25
1719464818624,71.1,25
1719464820071,71.2,50
1719464820071,71.2,50
1719464820071,71.2,50
1719464822672,71.95,25
1719464822672,71.95,25
1719464823428,72.05,25
1719464823920,71.6,25
1719464825406,71.05,25
1719464825406,71.05,25
1719464826406,71.0,25
1719464826719,70.55,75
1719464827720,71.1,100
1719464828224,71.35,25
1719464828911,71.55,300
1719464828911,71.55,300
1719464830665,72.9,25
1719464831319,73.45,25
1719464831420,73.45,175
1719464831951,73.25,25
1719464832807,74.05,100
1719464833598,73.3,25
1719464834504,73.05,150
1719464834504,73.05,150
1719464835522,73.05,25
1719464835856,72.3,200
1719464836746,72.5,25
1719464837301,72.5,100
1719464837301,72.5,100
1719464838511,72.25,150
1719464838931,72.15,150
1719464840140,72.9,150
1719464841301,72.9,25
1719464841584,72.95,25
1719464841584,72.95,25
1719464843009,72.8,100
1719464843248,73.1,75
1719464843248,73.1,75
1719464844735,73.15,25
1719464845401,73.6,50
1719464845401,73.6,50
1719464846598,73.8,25
1719464847414,73.65,25
1719464847685,73.55,25
1719464848284,73.1,75
1719464848834,73.2,100
1719464850487,73.25,25
1719464850830,73.45,25
1719464850830,73.45,25
1719464850830,73.45,25
1719464852303,73.7,50
1719464852956,73.75,25
1719464853652,73.7,25
1719464854340,74.4,25
1719464854646,73.95,25
1719464855911,74.2,25
1719464856489,73.9,50
1719464857370,74.5,25
1719464857902,74.65,200
1719464858543,74.5,125
1719464858574,74.45,25
1719464858574,74.45,25
1719464860292,74.15,25
1719464861243,74.05,25
1719464861504,74.1,25
1719464862363,73.8,50
1719464862952,73.45,50
1719464863502,73.25,125
1719464864170,72.55,25
1719464864170,72.55,25
1719464865309,73.25,25
1719464866238,73.55,100
1719464866407,73.4,25
1719464867381,74.05,25
1719464867381,74.05,25
1719464868302,74.4,25
1719464868726,74.35,75
1719464870561,74.5,50
1719464871259,74.65,25
1719464871259,74.65,25
1719464871576,74.25,25
1719464872776,73.8,50
1719464873376,74.1,25
1719464874349,74.85,25
1719464874349,74.85,25
1719464874903,74.55,25
1719464876277,74.5,25
1719464876654,75.25,125
1719464877137,75.1,425
1719464877872,75.0,50
1719464878610,74.8,250
1719464879593,74.5,50
1719464880183,74.45,25
1719464880999,74.2,25
1719464881067,74.0,125
1719464881520,74.0,250
1719464882404,74.25,25
1719464882404,74.25,25
1719464883947,74.35,75
1719464884516,73.8,25
1719464884620,74.0,250
1719464885448,73.5,25
1719464886331,73.35,350
1719464886331,73.35,350
1719464886937,73.5,100
1719464886937,73.5,100
1719464888407,73.55,150
1719464889546,73.8,50
1719464890737,73.5,25
1719464891299,73.15,300
1719464891299,73.15,300
1719464892501,72.5,25
1719464892501,72.5,25
1719464893586,73.1,25
1719464893586,73.1,25
1719464895405,72.3,100
1719464896414,72.4,100
1719464896414,72.4,100
1719464897119,72.55,100
1719464897119,72.55,100
1719464898192,72.45,50
1719464898864,72.4,275
1719464899803,72.3,25
1719464899803,72.3,25
1719464901340,71.95,25
1719464901340,71.95,25
1719464902416,71.75,175
1719464903063,71.85,25
1719464903349,72.35,25
1719464904809,73.2,75
1719464904809,73.2,75
1719464905500,73.8,25
1719464906106,74.4,250
1719464906106,74.4,250
1719464906106,74.4,250
1719464908393,74.4,75
1719464909384,74.15,350
1719464909384,74.15,350
1719464910310,75.55,50
1719464910704,76.0,25
1719464911173,75.85,150
1719464912135,75.55,50
1719464912721,75.1,50
1719464912721,75.1,50
1719464914033,75.25,75
1719464914666,75.15,25
1719464915544,74.45,25
1719464916020,74.35,250
1719464917750,73.65,100
1719464917886,73.6,25
1719464918503,74.4,25
1719464918503,74.4,25
1719464918503,74.4,25
1719464922144,73.9,125
1719464922144,73.9,125
1719464924765,74.0,25
1719464924765,74.0,25
1719464926117,74.45,25
1719464926525,74.4,25
1719464927473,73.9,250
1719464927473,73.9,250
1719464928677,73.8,75
1719464929894,74.4,100
1719464930326,73.95,25
1719464931290,73.7,25
1719464931290,73.7,25
1719464931909,74.1,50
1719464931909,74.1,50
1719464934128,73.5,25
1719464934261,73.65,25
1719464934261,73.65,25
1719464935586,73.25,25
1719464935586,73.25,25
1719464936540,73.15,125
1719464936802,72.9,100
1719464936802,72.9,100
1719464938487,73.7,25
1719464939352,74.3,25
1719464939861,74.05,150
1719464939861,74.05,150
1719464940818,74.0,125
1719464941285,74.15,150
1719464941888,74.9,25
1719464941888,74.9,25
1719464943572,74.0,25
1719464944640,74.7,50
1719464944640,74.7,50
1719464944980,74.8,175
1719464944980,74.8,175
1719464946952,74.3,25
1719464947062,74.15,25
1719464947767,73.55,25
1719464948584,73.55,100
1719464949519,73.55,50
1719464949730,73.35,250
1719464949771,73.2,25
1719464949771,73.2,25
1719464951587,73.2,100
1719464952606,73.0,25
1719464953083,72.85,25
1719464953554,73.1,100
1719464954501,73.2,25
1719464954501,73.2,25
1719464954795,72.85,100
1719464955786,73.85,25
1719464955786,73.85,25
1719464957332,73.8,25
