time,price,volume
1719461495517,401.8,25
1719461495517,401.8,25
1719461495517,401.8,25
1719461495517,401.8,25
1719461495517,401.8,25
1719461495517,401.8,25
1719461495517,401.8,25
1719461513188,399.9,25
1719461513188,399.9,25
1719461513188,399.9,25
1719461513188,399.9,25
1719461518297,400.0,400
1719461518885,400.0,150
1719461518885,400.0,150
1719461518885,400.0,150
1719461518885,400.0,150
1719461518885,400.0,150
1719461524422,396.8,50
1719461524521,397.2,125
1719461524521,397.2,125
1719461525632,398.75,25
1719461525632,398.75,25
1719461527337,395.0,500
1719461527337,395.0,500
1719461527337,395.0,500
1719461527337,395.0,500
1719461527337,395.0,500
1719461527337,395.0,500
1719461527337,395.0,500
1719461527337,395.0,500
1719461527337,395.0,500
1719461527337,395.0,500
1719461527337,395.0,500
1719461544108,393.2,25
1719461544626,393.15,50
1719461544626,393.15,50
1719461544626,393.15,50
1719461544626,393.15,50
1719461544626,393.15,50
1719461544626,393.15,50
1719461544626,393.15,50
1719461544626,393.15,50
1719461544626,393.15,50
1719461544626,393.15,50
1719461544626,393.15,50
1719461544626,393.15,50
1719461544626,393.15,50
1719461544626,393.15,50
1719461544626,393.15,50
1719461544626,393.15,50
1719461544626,393.15,50
1719461544626,393.15,50
1719461571441,393.95,50
1719461571441,393.95,50
1719461571441,393.95,50
1719461571441,393.95,50
1719461571441,393.95,50
1719461571441,393.95,50
1719461571441,393.95,50
1719461571441,393.95,50
1719461571441,393.95,50
1719461571441,393.95,50
1719461571441,393.95,50
1719461571441,393.95,50
1719461571441,393.95,50
1719461571441,393.95,50
1719461571441,393.95,50
1719461571441,393.95,50
1719461571441,393.95,50
1719461571441,393.95,50
1719461571441,393.95,50
1719461571441,393.95,50
1719461601521,395.0,25
1719461601521,395.0,25
1719461601521,395.0,25
1719461601521,395.0,25
1719461601521,395.0,25
1719461601521,395.0,25
1719461601521,395.0,25
1719461601521,395.0,25
1719461601521,395.0,25
1719461601521,395.0,25
1719461601521,395.0,25
1719461601521,395.0,25
1719461601521,395.0,25
1719461601521,395.0,25
1719461601521,395.0,25
1719461624395,396.0,50
1719461624395,396.0,50
1719461624395,396.0,50
1719461624395,396.0,50
1719461624395,396.0,50
1719461624395,396.0,50
1719461632362,397.45,50
1719461632362,397.45,50
1719461632362,397.45,50
1719461632362,397.45,50
1719461632362,397.45,50
1719461632362,397.45,50
1719461632362,397.45,50
1719461632362,397.45,50
1719461632362,397.45,50
1719461632362,397.45,50
1719461632362,397.45,50
1719461632362,397.45,50
1719461632362,397.45,50
1719461632362,397.45,50
1719461632362,397.45,50
1719461632362,397.45,50
1719461632362,397.45,50
1719461632362,397.45,50
1719461658921,397.0,300
1719461658921,397.0,300
1719461658921,397.0,300
1719461661882,396.0,25
1719461661882,396.0,25
1719461663645,394.8,50
1719461663645,394.8,50
1719461665437,394.7,25
1719461665437,394.7,25
1719461665437,394.7,25
1719461665437,394.7,25
1719461665437,394.7,25
1719461665437,394.7,25
1719461665437,394.7,25
1719461665437,394.7,25
1719461665437,394.7,25
1719461665437,394.7,25
1719461665437,394.7,25
1719461665437,394.7,25
1719461665437,394.7,25
1719461665437,394.7,25
1719461665437,394.7,25
1719461665437,394.7,25
1719461689579,397.9,25
1719461689579,397.9,25
1719461689579,397.9,25
1719461689579,397.9,25
1719461689579,397.9,25
1719461689579,397.9,25
1719461689579,397.9,25
1719461698406,397.95,25
1719461698406,397.95,25
1719461698406,397.95,25
1719461698406,397.95,25
1719461702380,399.8,25
1719461702380,399.8,25
1719461702380,399.8,25
1719461702380,399.8,25
1719461702380,399.8,25
1719461702380,399.8,25
1719461702380,399.8,25
1719461702380,399.8,25
1719461702380,399.8,25
1719461702380,399.8,25
1719461702380,399.8,25
1719461743409,402.3,25
1719461743409,402.3,25
1719461750721,405.75,25
1719461750721,405.75,25
1719461750721,405.75,25
1719461750721,405.75,25
1719461750721,405.75,25
1719461750721,405.75,25
1719461750721,405.75,25
1719461750721,405.75,25
1719461750721,405.75,25
1719461750721,405.75,25
1719461750721,405.75,25
1719461750721,405.75,25
1719461750721,405.75,25
1719461750721,405.75,25
1719461750721,405.75,25
1719461750721,405.75,25
1719461774557,405.0,25
1719461774557,405.0,25
1719461774938,405.95,50
1719461774938,405.95,50
1719461774938,405.95,50
1719461774938,405.95,50
1719461774938,405.95,50
1719461774938,405.95,50
1719461774938,405.95,50
1719461774938,405.95,50
1719461787549,410.65,50
1719461787549,410.65,50
1719461787549,410.65,50
1719461787549,410.65,50
1719461787549,410.65,50
1719461792665,410.3,25
1719461792665,410.3,25
1719461792665,410.3,25
1719461792665,410.3,25
1719461792665,410.3,25
1719461798676,411.25,25
1719461798676,411.25,25
1719461798676,411.25,25
1719461798676,411.25,25
1719461798676,411.25,25
1719461798676,411.25,25
1719461798676,411.25,25
1719461798676,411.25,25
1719461798676,411.25,25
1719461798676,411.25,25
1719461798676,411.25,25
1719461798676,411.25,25
1719461817005,408.05,50
1719461817005,408.05,50
1719461817005,408.05,50
1719461817005,408.05,50
1719461817005,408.05,50
1719461817005,408.05,50
1719461824741,405.95,25
1719461824741,405.95,25
1719461824741,405.95,25
1719461824741,405.95,25
1719461824741,405.95,25
1719461830174,405.95,50
1719461831038,405.0,25
1719461831038,405.0,25
1719461831038,405.0,25
1719461831038,405.0,25
1719461831038,405.0,25
1719461831038,405.0,25
1719461831038,405.0,25
1719461831038,405.0,25
1719461831038,405.0,25
1719461831038,405.0,25
1719461831038,405.0,25
1719461831038,405.0,25
1719461831038,405.0,25
1719461831038,405.0,25
1719461851635,406.3,25
1719461851635,406.3,25
1719461851635,406.3,25
1719461851635,406.3,25
1719461855793,406.25,50
1719461855793,406.25,50
1719461858148,406.6,25
1719461858148,406.6,25
1719461858148,406.6,25
1719461862040,406.35,50
1719461862040,406.35,50
1719461862040,406.35,50
1719461862040,406.35,50
1719461867695,406.35,25
1719461867695,406.35,25
1719461867695,406.35,25
1719461867695,406.35,25
1719461867695,406.35,25
1719461867695,406.35,25
1719461867695,406.35,25
1719461867695,406.35,25
1719461867695,406.35,25
1719461867695,406.35,25
1719461867695,406.35,25
1719461867695,406.35,25
1719461867695,406.35,25
1719461867695,406.35,25
1719461867695,406.35,25
1719461867695,406.35,25
1719461867695,406.35,25
1719461867695,406.35,25
1719461867695,406.35,25
1719461867695,406.35,25
1719461867695,406.35,25
1719461867695,406.35,25
1719461901183,402.45,50
1719461901183,402.45,50
1719461901183,402.45,50
1719461901183,402.45,50
1719461901183,402.45,50
1719461901183,402.45,50
1719461901183,402.45,50
1719461901183,402.45,50
1719461901183,402.45,50
1719461901183,402.45,50
1719461901183,402.45,50
1719461901183,402.45,50
1719461917036,399.8,25
1719461917036,399.8,25
1719461917036,399.8,25
1719461917036,399.8,25
1719461917036,399.8,25
1719461917036,399.8,25
1719461917036,399.8,25
1719461917036,399.8,25
1719461917036,399.8,25
1719461917036,399.8,25
1719461917036,399.8,25
1719461917036,399.8,25
1719461917036,399.8,25
1719461917036,399.8,25
1719461917036,399.8,25
1719461917036,399.8,25
1719461917036,399.8,25
1719461917036,399.8,25
1719461917036,399.8,25
1719461917036,399.8,25
1719461917036,399.8,25
1719461917036,399.8,25
1719461917036,399.8,25
1719461917036,399.8,25
1719461954126,405.65,25
1719461954126,405.65,25
1719461954126,405.65,25
1719461954126,405.65,25
1719461954126,405.65,25
1719461961370,410.0,25
1719461961370,410.0,25
1719461961370,410.0,25
1719461961370,410.0,25
1719461961370,410.0,25
1719461961370,410.0,25
1719461961370,410.0,25
1719461961370,410.0,25
1719461961370,410.0,25
1719461961370,410.0,25
1719461974105,410.0,100
1719461974105,410.0,100
1719461974105,410.0,100
1719461974105,410.0,100
1719461974105,410.0,100
1719461974105,410.0,100
1719461974105,410.0,100
1719461974105,410.0,100
1719461974105,410.0,100
1719461974105,410.0,100
1719461974105,410.0,100
1719461974105,410.0,100
1719461974105,410.0,100
1719461974105,410.0,100
1719461974105,410.0,100
1719461974105,410.0,100
1719461974105,410.0,100
1719461974105,410.0,100
1719461974105,410.0,100
1719461974105,410.0,100
1719461974105,410.0,100
1719461974105,410.0,100
1719461974105,410.0,100
1719461974105,410.0,100
1719461974105,410.0,100
1719461974105,410.0,100
1719462013850,414.35,25
1719462013850,414.35,25
1719462013850,414.35,25
1719462013850,414.35,25
1719462013850,414.35,25
1719462021583,414.8,25
1719462021583,414.8,25
1719462021583,414.8,25
1719462021583,414.8,25
1719462026859,412.05,25
1719462026859,412.05,25
1719462026859,412.05,25
1719462026859,412.05,25
1719462026859,412.05,25
1719462026859,412.05,25
1719462034443,413.1,50
1719462034443,413.1,50
1719462034443,413.1,50
1719462034443,413.1,50
1719462034443,413.1,50
1719462034443,413.1,50
1719462034443,413.1,50
1719462034443,413.1,50
1719462034443,413.1,50
1719462034443,413.1,50
1719462034443,413.1,50
1719462034443,413.1,50
1719462053320,414.8,25
1719462053320,414.8,25
1719462053320,414.8,25
1719462053320,414.8,25
1719462053320,414.8,25
1719462053320,414.8,25
1719462053320,414.8,25
1719462053320,414.8,25
1719462053320,414.8,25
1719462053320,414.8,25
1719462053320,414.8,25
1719462053320,414.8,25
1719462053320,414.8,25
1719462053320,414.8,25
1719462053320,414.8,25
1719462053320,414.8,25
1719462053320,414.8,25
1719462053320,414.8,25
1719462053320,414.8,25
1719462053320,414.8,25
1719462082731,410.0,50
1719462082731,410.0,50
1719462082731,410.0,50
1719462082731,410.0,50
1719462082731,410.0,50
1719462082731,410.0,50
1719462082731,410.0,50
1719462082731,410.0,50
1719462082731,410.0,50
1719462094854,408.5,25
1719462094854,408.5,25
1719462094854,408.5,25
1719462094854,408.5,25
1719462094854,408.5,25
1719462094854,408.5,25
1719462094854,408.5,25
1719462094854,408.5,25
1719462108225,407.85,25
1719462108225,407.85,25
1719462108225,407.85,25
1719462132409,406.5,25
1719462132409,406.5,25
1719462132409,406.5,25
1719462132409,406.5,25
1719462132409,406.5,25
1719462132409,406.5,25
1719462132409,406.5,25
1719462132409,406.5,25
1719462132409,406.5,25
1719462132409,406.5,25
1719462147589,406.15,25
1719462147589,406.15,25
1719462147589,406.15,25
1719462147589,406.15,25
1719462147589,406.15,25
1719462147589,406.15,25
1719462147589,406.15,25
1719462147589,406.15,25
1719462147589,406.15,25
1719462147589,406.15,25
1719462147589,406.15,25
1719462147589,406.15,25
1719462147589,406.15,25
1719462147589,406.15,25
1719462147589,406.15,25
1719462169221,404.0,25
1719462169221,404.0,25
1719462169221,404.0,25
1719462169221,404.0,25
1719462169221,404.0,25
1719462176452,404.9,25
1719462176452,404.9,25
1719462176452,404.9,25
1719462176452,404.9,25
1719462176452,404.9,25
1719462176452,404.9,25
1719462176452,404.9,25
1719462176452,404.9,25
1719462187018,400.35,50
1719462187018,400.35,50
1719462187018,400.35,50
1719462187018,400.35,50
1719462187018,400.35,50
1719462194389,402.6,25
1719462194389,402.6,25
1719462194389,402.6,25
1719462194389,402.6,25
1719462194389,402.6,25
1719462194389,402.6,25
1719462194389,402.6,25
1719462204140,405.0,50
1719462204140,405.0,50
1719462204140,405.0,50
1719462207259,405.3,25
1719462207712,405.35,25
1719462207712,405.35,25
1719462207712,405.35,25
1719462207712,405.35,25
1719462207712,405.35,25
1719462207712,405.35,25
1719462207712,405.35,25
1719462207712,405.35,25
1719462207712,405.35,25
1719462220740,404.65,25
1719462220740,404.65,25
1719462220740,404.65,25
1719462220740,404.65,25
1719462220740,404.65,25
1719462220740,404.65,25
1719462220740,404.65,25
1719462220740,404.65,25
1719462220740,404.65,25
1719462220740,404.65,25
1719462220740,404.65,25
1719462220740,404.65,25
1719462239666,402.85,25
1719462239666,402.85,25
1719462239666,402.85,25
1719462239666,402.85,25
1719462239666,402.85,25
1719462239666,402.85,25
1719462239666,402.85,25
1719462239666,402.85,25
1719462239666,402.85,25
1719462239666,402.85,25
1719462239666,402.85,25
1719462239666,402.85,25
1719462239666,402.85,25
1719462239666,402.85,25
1719462239666,402.85,25
1719462239666,402.85,25
1719462239666,402.85,25
1719462239666,402.85,25
1719462239666,402.85,25
1719462239666,402.85,25
1719462239666,402.85,25
1719462239666,402.85,25
1719462272293,406.45,25
1719462272293,406.45,25
1719462272293,406.45,25
1719462272293,406.45,25
1719462272293,406.45,25
1719462272293,406.45,25
1719462272293,406.45,25
1719462272293,406.45,25
1719462272293,406.45,25
1719462272293,406.45,25
1719462272293,406.45,25
1719462272293,406.45,25
1719462272293,406.45,25
1719462272293,406.45,25
1719462272293,406.45,25
1719462272293,406.45,25
1719462272293,406.45,25
1719462272293,406.45,25
1719462272293,406.45,25
1719462272293,406.45,25
1719462272293,406.45,25
1719462272293,406.45,25
1719462272293,406.45,25
1719462272293,406.45,25
1719462272293,406.45,25
1719462272293,406.45,25
1719462272293,406.45,25
1719462272293,406.45,25
1719462272293,406.45,25
1719462317585,413.35,25
1719462318653,412.25,25
1719462318653,412.25,25
1719462318653,412.25,25
1719462318653,412.25,25
1719462318653,412.25,25
1719462318653,412.25,25
1719462325974,411.4,25
1719462325974,411.4,25
1719462325974,411.4,25
1719462325974,411.4,25
1719462325974,411.4,25
1719462325974,411.4,25
1719462325974,411.4,25
1719462325974,411.4,25
1719462325974,411.4,25
1719462325974,411.4,25
1719462325974,411.4,25
1719462325974,411.4,25
1719462325974,411.4,25
1719462325974,411.4,25
1719462325974,411.4,25
1719462325974,411.4,25
1719462325974,411.4,25
1719462325974,411.4,25
1719462325974,411.4,25
1719462325974,411.4,25
1719462325974,411.4,25
1719462325974,411.4,25
1719462325974,411.4,25
1719462325974,411.4,25
1719462325974,411.4,25
1719462325974,411.4,25
1719462325974,411.4,25
1719462325974,411.4,25
1719462325974,411.4,25
1719462325974,411.4,25
1719462325974,411.4,25
1719462325974,411.4,25
1719462375770,410.4,50
1719462375770,410.4,50
1719462375770,410.4,50
1719462375770,410.4,50
1719462375770,410.4,50
1719462375770,410.4,50
1719462375770,410.4,50
1719462375770,410.4,50
1719462375770,410.4,50
1719462375770,410.4,50
1719462375770,410.4,50
1719462390759,408.35,25
1719462390759,408.35,25
1719462390759,408.35,25
1719462390759,408.35,25
1719462397186,412.0,25
1719462397186,412.0,25
1719462397186,412.0,25
1719462400663,416.95,50
1719462400663,416.95,50
1719462400663,416.95,50
1719462400663,416.95,50
1719462400663,416.95,50
1719462407812,420.0,150
1719462408082,420.0,75
1719462408082,420.0,75
1719462408082,420.0,75
1719462411887,424.3,25
1719462411887,424.3,25
1719462411887,424.3,25
1719462414349,423.35,50
1719462414644,422.4,50
1719462415359,425.0,50
1719462415359,425.0,50
1719462415359,425.0,50
1719462415359,425.0,50
1719462415359,425.0,50
1719462415359,425.0,50
1719462421899,433.9,25
1719462421899,433.9,25
1719462421899,433.9,25
1719462424891,431.0,25
1719462424891,431.0,25
1719462426517,430.45,25
1719462426870,431.4,25
1719462426870,431.4,25
1719462428141,429.4,25
1719462428899,429.0,25
1719462428899,429.0,25
1719462428899,429.0,25
1719462431924,430.8,150
1719462431924,430.8,150
1719462433810,429.85,25
1719462433810,429.85,25
1719462433810,429.85,25
1719462433810,429.85,25
1719462433810,429.85,25
1719462440863,429.85,25
1719462440863,429.85,25
1719462440863,429.85,25
1719462440863,429.85,25
1719462440863,429.85,25
1719462440863,429.85,25
1719462440863,429.85,25
1719462440863,429.85,25
1719462440863,429.85,25
1719462440863,429.85,25
1719462440863,429.85,25
1719462457309,431.35,25
1719462457309,431.35,25
1719462457309,431.35,25
1719462457309,431.35,25
1719462457309,431.35,25
1719462465129,432.8,25
1719462465129,432.8,25
1719462465129,432.8,25
1719462465129,432.8,25
1719462465129,432.8,25
1719462465129,432.8,25
1719462472516,441.95,25
1719462472516,441.95,25
1719462474205,440.75,25
1719462474205,440.75,25
1719462474205,440.75,25
1719462478507,441.3,25
1719462478507,441.3,25
1719462480014,441.5,25
1719462480014,441.5,25
1719462481078,445.0,350
1719462481078,445.0,350
1719462481078,445.0,350
1719462485481,445.8,25
1719462485481,445.8,25
1719462485481,445.8,25
1719462485481,445.8,25
1719462485481,445.8,25
1719462485481,445.8,25
1719462485481,445.8,25
1719462485481,445.8,25
1719462485481,445.8,25
1719462485481,445.8,25
1719462485481,445.8,25
1719462485481,445.8,25
1719462485481,445.8,25
1719462485481,445.8,25
1719462505785,445.6,75
1719462506254,446.1,25
1719462507166,446.55,50
1719462507272,446.7,50
1719462507272,446.7,50
1719462508880,445.75,25
1719462508880,445.75,25
1719462508880,445.75,25
1719462508880,445.75,25
1719462508880,445.75,25
1719462508880,445.75,25
1719462508880,445.75,25
1719462508880,445.75,25
1719462508880,445.75,25
1719462508880,445.75,25
1719462508880,445.75,25
1719462508880,445.75,25
1719462508880,445.75,25
1719462508880,445.75,25
1719462508880,445.75,25
1719462529224,442.9,25
1719462530209,442.1,25
1719462530604,442.05,25
1719462530604,442.05,25
1719462530604,442.05,25
1719462530604,442.05,25
1719462530604,442.05,25
1719462530604,442.05,25
1719462537658,442.65,25
1719462537658,442.65,25
1719462537658,442.65,25
1719462537658,442.65,25
1719462537658,442.65,25
1719462537658,442.65,25
1719462537658,442.65,25
1719462537658,442.65,25
1719462537658,442.65,25
1719462537658,442.65,25
1719462537658,442.65,25
1719462537658,442.65,25
1719462555112,446.0,25
1719462555112,446.0,25
1719462555112,446.0,25
1719462557927,447.7,50
1719462557927,447.7,50
1719462557927,447.7,50
1719462557927,447.7,50
1719462557927,447.7,50
1719462557927,447.7,50
1719462557927,447.7,50
1719462557927,447.7,50
1719462557927,447.7,50
1719462557927,447.7,50
1719462571463,447.7,50
1719462571463,447.7,50
1719462571463,447.7,50
1719462571463,447.7,50
1719462571463,447.7,50
1719462571463,447.7,50
1719462571463,447.7,50
1719462571463,447.7,50
1719462571463,447.7,50
1719462571463,447.7,50
1719462571463,447.7,50
1719462571463,447.7,50
1719462571463,447.7,50
1719462571463,447.7,50
1719462593771,446.2,100
1719462593771,446.2,100
1719462593771,446.2,100
1719462593771,446.2,100
1719462593771,446.2,100
1719462600244,448.0,50
1719462600244,448.0,50
1719462601403,450.0,25
1719462602105,449.65,25
1719462602577,449.1,50
1719462603152,449.0,50
1719462603152,449.0,50
1719462605286,447.0,50
1719462605286,447.0,50
1719462606704,446.0,25
1719462606704,446.0,25
1719462608797,447.75,25
1719462608797,447.75,25
1719462608797,447.75,25
1719462611580,446.4,50
1719462611580,446.4,50
1719462611580,446.4,50
1719462614609,447.4,50
1719462614947,447.7,25
1719462614947,447.7,25
1719462616262,447.05,25
1719462616751,447.7,25
1719462616751,447.7,25
1719462616751,447.7,25
1719462616751,447.7,25
1719462621066,445.15,100
1719462621066,445.15,100
1719462623153,443.9,25
1719462623153,443.9,25
1719462624956,443.35,100
1719462624956,443.35,100
1719462626815,444.5,50
1719462626815,444.5,50
1719462628186,445.85,100
1719462628186,445.85,100
1719462628186,445.85,100
1719462628186,445.85,100
1719462628186,445.85,100
1719462628186,445.85,100
1719462628186,445.85,100
1719462628186,445.85,100
1719462628186,445.85,100
1719462639442,448.1,50
1719462639442,448.1,50
1719462639442,448.1,50
1719462639442,448.1,50
1719462644902,448.0,25
1719462644902,448.0,25
1719462644902,448.0,25
1719462647828,449.75,25
1719462647828,449.75,25
1719462647828,449.75,25
1719462647828,449.75,25
1719462647828,449.75,25
1719462647828,449.75,25
1719462647828,449.75,25
1719462647828,449.75,25
1719462647828,449.75,25
1719462647828,449.75,25
1719462647828,449.75,25
1719462703819,459.25,25
1719462703819,459.25,25
1719462703819,459.25,25
1719462703819,459.25,25
1719462703819,459.25,25
1719462713749,462.85,25
1719462713749,462.85,25
1719462713749,462.85,25
1719462713749,462.85,25
1719462713749,462.85,25
1719462713749,462.85,25
1719462713749,462.85,25
1719462722300,468.4,75
1719462722300,468.4,75
1719462722300,468.4,75
1719462722300,468.4,75
1719462722300,468.4,75
1719462730462,468.55,250
1719462730462,468.55,250
1719462731646,469.25,25
1719462731646,469.25,25
1719462731646,469.25,25
1719462734868,469.5,50
1719462734868,469.5,50
1719462734868,469.5,50
1719462734868,469.5,50
1719462734868,469.5,50
1719462734868,469.5,50
1719462734868,469.5,50
1719462734868,469.5,50
1719462734868,469.5,50
1719462734868,469.5,50
1719462734868,469.5,50
1719462734868,469.5,50
1719462752249,466.65,25
1719462752249,466.65,25
1719462752804,467.0,50
1719462752804,467.0,50
1719462752804,467.0,50
1719462756739,467.85,50
1719462756739,467.85,50
1719462756739,467.85,50
1719462759759,467.6,50
1719462759759,467.6,50
1719462759759,467.6,50
1719462759759,467.6,50
1719462759759,467.6,50
1719462759759,467.6,50
1719462769029,467.6,25
1719462769319,467.3,25
1719462769319,467.3,25
1719462769319,467.3,25
1719462769319,467.3,25
1719462769319,467.3,25
1719462769319,467.3,25
1719462769319,467.3,25
1719462769319,467.3,25
1719462769319,467.3,25
1719462769319,467.3,25
1719462783294,474.5,25
1719462784414,475.75,25
1719462784414,475.75,25
1719462784414,475.75,25
1719462788477,474.0,50
1719462788477,474.0,50
1719462788477,474.0,50
1719462788477,474.0,50
1719462788477,474.0,50
1719462788477,474.0,50
1719462797090,473.75,100
1719462797090,473.75,100
1719462799055,472.35,100
1719462799055,472.35,100
1719462800150,474.0,25
1719462800150,474.0,25
1719462800150,474.0,25
1719462800150,474.0,25
1719462800150,474.0,25
1719462807629,472.05,25
1719462807629,472.05,25
1719462807629,472.05,25
1719462810680,471.45,25
1719462810680,471.45,25
1719462812255,468.55,100
1719462812523,468.05,100
1719462812882,468.35,100
1719462812882,468.35,100
1719462815889,467.85,100
1719462815889,467.85,100
1719462815889,467.85,100
1719462817798,468.2,100
1719462817798,468.2,100
1719462817798,468.2,100
1719462817798,468.2,100
1719462817798,468.2,100
1719462817798,468.2,100
1719462817798,468.2,100
1719462817798,468.2,100
1719462817798,468.2,100
1719462832722,468.1,50
1719462832722,468.1,50
1719462832722,468.1,50
1719462832722,468.1,50
1719462839207,467.55,25
1719462839207,467.55,25
1719462839207,467.55,25
1719462839207,467.55,25
1719462839207,467.55,25
1719462839207,467.55,25
1719462839207,467.55,25
1719462839207,467.55,25
1719462850953,468.25,200
1719462850953,468.25,200
1719462850953,468.25,200
1719462850953,468.25,200
1719462850953,468.25,200
1719462850953,468.25,200
1719462850953,468.25,200
1719462850953,468.25,200
1719462861768,468.95,200
1719462861768,468.95,200
1719462861768,468.95,200
1719462861768,468.95,200
1719462861768,468.95,200
1719462869088,469.65,100
1719462869088,469.65,100
1719463133955,472.3,25
1719463133955,472.3,25
1719463133955,472.3,25
1719463295088,479.9,25
1719463322485,481.4,25
1719463322485,481.4,25
1719463322485,481.4,25
1719463322485,481.4,25
1719463328067,479.9,25
1719463328067,479.9,25
1719463328067,479.9,25
1719463328067,479.9,25
1719463328067,479.9,25
1719463328067,479.9,25
1719463328067,479.9,25
1719463328067,479.9,25
1719463328067,479.9,25
1719463328067,479.9,25
1719463328067,479.9,25
1719463328067,479.9,25
1719463328067,479.9,25
1719463346746,479.75,50
1719463346746,479.75,50
1719463346746,479.75,50
1719463346746,479.75,50
1719463346746,479.75,50
1719463346746,479.75,50
1719463346746,479.75,50
1719463346746,479.75,50
1719463357013,483.0,50
1719463357013,483.0,50
1719463357013,483.0,50
1719463357013,483.0,50
1719463357013,483.0,50
1719463364329,484.85,25
1719463364329,484.85,25
1719463364329,484.85,25
1719463364329,484.85,25
1719463364329,484.85,25
1719463364329,484.85,25
1719463364329,484.85,25
1719463373822,485.0,25
1719463373822,485.0,25
1719463373822,485.0,25
1719463373822,485.0,25
1719463380063,482.2,25
1719463380063,482.2,25
1719463380063,482.2,25
1719463380063,482.2,25
1719463380063,482.2,25
1719463380063,482.2,25
1719463380063,482.2,25
1719463380063,482.2,25
1719463391297,480.2,25
1719463391297,480.2,25
1719463391297,480.2,25
1719463391297,480.2,25
1719463391297,480.2,25
1719463391297,480.2,25
1719463399151,478.6,75
1719463399151,478.6,75
1719463401155,478.3,50
1719463401155,478.3,50
1719463403170,478.5,75
1719463403170,478.5,75
1719463403170,478.5,75
1719463405174,478.75,100
1719463405174,478.75,100
1719463407107,475.5,100
1719463407163,474.6,100
1719463407163,474.6,100
1719463409745,474.4,250
1719463409745,474.4,250
1719463409745,474.4,250
1719463410443,472.45,75
1719463410443,472.45,75
1719463410443,472.45,75
1719463410443,472.45,75
1719463410443,472.45,75
1719463410443,472.45,75
1719463410443,472.45,75
1719463410443,472.45,75
1719463410443,472.45,75
1719463410443,472.45,75
1719463410443,472.45,75
1719463410443,472.45,75
1719463428548,464.45,100
1719463429115,464.45,100
1719463431219,467.4,50
1719463431219,467.4,50
1719463431219,467.4,50
1719463431219,467.4,50
1719463431219,467.4,50
1719463431219,467.4,50
1719463431219,467.4,50
1719463440190,464.55,25
1719463440190,464.55,25
1719463440190,464.55,25
1719463440190,464.55,25
1719463440190,464.55,25
1719463440190,464.55,25
1719463440190,464.55,25
1719463440190,464.55,25
1719463440190,464.55,25
1719463453435,467.95,25
1719463453435,467.95,25
1719463453435,467.95,25
1719463453435,467.95,25
1719463453435,467.95,25
1719463453435,467.95,25
1719463453435,467.95,25
1719463453435,467.95,25
1719463453435,467.95,25
1719463453435,467.95,25
1719463453435,467.95,25
1719463470256,470.5,25
1719463470256,470.5,25
1719463470256,470.5,25
1719463470256,470.5,25
1719463470256,470.5,25
1719463470256,470.5,25
1719463470256,470.5,25
1719463470256,470.5,25
1719463483279,467.55,50
1719463484799,467.65,50
1719463484799,467.65,50
1719463484799,467.65,50
1719463484799,467.65,50
1719463484799,467.65,50
1719463484799,467.65,50
1719463484799,467.65,50
1719463484799,467.65,50
1719463484799,467.65,50
1719463484799,467.65,50
1719463484799,467.65,50
1719463484799,467.65,50
1719463484799,467.65,50
1719463484799,467.65,50
1719463484799,467.65,50
1719463484799,467.65,50
1719463484799,467.65,50
1719463484799,467.65,50
1719463484799,467.65,50
1719463515244,465.2,25
1719463515244,465.2,25
1719463515244,465.2,25
1719463518984,464.3,25
1719463518984,464.3,25
1719463518984,464.3,25
1719463518984,464.3,25
1719463518984,464.3,25
1719463518984,464.3,25
1719463518984,464.3,25
1719463518984,464.3,25
1719463530342,470.0,375
1719463530342,470.0,375
1719463530342,470.0,375
1719463532115,473.0,25
1719463532115,473.0,25
1719463532115,473.0,25
1719463532115,473.0,25
1719463532115,473.0,25
1719463532115,473.0,25
1719463532115,473.0,25
1719463542789,474.4,50
1719463542789,474.4,50
1719463542789,474.4,50
1719463542789,474.4,50
1719463542789,474.4,50
1719463542789,474.4,50
1719463542789,474.4,50
1719463542789,474.4,50
1719463542789,474.4,50
1719463542789,474.4,50
1719463542789,474.4,50
1719463542789,474.4,50
1719463542789,474.4,50
1719463542789,474.4,50
1719463542789,474.4,50
1719463542789,474.4,50
1719463542789,474.4,50
1719463542789,474.4,50
1719463542789,474.4,50
1719463542789,474.4,50
1719463542789,474.4,50
1719463542789,474.4,50
1719463542789,474.4,50
1719463542789,474.4,50
1719463579828,469.3,100
1719463579828,469.3,100
1719463579828,469.3,100
1719463579828,469.3,100
1719463579828,469.3,100
1719463579828,469.3,100
1719463579828,469.3,100
1719463579828,469.3,100
1719463579828,469.3,100
1719463579828,469.3,100
1719463592213,468.3,25
1719463592213,468.3,25
1719463592213,468.3,25
1719463592213,468.3,25
1719463597235,467.2,25
1719463597235,467.2,25
1719463597235,467.2,25
1719463597235,467.2,25
1719463597235,467.2,25
1719463597235,467.2,25
1719463597235,467.2,25
1719463597235,467.2,25
1719463597235,467.2,25
1719463597235,467.2,25
1719463597235,467.2,25
1719463597235,467.2,25
1719463597235,467.2,25
1719463597235,467.2,25
1719463597235,467.2,25
1719463597235,467.2,25
1719463597235,467.2,25
1719463597235,467.2,25
1719463597235,467.2,25
1719463597235,467.2,25
1719463597235,467.2,25
1719463597235,467.2,25
1719463597235,467.2,25
1719463597235,467.2,25
1719463597235,467.2,25
1719463597235,467.2,25
1719463597235,467.2,25
1719463597235,467.2,25
1719463597235,467.2,25
1719463597235,467.2,25
1719463644585,472.1,25
1719463644585,472.1,25
1719463644585,472.1,25
1719463644585,472.1,25
1719463644585,472.1,25
1719463644585,472.1,25
1719463644585,472.1,25
1719463644585,472.1,25
1719463644585,472.1,25
1719463644585,472.1,25
1719463644585,472.1,25
1719463644585,472.1,25
1719463644585,472.1,25
1719463662567,468.75,25
1719463662567,468.75,25
1719463662567,468.75,25
1719463662567,468.75,25
1719463662567,468.75,25
1719463662567,468.75,25
1719463662567,468.75,25
1719463662567,468.75,25
1719463662567,468.75,25
1719463662567,468.75,25
1719463662567,468.75,25
1719463662567,468.75,25
1719463662567,468.75,25
1719463662567,468.75,25
1719463662567,468.75,25
1719463662567,468.75,25
1719463662567,468.75,25
1719463662567,468.75,25
1719463662567,468.75,25
1719463662567,468.75,25
1719463662567,468.75,25
1719463662567,468.75,25
1719463662567,468.75,25
1719463662567,468.75,25
1719463662567,468.75,25
1719463703312,469.5,25
1719463703312,469.5,25
1719463703312,469.5,25
1719463703312,469.5,25
1719463703312,469.5,25
1719463703312,469.5,25
1719463703312,469.5,25
1719463703312,469.5,25
1719463703312,469.5,25
1719463703312,469.5,25
1719463703312,469.5,25
1719463703312,469.5,25
1719463703312,469.5,25
1719463703312,469.5,25
1719463703312,469.5,25
1719463703312,469.5,25
1719463703312,469.5,25
1719463703312,469.5,25
1719463703312,469.5,25
1719463703312,469.5,25
1719463703312,469.5,25
1719463703312,469.5,25
1719463703312,469.5,25
1719463703312,469.5,25
1719463703312,469.5,25
1719463703312,469.5,25
1719463703312,469.5,25
1719463703312,469.5,25
1719463703312,469.5,25
1719463703312,469.5,25
1719463703312,469.5,25
1719463703312,469.5,25
1719463703312,469.5,25
1719463703312,469.5,25
1719463703312,469.5,25
1719463758134,473.9,25
1719463758134,473.9,25
1719463758134,473.9,25
1719463758134,473.9,25
1719463758134,473.9,25
1719463758134,473.9,25
1719463758134,473.9,25
1719463758134,473.9,25
1719463758134,473.9,25
1719463758134,473.9,25
1719463758134,473.9,25
1719463758134,473.9,25
1719463758134,473.9,25
1719463758134,473.9,25
1719463758134,473.9,25
1719463758134,473.9,25
1719463758134,473.9,25
1719463758134,473.9,25
1719463758134,473.9,25
1719463758134,473.9,25
1719463758134,473.9,25
1719463758134,473.9,25
1719463758134,473.9,25
1719463758134,473.9,25
1719463758134,473.9,25
1719463758134,473.9,25
1719463758134,473.9,25
1719463758134,473.9,25
1719463758134,473.9,25
1719463758134,473.9,25
1719463758134,473.9,25
1719463758134,473.9,25
1719463758134,473.9,25
1719463758134,473.9,25
1719463758134,473.9,25
1719463758134,473.9,25
1719463758134,473.9,25
1719463758134,473.9,25
1719463758134,473.9,25
1719463758134,473.9,25
1719463758134,473.9,25
1719463825117,476.75,25
1719463825117,476.75,25
1719463825117,476.75,25
1719463825117,476.75,25
1719463825117,476.75,25
1719463825117,476.75,25
1719463825117,476.75,25
1719463825117,476.75,25
1719463825117,476.75,25
1719463836577,474.9,25
1719463836577,474.9,25
1719463836577,474.9,25
1719463836577,474.9,25
1719463836577,474.9,25
1719463843009,473.0,25
1719463843009,473.0,25
1719463843009,473.0,25
1719463843009,473.0,25
1719463843009,473.0,25
1719463849913,472.6,25
1719463849913,472.6,25
1719463849913,472.6,25
1719463853349,471.2,25
1719463853349,471.2,25
1719463853349,471.2,25
1719463853349,471.2,25
1719463853349,471.2,25
1719463853349,471.2,25
1719463853349,471.2,25
1719463853349,471.2,25
1719463863340,475.6,25
1719463863340,475.6,25
1719463863340,475.6,25
1719463863340,475.6,25
1719463863340,475.6,25
1719463863340,475.6,25
1719463863340,475.6,25
1719463863340,475.6,25
1719463863340,475.6,25
1719463863340,475.6,25
1719463863340,475.6,25
1719463863340,475.6,25
1719463863340,475.6,25
1719463863340,475.6,25
1719463863340,475.6,25
1719463863340,475.6,25
1719463863340,475.6,25
1719463863340,475.6,25
1719463863340,475.6,25
1719463863340,475.6,25
1719463863340,475.6,25
1719463863340,475.6,25
1719463863340,475.6,25
1719463863340,475.6,25
1719463863340,475.6,25
1719463863340,475.6,25
1719463863340,475.6,25
1719463863340,475.6,25
1719463863340,475.6,25
1719463863340,475.6,25
1719463863340,475.6,25
1719463863340,475.6,25
1719463863340,475.6,25
1719463863340,475.6,25
1719463863340,475.6,25
1719463863340,475.6,25
1719463863340,475.6,25
1719463921395,473.2,50
1719463921395,473.2,50
1719463921395,473.2,50
1719463921395,473.2,50
1719463921395,473.2,50
1719463921395,473.2,50
1719463921395,473.2,50
1719463921395,473.2,50
1719463921395,473.2,50
1719463935509,479.9,25
1719463935509,479.9,25
1719463935509,479.9,25
1719463935509,479.9,25
1719463935509,479.9,25
1719463935509,479.9,25
1719463935509,479.9,25
1719463935509,479.9,25
1719463935509,479.9,25
1719463935509,479.9,25
1719463935509,479.9,25
1719463935509,479.9,25
1719463935509,479.9,25
1719463956000,475.5,25
1719463956000,475.5,25
1719463956000,475.5,25
1719463956000,475.5,25
1719463956000,475.5,25
1719463956000,475.5,25
1719463956000,475.5,25
1719463956000,475.5,25
1719463956000,475.5,25
1719463956000,475.5,25
1719463956000,475.5,25
1719463956000,475.5,25
1719463956000,475.5,25
1719463956000,475.5,25
1719463956000,475.5,25
1719463956000,475.5,25
1719463956000,475.5,25
1719463956000,475.5,25
1719463956000,475.5,25
1719463956000,475.5,25
1719463956000,475.5,25
1719463956000,475.5,25
1719463956000,475.5,25
1719463956000,475.5,25
1719463956000,475.5,25
1719463994243,473.7,25
1719463994243,473.7,25
1719463994243,473.7,25
1719463994243,473.7,25
1719464000760,471.6,50
1719464000760,471.6,50
1719464000760,471.6,50
1719464004711,472.8,25
1719464004711,472.8,25
1719464004711,472.8,25
1719464004711,472.8,25
1719464004711,472.8,25
1719464004711,472.8,25
1719464004711,472.8,25
1719464004711,472.8,25
1719464004711,472.8,25
1719464004711,472.8,25
1719464004711,472.8,25
1719464004711,472.8,25
1719464004711,472.8,25
1719464004711,472.8,25
1719464004711,472.8,25
1719464004711,472.8,25
1719464004711,472.8,25
1719464004711,472.8,25
1719464004711,472.8,25
1719464004711,472.8,25
1719464004711,472.8,25
1719464004711,472.8,25
1719464004711,472.8,25
1719464004711,472.8,25
1719464004711,472.8,25
1719464004711,472.8,25
1719464004711,472.8,25
1719464004711,472.8,25
1719464004711,472.8,25
1719464004711,472.8,25
1719464004711,472.8,25
1719464004711,472.8,25
1719464004711,472.8,25
1719464004711,472.8,25
1719464004711,472.8,25
1719464004711,472.8,25
1719464004711,472.8,25
1719464004711,472.8,25
1719464004711,472.8,25
1719464004711,472.8,25
1719464004711,472.8,25
1719464004711,472.8,25
1719464004711,472.8,25
1719464004711,472.8,25
1719464004711,472.8,25
1719464004711,472.8,25
1719464004711,472.8,25
1719464004711,472.8,25
1719464004711,472.8,25
1719464004711,472.8,25
1719464004711,472.8,25
1719464004711,472.8,25
1719464004711,472.8,25
1719464004711,472.8,25
1719464004711,472.8,25
1719464004711,472.8,25
1719464004711,472.8,25
1719464004711,472.8,25
1719464004711,472.8,25
1719464004711,472.8,25
1719464004711,472.8,25
1719464004711,472.8,25
1719464004711,472.8,25
1719464004711,472.8,25
1719464004711,472.8,25
1719464004711,472.8,25
1719464004711,472.8,25
1719464004711,472.8,25
1719464004711,472.8,25
1719464004711,472.8,25
1719464004711,472.8,25
1719464004711,472.8,25
1719464004711,472.8,25
1719464004711,472.8,25
1719464004711,472.8,25
1719464004711,472.8,25
1719464004711,472.8,25
1719464004711,472.8,25
1719464004711,472.8,25
1719464004711,472.8,25
1719464004711,472.8,25
1719464004711,472.8,25
1719464004711,472.8,25
1719464004711,472.8,25
1719464004711,472.8,25
1719464004711,472.8,25
1719464004711,472.8,25
1719464147160,468.2,75
1719464147160,468.2,75
1719464147160,468.2,75
1719464147160,468.2,75
1719464147160,468.2,75
1719464147160,468.2,75
1719464147160,468.2,75
1719464147160,468.2,75
1719464147160,468.2,75
1719464147160,468.2,75
1719464147160,468.2,75
1719464147160,468.2,75
1719464147160,468.2,75
1719464147160,468.2,75
1719464147160,468.2,75
1719464147160,468.2,75
1719464147160,468.2,75
1719464147160,468.2,75
1719464147160,468.2,75
1719464147160,468.2,75
1719464147160,468.2,75
1719464147160,468.2,75
1719464147160,468.2,75
1719464147160,468.2,75
1719464147160,468.2,75
1719464147160,468.2,75
1719464147160,468.2,75
1719464147160,468.2,75
1719464147160,468.2,75
1719464147160,468.2,75
1719464147160,468.2,75
1719464147160,468.2,75
1719464147160,468.2,75
1719464147160,468.2,75
1719464147160,468.2,75
1719464147160,468.2,75
1719464147160,468.2,75
1719464147160,468.2,75
1719464147160,468.2,75
1719464147160,468.2,75
1719464147160,468.2,75
1719464147160,468.2,75
1719464147160,468.2,75
1719464147160,468.2,75
1719464147160,468.2,75
1719464219027,472.8,50
1719464219027,472.8,50
1719464219027,472.8,50
1719464219027,472.8,50
1719464219027,472.8,50
1719464219027,472.8,50
1719464219027,472.8,50
1719464219027,472.8,50
1719464219027,472.8,50
1719464219027,472.8,50
1719464219027,472.8,50
1719464219027,472.8,50
1719464237168,478.25,25
1719464237168,478.25,25
1719464239137,478.55,25
1719464239137,478.55,25
1719464241647,478.6,25
1719464241647,478.6,25
1719464244232,478.5,25
1719464244232,478.5,25
1719464244232,478.5,25
1719464246130,478.6,25
1719464246937,480.0,75
1719464246937,480.0,75
1719464249693,483.1,50
1719464250257,481.55,50
1719464250257,481.55,50
1719464250257,481.55,50
1719464252450,484.45,25
1719464252450,484.45,25
1719464254058,485.0,25
1719464254376,486.35,25
1719464254981,486.0,50
1719464254981,486.0,50
1719464256621,484.6,25
1719464256621,484.6,25
1719464256621,484.6,25
1719464259513,485.8,25
1719464259513,485.8,25
1719464261613,483.95,25
1719464261613,483.95,25
1719464261613,483.95,25
1719464261613,483.95,25
1719464261613,483.95,25
1719464268547,485.8,25
1719464268547,485.8,25
1719464268547,485.8,25
1719464268547,485.8,25
1719464273059,485.5,25
1719464273059,485.5,25
1719464273059,485.5,25
1719464273059,485.5,25
1719464273059,485.5,25
1719464273059,485.5,25
1719464273059,485.5,25
1719464273059,485.5,25
1719464273059,485.5,25
1719464273059,485.5,25
1719464273059,485.5,25
1719464273059,485.5,25
1719464273059,485.5,25
1719464291331,484.75,25
1719464291331,484.75,25
1719464291331,484.75,25
1719464291331,484.75,25
1719464291331,484.75,25
1719464291331,484.75,25
1719464300500,487.7,25
1719464300500,487.7,25
1719464302555,487.3,25
1719464302555,487.3,25
1719464302555,487.3,25
1719464302555,487.3,25
1719464302555,487.3,25
1719464302555,487.3,25
1719464302555,487.3,25
1719464302555,487.3,25
1719464302555,487.3,25
1719464302555,487.3,25
1719464315358,492.3,25
1719464315358,492.3,25
1719464315358,492.3,25
1719464315358,492.3,25
1719464315358,492.3,25
1719464315358,492.3,25
1719464315358,492.3,25
1719464315358,492.3,25
1719464315358,492.3,25
1719464315358,492.3,25
1719464315358,492.3,25
1719464315358,492.3,25
1719464315358,492.3,25
1719464315358,492.3,25
1719464315358,492.3,25
1719464315358,492.3,25
1719464315358,492.3,25
1719464315358,492.3,25
1719464315358,492.3,25
1719464315358,492.3,25
1719464315358,492.3,25
1719464346707,491.0,25
1719464346707,491.0,25
1719464346707,491.0,25
1719464346707,491.0,25
1719464346707,491.0,25
1719464346707,491.0,25
1719464346707,491.0,25
1719464346707,491.0,25
1719464346707,491.0,25
1719464346707,491.0,25
1719464346707,491.0,25
1719464346707,491.0,25
1719464346707,491.0,25
1719464367182,491.7,25
1719464367182,491.7,25
1719464367182,491.7,25
1719464369815,491.25,75
1719464370154,491.15,25
1719464370154,491.15,25
1719464372304,491.3,25
1719464372304,491.3,25
1719464372304,491.3,25
1719464372304,491.3,25
1719464372304,491.3,25
1719464372304,491.3,25
1719464372304,491.3,25
1719464372304,491.3,25
1719464372304,491.3,25
1719464372304,491.3,25
1719464372304,491.3,25
1719464372304,491.3,25
1719464372304,491.3,25
1719464372304,491.3,25
1719464394043,490.75,25
1719464394043,490.75,25
1719464394043,490.75,25
1719464394043,490.75,25
1719464399119,491.3,25
1719464399119,491.3,25
1719464399119,491.3,25
1719464399119,491.3,25
1719464399119,491.3,25
1719464399119,491.3,25
1719464399119,491.3,25
1719464399119,491.3,25
1719464399119,491.3,25
1719464399119,491.3,25
1719464399119,491.3,25
1719464399119,491.3,25
1719464399119,491.3,25
1719464399119,491.3,25
1719464399119,491.3,25
1719464399119,491.3,25
1719464399119,491.3,25
1719464399119,491.3,25
1719464399119,491.3,25
1719464399119,491.3,25
1719464399119,491.3,25
1719464399119,491.3,25
1719464399119,491.3,25
1719464399119,491.3,25
1719464399119,491.3,25
1719464399119,491.3,25
1719464399119,491.3,25
1719464399119,491.3,25
1719464399119,491.3,25
1719464399119,491.3,25
1719464399119,491.3,25
1719464399119,491.3,25
1719464399119,491.3,25
1719464399119,491.3,25
1719464399119,491.3,25
1719464399119,491.3,25
1719464399119,491.3,25
1719464399119,491.3,25
1719464399119,491.3,25
1719464399119,491.3,25
1719464399119,491.3,25
1719464399119,491.3,25
1719464399119,491.3,25
1719464399119,491.3,25
1719464399119,491.3,25
1719464399119,491.3,25
1719464399119,491.3,25
1719464399119,491.3,25
1719464399119,491.3,25
1719464399119,491.3,25
1719464399119,491.3,25
1719464399119,491.3,25
1719464482192,485.8,50
1719464482192,485.8,50
1719464482192,485.8,50
1719464482192,485.8,50
1719464482192,485.8,50
1719464482192,485.8,50
1719464482192,485.8,50
1719464482192,485.8,50
1719464482192,485.8,50
1719465009799,448.3,50
1719465009799,448.3,50
1719465026354,440.0,100
1719465026354,440.0,100
1719465026354,440.0,100
1719465026354,440.0,100
1719465026354,440.0,100
1719465026354,440.0,100
1719465026354,440.0,100
1719465026354,440.0,100
1719465026354,440.0,100
1719465026354,440.0,100
1719465026354,440.0,100
1719465026354,440.0,100
1719465026354,440.0,100
1719465026354,440.0,100
1719465026354,440.0,100
1719465026354,440.0,100
1719465049358,448.2,25
1719465049358,448.2,25
1719465049358,448.2,25
1719465049358,448.2,25
1719465049358,448.2,25
1719465049358,448.2,25
1719465049358,448.2,25
1719465049358,448.2,25
1719465049358,448.2,25
1719465049358,448.2,25
1719465049358,448.2,25
1719465049358,448.2,25
1719465049358,448.2,25
1719465049358,448.2,25
1719465049358,448.2,25
1719465049358,448.2,25
1719465072593,443.45,25
1719465072593,443.45,25
1719465072593,443.45,25
1719465072593,443.45,25
1719465072593,443.45,25
1719465072593,443.45,25
1719465072593,443.45,25
1719465072593,443.45,25
1719465072593,443.45,25
1719465072593,443.45,25
1719465072593,443.45,25
1719465072593,443.45,25
1719465072593,443.45,25
1719465072593,443.45,25
1719465072593,443.45,25
1719465072593,443.45,25
1719465072593,443.45,25
1719465099222,440.0,25
1719465099222,440.0,25
1719465099222,440.0,25
1719465099222,440.0,25
1719465099222,440.0,25
1719465099222,440.0,25
1719465099222,440.0,25
1719465099222,440.0,25
1719465111475,441.1,50
1719465112022,440.0,50
1719465112022,440.0,50
1719465112022,440.0,50
1719465112022,440.0,50
1719465112022,440.0,50
1719465112022,440.0,50
1719465112022,440.0,50
1719465112022,440.0,50
1719465112022,440.0,50
1719465112022,440.0,50
1719465112022,440.0,50
1719465112022,440.0,50
1719465112022,440.0,50
1719465112022,440.0,50
1719465112022,440.0,50
1719465132438,437.5,25
1719465132691,437.7,25
1719465132691,437.7,25
1719465132691,437.7,25
1719465132691,437.7,25
1719465132691,437.7,25
1719465132691,437.7,25
1719465132691,437.7,25
1719465132691,437.7,25
1719465132691,437.7,25
1719465132691,437.7,25
1719465148728,439.2,25
1719465148728,439.2,25
1719465148728,439.2,25
1719465148728,439.2,25
1719465148728,439.2,25
1719465148728,439.2,25
1719465148728,439.2,25
1719465148728,439.2,25
1719465148728,439.2,25
1719465148728,439.2,25
1719465148728,439.2,25
1719465148728,439.2,25
1719465148728,439.2,25
1719465148728,439.2,25
1719465148728,439.2,25
1719465173789,437.7,25
1719465173789,437.7,25
1719465173789,437.7,25
1719465173789,437.7,25
1719465173789,437.7,25
1719465173789,437.7,25
1719465173789,437.7,25
1719465173789,437.7,25
1719465173789,437.7,25
1719465173789,437.7,25
1719465173789,437.7,25
1719465173789,437.7,25
1719465173789,437.7,25
1719465173789,437.7,25
1719465173789,437.7,25
1719465173789,437.7,25
1719465173789,437.7,25
1719465201682,434.1,25
1719465201682,434.1,25
1719465201682,434.1,25
1719465201682,434.1,25
1719465201682,434.1,25
1719465201682,434.1,25
1719465201682,434.1,25
1719465201682,434.1,25
1719465213298,424.6,50
1719465213298,424.6,50
1719465213298,424.6,50
1719465216182,418.3,25
1719465217288,420.15,25
1719465217288,420.15,25
1719465217288,420.15,25
1719465218904,419.75,50
1719465218904,419.75,50
1719465220402,414.75,50
1719465220732,413.4,50
1719465222243,414.35,25
1719465223221,414.85,50
1719465223221,414.85,50
1719465225257,412.95,25
1719465225257,412.95,25
1719465226096,414.3,25
1719465226781,412.7,50
1719465227337,409.65,50
1719465228255,406.5,50
1719465228855,402.9,25
1719465228855,402.9,25
1719465230213,407.3,50
1719465231215,407.15,50
1719465231215,407.15,50
1719465231215,407.15,50
1719465234753,409.45,50
1719465234753,409.45,50
1719465236279,405.0,50
1719465236882,401.6,75
1719465238057,400.2,25
1719465238057,400.2,25
1719465239254,402.0,50
1719465240360,400.7,50
1719465240360,400.7,50
1719465241389,397.5,50
1719465241666,398.15,25
1719465241666,398.15,25
1719465241666,398.15,25
1719465241666,398.15,25
1719465246018,401.1,50
1719465246509,399.45,25
1719465246509,399.45,25
1719465246509,399.45,25
1719465246509,399.45,25
1719465246509,399.45,25
1719465253250,395.6,50
1719465253832,396.3,50
1719465253832,396.3,50
1719465253832,396.3,50
1719465253832,396.3,50
1719465257820,400.9,50
1719465257820,400.9,50
1719465257820,400.9,50
1719465257820,400.9,50
1719465257820,400.9,50
1719465264679,397.3,25
1719465264679,397.3,25
1719465264679,397.3,25
1719465264679,397.3,25
1719465264679,397.3,25
1719465264679,397.3,25
1719465271215,392.5,50
1719465271215,392.5,50
1719465273040,393.15,50
1719465273040,393.15,50
1719465273040,393.15,50
1719465273040,393.15,50
1719465273040,393.15,50
1719465279074,393.7,25
1719465279074,393.7,25
1719465279074,393.7,25
1719465279074,393.7,25
1719465284742,398.3,25
1719465284742,398.3,25
1719465284742,398.3,25
1719465288346,397.7,25
1719465288346,397.7,25
1719465288346,397.7,25
1719465291294,398.3,25
1719465291294,398.3,25
1719465291294,398.3,25
1719465291294,398.3,25
1719465291294,398.3,25
1719465298981,398.95,25
1719465298981,398.95,25
1719465298981,398.95,25
1719465298981,398.95,25
1719465298981,398.95,25
1719465298981,398.95,25
1719465305866,386.85,50
1719465305894,386.85,25
1719465305894,386.85,25
1719465308094,387.6,50
1719465308094,387.6,50
1719465308094,387.6,50
1719465312197,387.9,25
1719465312197,387.9,25
1719465312197,387.9,25
1719465314629,388.05,50
1719465314629,388.05,50
1719465317419,388.4,50
1719465317419,388.4,50
1719465317419,388.4,50
1719465317419,388.4,50
1719465321936,389.7,25
1719465321936,389.7,25
1719465323455,387.35,50
1719465323455,387.35,50
1719465323455,387.35,50
1719465323455,387.35,50
1719465323455,387.35,50
1719465323455,387.35,50
1719465323455,387.35,50
1719465332313,390.7,50
1719465332313,390.7,50
1719465333276,391.75,100
1719465333555,392.95,25
1719465334266,392.35,50
1719465334266,392.35,50
1719465337209,389.0,100
1719465337209,389.0,100
1719465337541,388.8,25
1719465337541,388.8,25
1719465337541,388.8,25
1719465340808,386.6,25
1719465340808,386.6,25
1719465340808,386.6,25
1719465345251,393.5,50
1719465345251,393.5,50
1719465345251,393.5,50
1719465345251,393.5,50
1719465345251,393.5,50
1719465350777,395.5,25
1719465352539,394.8,50
1719465352539,394.8,50
1719465353345,393.55,75
1719465353345,393.55,75
1719465356797,393.45,25
1719465356797,393.45,25
1719465357742,390.3,50
1719465357742,390.3,50
1719465357742,390.3,50
1719465357742,390.3,50
1719465357742,390.3,50
1719465362750,389.85,25
1719465362750,389.85,25
1719465365030,391.95,25
1719465365030,391.95,25
1719465365030,391.95,25
1719465365030,391.95,25
1719465365030,391.95,25
1719465365030,391.95,25
1719465365030,391.95,25
1719465365030,391.95,25
1719465365030,391.95,25
1719465377845,392.9,50
1719465377845,392.9,50
1719465377845,392.9,50
1719465377845,392.9,50
1719465377845,392.9,50
1719465377845,392.9,50
1719465377845,392.9,50
1719465377845,392.9,50
1719465377845,392.9,50
1719465377845,392.9,50
1719465377845,392.9,50
1719465377845,392.9,50
1719465394000,388.1,50
1719465394684,390.75,50
1719465394684,390.75,50
1719465394684,390.75,50
1719465394684,390.75,50
1719465394684,390.75,50
1719465394684,390.75,50
1719465394684,390.75,50
1719465394684,390.75,50
1719465394684,390.75,50
1719465394684,390.75,50
1719465409048,394.7,25
1719465409048,394.7,25
1719465409048,394.7,25
1719465413513,395.2,25
1719465413513,395.2,25
1719465413513,395.2,25
1719465413513,395.2,25
1719465413513,395.2,25
1719465413513,395.2,25
1719465413513,395.2,25
1719465413513,395.2,25
1719465413513,395.2,25
1719465413513,395.2,25
1719465413513,395.2,25
1719465413513,395.2,25
1719465413513,395.2,25
1719465413513,395.2,25
1719465413513,395.2,25
1719465413513,395.2,25
1719465413513,395.2,25
1719465413513,395.2,25
1719465413513,395.2,25
1719465413513,395.2,25
1719465413513,395.2,25
1719465413513,395.2,25
1719465413513,395.2,25
1719465413513,395.2,25
1719465450053,391.8,25
1719465450053,391.8,25
1719465450053,391.8,25
1719465450053,391.8,25
1719465450053,391.8,25
1719465455450,392.15,50
1719465455450,392.15,50
1719465457213,393.0,25
1719465457213,393.0,25
1719465457213,393.0,25
1719465460212,388.0,25
1719465460212,388.0,25
1719465460212,388.0,25
1719465460212,388.0,25
1719465460212,388.0,25
1719465460212,388.0,25
1719465460212,388.0,25
1719465460212,388.0,25
1719465460212,388.0,25
1719465460212,388.0,25
1719465460212,388.0,25
1719465460212,388.0,25
1719465460212,388.0,25
1719465460212,388.0,25
1719465460212,388.0,25
1719465460212,388.0,25
1719465460212,388.0,25
1719465460212,388.0,25
1719465486776,389.45,25
1719465487360,388.65,25
1719465487553,388.8,50
1719465488228,388.0,25
1719465488228,388.0,25
1719465490159,388.8,25
1719465490159,388.8,25
1719465490159,388.8,25
1719465490159,388.8,25
1719465490159,388.8,25
1719465490159,388.8,25
1719465490159,388.8,25
1719465490159,388.8,25
1719465490159,388.8,25
1719465490159,388.8,25
1719465490159,388.8,25
1719465490159,388.8,25
1719465490159,388.8,25
1719465490159,388.8,25
1719465490159,388.8,25
1719465512385,389.25,75
1719465512385,389.25,75
1719465512385,389.25,75
1719465512385,389.25,75
1719465517281,389.85,50
1719465517281,389.85,50
1719465517281,389.85,50
1719465517281,389.85,50
1719465517281,389.85,50
1719465517281,389.85,50
1719465517281,389.85,50
1719465517281,389.85,50
1719465517281,389.85,50
1719465517281,389.85,50
1719465517281,389.85,50
1719465517281,389.85,50
1719465534505,391.1,50
1719465534505,391.1,50
1719465534505,391.1,50
1719465534505,391.1,50
1719465534505,391.1,50
1719465534505,391.1,50
1719465534505,391.1,50
1719465543401,389.05,25
1719465543401,389.05,25
1719465544687,389.2,50
1719465544687,389.2,50
1719465544687,389.2,50
1719465544687,389.2,50
1719465544687,389.2,50
1719465544687,389.2,50
1719465544687,389.2,50
1719465544687,389.2,50
1719465544687,389.2,50
1719465544687,389.2,50
1719465544687,389.2,50
1719465544687,389.2,50
1719465563622,392.9,25
1719465563622,392.9,25
1719465563622,392.9,25
1719465563622,392.9,25
1719465563622,392.9,25
1719465563622,392.9,25
1719465563622,392.9,25
1719465563622,392.9,25
1719465563622,392.9,25
1719465563622,392.9,25
1719465563622,392.9,25
1719465563622,392.9,25
1719465563622,392.9,25
1719465563622,392.9,25
1719465563622,392.9,25
1719465584282,393.15,25
1719465584282,393.15,25
1719465584282,393.15,25
1719465584282,393.15,25
1719465584282,393.15,25
1719465584282,393.15,25
1719465584282,393.15,25
1719465595651,398.1,25
1719465595651,398.1,25
1719465595651,398.1,25
1719465598565,404.6,25
1719465598565,404.6,25
1719465599858,405.65,50
1719465599858,405.65,50
1719465599858,405.65,50
1719465601372,402.85,50
1719465601372,402.85,50
1719465601372,402.85,50
1719465601372,402.85,50
1719465601372,402.85,50
1719465601372,402.85,50
1719465601372,402.85,50
1719465601372,402.85,50
1719465601372,402.85,50
1719465601372,402.85,50
1719465601372,402.85,50
1719465618133,402.0,25
1719465618551,404.2,25
1719465618551,404.2,25
1719465620181,402.85,100
1719465620403,402.0,100
1719465620403,402.0,100
1719465620403,402.0,100
1719465620403,402.0,100
1719465620403,402.0,100
1719465620403,402.0,100
1719465627757,414.4,50
1719465627757,414.4,50
1719465630137,412.55,25
1719465630137,412.55,25
1719465630137,412.55,25
1719465630137,412.55,25
1719465630137,412.55,25
1719465630137,412.55,25
1719465630137,412.55,25
1719465630137,412.55,25
1719465630137,412.55,25
1719465630137,412.55,25
1719465630137,412.55,25
1719465630137,412.55,25
1719465647589,413.55,25
1719465647589,413.55,25
1719465647589,413.55,25
1719465647589,413.55,25
1719465647589,413.55,25
1719465655371,414.35,25
1719465655371,414.35,25
1719465656189,414.3,50
1719465656189,414.3,50
1719465656189,414.3,50
1719465656189,414.3,50
1719465656189,414.3,50
1719465662132,414.8,25
1719465662132,414.8,25
1719465662132,414.8,25
1719465662132,414.8,25
1719465662132,414.8,25
1719465662132,414.8,25
1719465662132,414.8,25
1719465662132,414.8,25
1719465662132,414.8,25
1719465662132,414.8,25
1719465662132,414.8,25
1719465662132,414.8,25
1719465662132,414.8,25
1719465662132,414.8,25
1719465662132,414.8,25
1719465662132,414.8,25
1719465686556,421.0,100
1719465686556,421.0,100
1719465686556,421.0,100
1719465686556,421.0,100
1719465686556,421.0,100
1719465686556,421.0,100
1719465692943,420.55,25
1719465692943,420.55,25
1719465692943,420.55,25
1719465692943,420.55,25
1719465692943,420.55,25
1719465700256,419.25,25
1719465700256,419.25,25
1719465700256,419.25,25
1719465700256,419.25,25
1719465704507,419.25,25
1719465705301,420.65,50
1719465705301,420.65,50
1719465705301,420.65,50
1719465705301,420.65,50
1719465705301,420.65,50
1719465705301,420.65,50
1719465705301,420.65,50
1719465705301,420.65,50
1719465705301,420.65,50
1719465705301,420.65,50
1719465705301,420.65,50
1719465705301,420.65,50
1719465705301,420.65,50
1719465705301,420.65,50
1719465705301,420.65,50
1719465705301,420.65,50
1719465705301,420.65,50
1719465705301,420.65,50
1719465705301,420.65,50
1719465705301,420.65,50
1719465735809,416.95,25
1719465735809,416.95,25
1719465736115,415.5,50
1719465736115,415.5,50
1719465736115,415.5,50
1719465736115,415.5,50
1719465736115,415.5,50
1719465736115,415.5,50
1719465736115,415.5,50
1719465736115,415.5,50
1719465736115,415.5,50
1719465736115,415.5,50
1719465736115,415.5,50
1719465736115,415.5,50
1719465736115,415.5,50
1719465736115,415.5,50
1719465736115,415.5,50
1719465758869,414.55,25
1719465758869,414.55,25
1719465758869,414.55,25
1719465758869,414.55,25
1719465758869,414.55,25
1719465758869,414.55,25
1719465758869,414.55,25
1719465758869,414.55,25
1719465770305,414.0,25
1719465770305,414.0,25
1719465770305,414.0,25
1719465770305,414.0,25
1719465770305,414.0,25
1719465770305,414.0,25
1719465770305,414.0,25
1719465770305,414.0,25
1719465770305,414.0,25
1719465782286,411.2,75
1719465782286,411.2,75
1719465782286,411.2,75
1719465782286,411.2,75
1719465782286,411.2,75
1719465782286,411.2,75
1719465782286,411.2,75
1719465782286,411.2,75
1719465782286,411.2,75
1719465782286,411.2,75
1719465782286,411.2,75
1719465782286,411.2,75
1719465782286,411.2,75
1719465782286,411.2,75
1719465782286,411.2,75
1719465782286,411.2,75
1719465782286,411.2,75
1719465782286,411.2,75
1719465782286,411.2,75
1719465782286,411.2,75
1719465812756,409.3,25
1719465812756,409.3,25
1719465812756,409.3,25
1719465812756,409.3,25
1719465812756,409.3,25
1719465820160,408.8,25
1719465820160,408.8,25
1719465820160,408.8,25
1719465820160,408.8,25
1719465820160,408.8,25
1719465820160,408.8,25
1719465820160,408.8,25
1719465830480,408.7,25
1719465830480,408.7,25
1719465830480,408.7,25
1719465830480,408.7,25
1719465830480,408.7,25
1719465830480,408.7,25
1719465830480,408.7,25
1719465830480,408.7,25
1719465830480,408.7,25
1719465830480,408.7,25
1719465830480,408.7,25
1719465830480,408.7,25
1719465830480,408.7,25
1719465830480,408.7,25
1719465830480,408.7,25
1719465830480,408.7,25
1719465830480,408.7,25
1719465830480,408.7,25
1719465857640,402.85,50
1719465857640,402.85,50
1719465858930,398.8,50
1719465858930,398.8,50
1719465858930,398.8,50
1719465858930,398.8,50
1719465858930,398.8,50
1719465858930,398.8,50
1719465858930,398.8,50
1719465858930,398.8,50
1719465858930,398.8,50
1719465858930,398.8,50
1719465858930,398.8,50
1719465873583,400.5,25
1719465873583,400.5,25
1719465873583,400.5,25
1719465873583,400.5,25
1719465873583,400.5,25
1719465873583,400.5,25
1719465873583,400.5,25
1719465873583,400.5,25
1719465873583,400.5,25
1719465873583,400.5,25
1719465873583,400.5,25
1719465873583,400.5,25
1719465873583,400.5,25
1719465873583,400.5,25
1719465873583,400.5,25
1719465873583,400.5,25
1719465873583,400.5,25
1719465873583,400.5,25
1719465873583,400.5,25
1719465873583,400.5,25
1719465873583,400.5,25
1719465873583,400.5,25
1719465873583,400.5,25
1719465873583,400.5,25
1719465873583,400.5,25
1719465873583,400.5,25
1719465873583,400.5,25
1719465873583,400.5,25
1719465873583,400.5,25
1719465873583,400.5,25
1719465873583,400.5,25
1719465873583,400.5,25
1719465873583,400.5,25
1719465873583,400.5,25
1719465873583,400.5,25
1719465873583,400.5,25
1719465873583,400.5,25
1719465873583,400.5,25
1719465934205,402.75,25
1719465934205,402.75,25
1719465934205,402.75,25
1719465934205,402.75,25
1719465934205,402.75,25
1719465934205,402.75,25
1719465934205,402.75,25
1719465934205,402.75,25
1719465934205,402.75,25
1719465947287,405.6,25
1719465947287,405.6,25
1719465947287,405.6,25
1719465947287,405.6,25
1719465947287,405.6,25
1719465947287,405.6,25
1719465947287,405.6,25
1719465956904,404.4,25
1719465957426,405.45,50
1719465957426,405.45,50
1719465957426,405.45,50
1719465957426,405.45,50
1719465960994,409.1,50
1719465960994,409.1,50
1719465960994,409.1,50
1719465960994,409.1,50
1719465960994,409.1,50
1719465960994,409.1,50
1719465960994,409.1,50
1719465969945,408.9,25
1719465969945,408.9,25
1719465969945,408.9,25
1719465969945,408.9,25
1719465969945,408.9,25
1719465969945,408.9,25
1719465969945,408.9,25
1719465979965,412.2,75
1719465979965,412.2,75
1719465979965,412.2,75
1719465979965,412.2,75
1719465979965,412.2,75
1719465979965,412.2,75
1719465979965,412.2,75
1719465979965,412.2,75
1719465979965,412.2,75
1719465979965,412.2,75
1719465979965,412.2,75
1719465979965,412.2,75
1719465979965,412.2,75
1719465979965,412.2,75
1719465979965,412.2,75
1719465979965,412.2,75
1719466004107,410.8,75
1719466004107,410.8,75
1719466004107,410.8,75
1719466006665,411.15,25
1719466006665,411.15,25
1719466006665,411.15,25
1719466006665,411.15,25
1719466006665,411.15,25
1719466006665,411.15,25
1719466006665,411.15,25
1719466017465,414.7,75
1719466017465,414.7,75
1719466017465,414.7,75
1719466017465,414.7,75
1719466017465,414.7,75
1719466017465,414.7,75
1719466017465,414.7,75
1719466017465,414.7,75
1719466017465,414.7,75
1719466017465,414.7,75
1719466017465,414.7,75
1719466017465,414.7,75
1719466017465,414.7,75
1719466017465,414.7,75
1719466017465,414.7,75
1719466017465,414.7,75
1719466017465,414.7,75
1719466017465,414.7,75
1719466017465,414.7,75
1719466017465,414.7,75
1719466017465,414.7,75
1719466017465,414.7,75
1719466017465,414.7,75
1719466017465,414.7,75
1719466017465,414.7,75
1719466058590,420.0,25
1719466058763,420.65,25
1719466058763,420.65,25
1719466058763,420.65,25
1719466058763,420.65,25
1719466216408,433.1,25
1719466216408,433.1,25
1719466216408,433.1,25
1719466216408,433.1,25
1719466216408,433.1,25
1719466216408,433.1,25
1719466216408,433.1,25
1719466216408,433.1,25
1719466216408,433.1,25
1719466216408,433.1,25
1719466216408,433.1,25
1719466216408,433.1,25
1719466216408,433.1,25
1719466216408,433.1,25
1719466216408,433.1,25
1719466216408,433.1,25
1719466216408,433.1,25
1719466216408,433.1,25
1719466216408,433.1,25
1719466216408,433.1,25
1719466216408,433.1,25
1719466216408,433.1,25
1719466263503,427.95,25
1719466263503,427.95,25
1719466266214,427.85,25
1719466266214,427.85,25
1719466266214,427.85,25
1719466268962,429.3,25
1719466268962,429.3,25
1719466271696,431.9,50
1719466271696,431.9,50
1719466271696,431.9,50
1719466271696,431.9,50
1719466271696,431.9,50
1719466280003,434.8,25
1719466280003,434.8,25
1719466280003,434.8,25
1719466280003,434.8,25
1719466280003,434.8,25
1719466280003,434.8,25
1719466288262,434.8,150
1719466288262,434.8,150
1719466288262,434.8,150
1719466288262,434.8,150
1719466288262,434.8,150
1719466288262,434.8,150
1719466288262,434.8,150
1719466288262,434.8,150
1719466288262,434.8,150
1719466299827,433.2,25
1719466299827,433.2,25
1719466299827,433.2,25
1719466303002,431.6,50
1719466303002,431.6,50
1719466303002,431.6,50
1719466303002,431.6,50
1719466303002,431.6,50
1719466303002,431.6,50
1719466303002,431.6,50
1719466303002,431.6,50
1719466303002,431.6,50
1719466303002,431.6,50
1719466303002,431.6,50
1719466303002,431.6,50
1719466303002,431.6,50
1719466303002,431.6,50
1719466303002,431.6,50
1719466303002,431.6,50
1719466325578,426.4,25
1719466325578,426.4,25
1719466325578,426.4,25
1719466325578,426.4,25
1719466330531,426.95,25
1719466330531,426.95,25
1719466330531,426.95,25
1719466330531,426.95,25
1719466330531,426.95,25
1719466330531,426.95,25
1719466330531,426.95,25
1719466330531,426.95,25
1719466330531,426.95,25
1719466330531,426.95,25
1719466330531,426.95,25
1719466330531,426.95,25
1719466330531,426.95,25
1719466330531,426.95,25
1719466330531,426.95,25
1719466330531,426.95,25
1719466330531,426.95,25
1719466330531,426.95,25
1719466330531,426.95,25
1719466330531,426.95,25
1719466330531,426.95,25
1719466330531,426.95,25
1719466330531,426.95,25
1719466330531,426.95,25
1719466330531,426.95,25
1719466330531,426.95,25
1719466330531,426.95,25
1719466330531,426.95,25
1719466330531,426.95,25
1719466330531,426.95,25
1719466330531,426.95,25
1719466330531,426.95,25
1719466330531,426.95,25
1719466383139,422.45,50
1719466383139,422.45,50
1719466383139,422.45,50
1719466383139,422.45,50
1719466383139,422.45,50
1719466383139,422.45,50
1719466383139,422.45,50
1719466383139,422.45,50
1719466383139,422.45,50
1719466383139,422.45,50
1719466383139,422.45,50
1719466383139,422.45,50
1719466383139,422.45,50
1719466383139,422.45,50
1719466383139,422.45,50
1719466383139,422.45,50
1719466407521,429.1,25
1719466407521,429.1,25
1719466407521,429.1,25
1719466407521,429.1,25
1719466407521,429.1,25
1719466407521,429.1,25
1719466407521,429.1,25
1719466407521,429.1,25
1719466407521,429.1,25
1719466407521,429.1,25
1719466407521,429.1,25
1719466422656,423.4,25
1719466422656,423.4,25
1719466422656,423.4,25
1719466422656,423.4,25
1719466422656,423.4,25
1719466422656,423.4,25
1719466422656,423.4,25
1719466422656,423.4,25
1719466422656,423.4,25
1719466422656,423.4,25
1719466422656,423.4,25
1719466422656,423.4,25
1719466422656,423.4,25
1719466440548,419.4,50
1719466440548,419.4,50
1719466440548,419.4,50
1719466440548,419.4,50
1719466440548,419.4,50
1719466447329,419.0,25
1719466447329,419.0,25
1719466447329,419.0,25
1719466447329,419.0,25
1719466447329,419.0,25
1719466447329,419.0,25
1719466447329,419.0,25
1719466447329,419.0,25
1719466447329,419.0,25
1719466447329,419.0,25
1719466447329,419.0,25
1719466447329,419.0,25
1719466447329,419.0,25
1719466447329,419.0,25
1719466447329,419.0,25
1719466447329,419.0,25
1719466447329,419.0,25
1719466447329,419.0,25
1719466447329,419.0,25
1719466475710,422.85,25
1719466475710,422.85,25
1719466475710,422.85,25
1719466475710,422.85,25
1719466475710,422.85,25
1719466475710,422.85,25
1719466475710,422.85,25
1719466475710,422.85,25
1719466475710,422.85,25
1719466475710,422.85,25
1719466475710,422.85,25
1719466475710,422.85,25
1719466475710,422.85,25
1719466475710,422.85,25
1719466475710,422.85,25
1719466475710,422.85,25
1719466475710,422.85,25
1719466475710,422.85,25
1719466475710,422.85,25
1719466475710,422.85,25
1719466475710,422.85,25
1719466475710,422.85,25
1719466509143,423.65,50
1719466509143,423.65,50
1719466509143,423.65,50
1719466509143,423.65,50
1719466509143,423.65,50
1719466509143,423.65,50
1719466509143,423.65,50
1719466509143,423.65,50
1719466509143,423.65,50
1719466509143,423.65,50
1719466509143,423.65,50
1719466509143,423.65,50
1719466509143,423.65,50
1719466509143,423.65,50
1719466509143,423.65,50
1719466509143,423.65,50
1719466509143,423.65,50
1719466509143,423.65,50
1719466509143,423.65,50
1719466509143,423.65,50
1719466509143,423.65,50
1719466509143,423.65,50
1719466509143,423.65,50
1719466509143,423.65,50
1719466509143,423.65,50
1719466509143,423.65,50
1719466509143,423.65,50
1719466509143,423.65,50
1719466509143,423.65,50
1719466509143,423.65,50
1719466509143,423.65,50
1719466509143,423.65,50
1719466509143,423.65,50
1719466509143,423.65,50
1719466509143,423.65,50
1719466563889,425.7,25
1719466563889,425.7,25
1719466563889,425.7,25
1719466563889,425.7,25
1719466563889,425.7,25
1719466563889,425.7,25
1719466572986,425.6,50
1719466572986,425.6,50
1719466572986,425.6,50
1719466572986,425.6,50
1719466572986,425.6,50
1719466572986,425.6,50
1719466572986,425.6,50
1719466572986,425.6,50
1719466572986,425.6,50
1719466572986,425.6,50
1719466572986,425.6,50
1719466572986,425.6,50
1719466572986,425.6,50
1719466572986,425.6,50
1719466572986,425.6,50
1719466572986,425.6,50
1719466572986,425.6,50
1719466572986,425.6,50
1719466572986,425.6,50
1719466572986,425.6,50
1719466572986,425.6,50
1719466572986,425.6,50
1719466572986,425.6,50
1719466572986,425.6,50
1719466572986,425.6,50
1719466572986,425.6,50
1719466572986,425.6,50
1719466572986,425.6,50
1719466572986,425.6,50
1719466572986,425.6,50
1719466572986,425.6,50
1719466572986,425.6,50
1719466572986,425.6,50
1719466572986,425.6,50
1719466572986,425.6,50
1719466572986,425.6,50
1719466572986,425.6,50
1719466572986,425.6,50
1719466572986,425.6,50
1719466572986,425.6,50
1719466572986,425.6,50
1719466572986,425.6,50
1719466572986,425.6,50
1719466572986,425.6,50
1719466572986,425.6,50
1719466572986,425.6,50
1719466572986,425.6,50
1719466572986,425.6,50
1719466572986,425.6,50
1719466651559,425.6,25
1719466651559,425.6,25
1719466651559,425.6,25
1719466651559,425.6,25
1719466651559,425.6,25
1719466651559,425.6,25
1719466651559,425.6,25
1719466651559,425.6,25
1719466651559,425.6,25
1719466651559,425.6,25
1719466651559,425.6,25
1719466651559,425.6,25
1719466651559,425.6,25
1719466651559,425.6,25
1719466651559,425.6,25
1719466651559,425.6,25
1719466651559,425.6,25
1719466651559,425.6,25
1719466651559,425.6,25
1719466651559,425.6,25
1719466651559,425.6,25
1719466651559,425.6,25
1719466651559,425.6,25
1719466651559,425.6,25
1719466651559,425.6,25
1719466651559,425.6,25
1719466651559,425.6,25
1719466651559,425.6,25
1719466651559,425.6,25
1719466697565,425.1,100
1719466697565,425.1,100
1719466697565,425.1,100
1719466697565,425.1,100
1719466697565,425.1,100
1719466697565,425.1,100
1719466697565,425.1,100
1719466697565,425.1,100
1719466697565,425.1,100
1719466697565,425.1,100
1719466697565,425.1,100
1719466697565,425.1,100
1719466697565,425.1,100
1719466697565,425.1,100
1719466697565,425.1,100
1719466697565,425.1,100
1719466697565,425.1,100
1719466697565,425.1,100
1719466697565,425.1,100
1719466697565,425.1,100
1719466697565,425.1,100
1719466697565,425.1,100
1719466697565,425.1,100
1719466697565,425.1,100
1719466697565,425.1,100
1719466697565,425.1,100
1719466697565,425.1,100
1719466697565,425.1,100
1719466697565,425.1,100
1719466697565,425.1,100
1719466697565,425.1,100
1719466697565,425.1,100
1719466697565,425.1,100
1719466697565,425.1,100
1719466697565,425.1,100
1719466697565,425.1,100
1719466697565,425.1,100
1719466697565,425.1,100
1719466697565,425.1,100
1719466697565,425.1,100
1719466697565,425.1,100
1719466697565,425.1,100
1719466697565,425.1,100
1719466697565,425.1,100
1719466697565,425.1,100
1719466697565,425.1,100
1719466697565,425.1,100
1719466697565,425.1,100
1719466697565,425.1,100
1719466697565,425.1,100
1719466697565,425.1,100
1719466697565,425.1,100
1719466697565,425.1,100
1719466697565,425.1,100
1719466697565,425.1,100
1719466697565,425.1,100
1719466697565,425.1,100
1719466697565,425.1,100
1719466697565,425.1,100
1719466697565,425.1,100
1719466697565,425.1,100
1719466697565,425.1,100
1719466697565,425.1,100
1719466697565,425.1,100
1719466697565,425.1,100
1719466697565,425.1,100
1719466697565,425.1,100
1719466697565,425.1,100
1719466697565,425.1,100
1719466697565,425.1,100
1719466697565,425.1,100
1719466697565,425.1,100
1719466697565,425.1,100
1719466697565,425.1,100
1719466697565,425.1,100
1719466697565,425.1,100
1719466697565,425.1,100
1719466697565,425.1,100
1719466697565,425.1,100
1719466697565,425.1,100
1719466697565,425.1,100
1719466697565,425.1,100
1719466697565,425.1,100
1719466697565,425.1,100
1719466697565,425.1,100
1719466697565,425.1,100
1719466836869,428.85,25
1719466836869,428.85,25
1719466836869,428.85,25
1719466836869,428.85,25
1719466836869,428.85,25
1719466836869,428.85,25
1719466836869,428.85,25
1719466836869,428.85,25
1719466836869,428.85,25
1719466836869,428.85,25
1719466836869,428.85,25
1719466836869,428.85,25
1719466836869,428.85,25
1719466836869,428.85,25
1719466836869,428.85,25
1719466836869,428.85,25
1719466836869,428.85,25
1719466836869,428.85,25
1719466836869,428.85,25
1719466836869,428.85,25
1719466836869,428.85,25
1719466836869,428.85,25
1719466836869,428.85,25
1719466836869,428.85,25
1719466836869,428.85,25
1719466836869,428.85,25
1719466836869,428.85,25
1719466836869,428.85,25
1719466836869,428.85,25
1719466836869,428.85,25
1719466836869,428.85,25
1719466836869,428.85,25
1719466836869,428.85,25
1719466836869,428.85,25
1719466836869,428.85,25
1719466836869,428.85,25
1719466836869,428.85,25
1719466836869,428.85,25
1719466836869,428.85,25
1719466836869,428.85,25
1719466836869,428.85,25
1719466836869,428.85,25
1719466905260,434.45,25
1719466905260,434.45,25
1719466905260,434.45,25
1719466905260,434.45,25
1719466905260,434.45,25
1719466905260,434.45,25
1719466905260,434.45,25
1719466905260,434.45,25
1719466905260,434.45,25
1719466905260,434.45,25
1719466920288,437.95,25
1719466920288,437.95,25
1719466920288,437.95,25
1719466920288,437.95,25
1719466920288,437.95,25
1719466920288,437.95,25
1719466920288,437.95,25
1719466920288,437.95,25
1719466920288,437.95,25
1719466933507,437.35,25
1719466933507,437.35,25
1719466933507,437.35,25
1719466933507,437.35,25
1719466933507,437.35,25
1719466933507,437.35,25
1719466933507,437.35,25
1719466933507,437.35,25
1719466933507,437.35,25
1719466933507,437.35,25
1719466933507,437.35,25
1719466933507,437.35,25
1719466933507,437.35,25
1719466933507,437.35,25
1719466933507,437.35,25
1719466933507,437.35,25
1719466933507,437.35,25
1719466933507,437.35,25
1719466933507,437.35,25
1719466933507,437.35,25
1719466933507,437.35,25
1719466933507,437.35,25
1719466967922,436.0,25
1719466967922,436.0,25
1719466968636,436.9,25
1719466968636,436.9,25
1719466970262,440.8,25
1719466971373,443.3,25
1719466971373,443.3,25
1719466971373,443.3,25
1719466971373,443.3,25
1719466971373,443.3,25
1719466971373,443.3,25
1719466980115,445.0,100
1719466980115,445.0,100
1719466981388,450.0,100
1719466981388,450.0,100
1719466982978,448.6,25
1719466982978,448.6,25
1719466982978,448.6,25
1719466986460,446.4,25
1719466986460,446.4,25
1719466987627,447.25,100
1719466987627,447.25,100
1719466987627,447.25,100
1719466987627,447.25,100
1719466987627,447.25,100
1719466987627,447.25,100
1719466996927,451.2,25
1719466996927,451.2,25
1719466996927,451.2,25
1719466996927,451.2,25
1719466996927,451.2,25
1719466996927,451.2,25
1719466996927,451.2,25
1719466996927,451.2,25
1719466996927,451.2,25
1719466996927,451.2,25
1719466996927,451.2,25
1719466996927,451.2,25
1719466996927,451.2,25
1719466996927,451.2,25
1719467019371,451.2,25
1719467019371,451.2,25
1719467019371,451.2,25
1719467019371,451.2,25
1719467024348,450.2,25
1719467024348,450.2,25
1719467024348,450.2,25
1719467024348,450.2,25
1719467024348,450.2,25
1719467024348,450.2,25
1719467024348,450.2,25
1719467024348,450.2,25
1719467024348,450.2,25
1719467038246,452.4,75
1719467038246,452.4,75
1719467040435,453.8,25
1719467040435,453.8,25
1719467040435,453.8,25
1719467040435,453.8,25
1719467040435,453.8,25
1719467040435,453.8,25
1719467040435,453.8,25
1719467040435,453.8,25
1719467040435,453.8,25
1719467040435,453.8,25
1719467040435,453.8,25
1719467040435,453.8,25
1719467040435,453.8,25
1719467058771,445.9,50
1719467058771,445.9,50
1719467058771,445.9,50
1719467058771,445.9,50
1719467058771,445.9,50
1719467058771,445.9,50
1719467058771,445.9,50
1719467058771,445.9,50
1719467058771,445.9,50
1719467058771,445.9,50
1719467058771,445.9,50
1719467058771,445.9,50
1719467058771,445.9,50
1719467058771,445.9,50
1719467058771,445.9,50
1719467058771,445.9,50
1719467058771,445.9,50
1719467058771,445.9,50
1719467058771,445.9,50
1719467058771,445.9,50
1719467058771,445.9,50
1719467058771,445.9,50
1719467058771,445.9,50
1719467058771,445.9,50
1719467058771,445.9,50
1719467058771,445.9,50
1719467058771,445.9,50
1719467058771,445.9,50
1719467058771,445.9,50
1719467058771,445.9,50
1719467058771,445.9,50
1719467058771,445.9,50
1719467058771,445.9,50
1719467058771,445.9,50
1719467112479,448.05,50
1719467112479,448.05,50
1719467112479,448.05,50
1719467112479,448.05,50
1719467117791,446.25,25
1719467117791,446.25,25
1719467117791,446.25,25
1719467117791,446.25,25
1719467117791,446.25,25
1719467117791,446.25,25
1719467117791,446.25,25
1719467117791,446.25,25
1719467117791,446.25,25
1719467117791,446.25,25
1719467117791,446.25,25
1719467117791,446.25,25
1719467117791,446.25,25
1719467117791,446.25,25
1719467117791,446.25,25
1719467117791,446.25,25
1719467117791,446.25,25
1719467117791,446.25,25
1719467117791,446.25,25
1719467117791,446.25,25
1719467117791,446.25,25
1719467117791,446.25,25
1719467117791,446.25,25
1719467117791,446.25,25
1719467117791,446.25,25
1719467117791,446.25,25
1719467117791,446.25,25
1719467159676,447.0,425
1719467159676,447.0,425
1719467159676,447.0,425
1719467159676,447.0,425
1719467159676,447.0,425
1719467159676,447.0,425
1719467159676,447.0,425
1719467159676,447.0,425
1719467159676,447.0,425
1719467159676,447.0,425
1719467159676,447.0,425
1719467159676,447.0,425
1719467159676,447.0,425
1719467159676,447.0,425
1719467159676,447.0,425
1719467159676,447.0,425
1719467159676,447.0,425
1719467159676,447.0,425
1719467159676,447.0,425
1719467159676,447.0,425
1719467159676,447.0,425
1719467159676,447.0,425
1719467159676,447.0,425
1719467159676,447.0,425
1719467159676,447.0,425
1719467159676,447.0,425
1719467159676,447.0,425
1719467159676,447.0,425
1719467159676,447.0,425
1719467206555,448.15,25
1719467206555,448.15,25
1719467206555,448.15,25
1719467206555,448.15,25
1719467212089,447.6,25
1719467212089,447.6,25
1719467212089,447.6,25
1719467212089,447.6,25
1719467212089,447.6,25
1719467212089,447.6,25
1719467220509,450.9,25
1719467220515,451.0,25
1719467220515,451.0,25
1719467223636,455.95,50
1719467223636,455.95,50
1719467224703,453.5,50
1719467224703,453.5,50
1719467224703,453.5,50
1719467224703,453.5,50
1719467224703,453.5,50
1719467224703,453.5,50
1719467224703,453.5,50
1719467224703,453.5,50
1719467224703,453.5,50
1719467224703,453.5,50
1719467224703,453.5,50
1719467224703,453.5,50
1719467224703,453.5,50
1719467224703,453.5,50
1719467224703,453.5,50
1719467224703,453.5,50
1719467224703,453.5,50
1719467224703,453.5,50
1719467250769,449.35,200
1719467250769,449.35,200
1719467250769,449.35,200
1719467250769,449.35,200
1719467250769,449.35,200
1719467250769,449.35,200
1719467250769,449.35,200
1719467250769,449.35,200
1719467250769,449.35,200
1719467250769,449.35,200
1719467250769,449.35,200
1719467250769,449.35,200
1719467250769,449.35,200
1719467250769,449.35,200
1719467250769,449.35,200
1719467250769,449.35,200
1719467250769,449.35,200
1719467250769,449.35,200
1719467250769,449.35,200
1719467250769,449.35,200
1719467250769,449.35,200
1719467250769,449.35,200
1719467250769,449.35,200
1719467250769,449.35,200
1719467250769,449.35,200
1719467250769,449.35,200
1719467250769,449.35,200
1719467250769,449.35,200
1719467250769,449.35,200
1719467250769,449.35,200
1719467250769,449.35,200
1719467250769,449.35,200
1719467250769,449.35,200
1719467250769,449.35,200
1719467250769,449.35,200
1719467250769,449.35,200
1719467250769,449.35,200
1719467250769,449.35,200
1719467250769,449.35,200
1719467250769,449.35,200
1719467250769,449.35,200
1719467250769,449.35,200
1719467250769,449.35,200
1719467250769,449.35,200
1719467250769,449.35,200
1719467250769,449.35,200
1719467250769,449.35,200
1719467250769,449.35,200
1719467250769,449.35,200
1719467250769,449.35,200
1719467250769,449.35,200
1719467332896,443.6,50
1719467332896,443.6,50
1719467332896,443.6,50
1719467332896,443.6,50
1719467332896,443.6,50
1719467332896,443.6,50
1719467332896,443.6,50
1719467332896,443.6,50
1719467332896,443.6,50
1719467332896,443.6,50
1719467332896,443.6,50
1719467348821,437.45,25
1719467348821,437.45,25
1719467348821,437.45,25
1719467351540,434.6,25
1719467351540,434.6,25
1719467352361,434.6,25
1719467353394,430.1,50
1719467353394,430.1,50
1719467353394,430.1,50
1719467353394,430.1,50
1719467353394,430.1,50
1719467353394,430.1,50
1719467353394,430.1,50
1719467353394,430.1,50
1719467353394,430.1,50
1719467353394,430.1,50
1719467367702,432.9,25
1719467367702,432.9,25
1719467367702,432.9,25
1719467367702,432.9,25
1719467367702,432.9,25
1719467367702,432.9,25
1719467367702,432.9,25
1719467367702,432.9,25
1719467378151,434.65,25
1719467378151,434.65,25
1719467378151,434.65,25
1719467378151,434.65,25
1719467378151,434.65,25
1719467378151,434.65,25
1719467387028,432.0,25
1719467387028,432.0,25
1719467387028,432.0,25
1719467387028,432.0,25
1719467387028,432.0,25
1719467392551,425.0,100
1719467392551,425.0,100
1719467392551,425.0,100
1719467392551,425.0,100
1719467392551,425.0,100
1719467392551,425.0,100
1719467392551,425.0,100
1719467392551,425.0,100
1719467392551,425.0,100
1719467392551,425.0,100
1719467392551,425.0,100
1719467392551,425.0,100
1719467392551,425.0,100
1719467392551,425.0,100
1719467392551,425.0,100
1719467392551,425.0,100
1719467392551,425.0,100
1719467392551,425.0,100
1719467392551,425.0,100
1719467392551,425.0,100
1719467392551,425.0,100
1719467392551,425.0,100
1719467392551,425.0,100
1719467392551,425.0,100
1719467392551,425.0,100
1719467392551,425.0,100
1719467392551,425.0,100
1719467392551,425.0,100
1719467392551,425.0,100
1719467392551,425.0,100
1719467392551,425.0,100
1719467442069,435.95,50
1719467442069,435.95,50
1719467442069,435.95,50
1719467442069,435.95,50
1719467442069,435.95,50
1719467442069,435.95,50
1719467449456,434.2,25
1719467449456,434.2,25
1719467449456,434.2,25
1719467449456,434.2,25
1719467449456,434.2,25
1719467449456,434.2,25
1719467449456,434.2,25
1719467449456,434.2,25
1719467449456,434.2,25
1719467449456,434.2,25
1719467449456,434.2,25
1719467449456,434.2,25
1719467449456,434.2,25
1719467449456,434.2,25
1719467449456,434.2,25
1719467449456,434.2,25
1719467449456,434.2,25
1719467449456,434.2,25
1719467449456,434.2,25
1719467449456,434.2,25
1719467449456,434.2,25
1719467449456,434.2,25
1719467449456,434.2,25
1719467449456,434.2,25
1719467449456,434.2,25
1719467449456,434.2,25
1719467449456,434.2,25
1719467449456,434.2,25
1719467449456,434.2,25
1719467449456,434.2,25
1719467449456,434.2,25
1719467449456,434.2,25
1719467449456,434.2,25
1719467449456,434.2,25
1719467449456,434.2,25
1719467449456,434.2,25
1719467449456,434.2,25
1719467449456,434.2,25
1719467449456,434.2,25
1719467511166,437.0,25
1719467511166,437.0,25
1719467511166,437.0,25
1719467511166,437.0,25
1719467511166,437.0,25
1719467511166,437.0,25
1719467511166,437.0,25
1719467511166,437.0,25
1719467511166,437.0,25
1719467548507,441.0,100
1719467548507,441.0,100
1719467729138,450.4,25
1719467729138,450.4,25
1719467729138,450.4,25
1719467729138,450.4,25
1719467729138,450.4,25
1719467729138,450.4,25
1719467729138,450.4,25
1719467729138,450.4,25
1719467729138,450.4,25
1719467729138,450.4,25
1719467729138,450.4,25
1719467729138,450.4,25
1719467729138,450.4,25
1719467729138,450.4,25
1719467729138,450.4,25
1719467729138,450.4,25
1719467729138,450.4,25
1719467771487,450.75,50
1719467771487,450.75,50
1719467771487,450.75,50
1719467771487,450.75,50
1719467771487,450.75,50
1719467771487,450.75,50
1719467771487,450.75,50
1719467771487,450.75,50
1719467771487,450.75,50
1719467771487,450.75,50
1719467771487,450.75,50
1719467771487,450.75,50
1719467771487,450.75,50
1719467771487,450.75,50
1719467771487,450.75,50
1719467771487,450.75,50
1719467771487,450.75,50
1719467771487,450.75,50
1719468084338,453.25,25
1719468084338,453.25,25
1719468084338,453.25,25
1719468084338,453.25,25
1719468084338,453.25,25
1719468084338,453.25,25
1719468084338,453.25,25
1719468084338,453.25,25
1719468084338,453.25,25
1719468084338,453.25,25
1719468084338,453.25,25
1719468084338,453.25,25
1719468084338,453.25,25
1719468112703,453.9,50
1719468113119,453.75,25
1719468113119,453.75,25
1719468114779,455.45,25
1719468114779,455.45,25
1719468114779,455.45,25
1719468114779,455.45,25
1719468114779,455.45,25
1719468114779,455.45,25
1719468114779,455.45,25
1719468114779,455.45,25
1719468114779,455.45,25
1719468114779,455.45,25
1719468114779,455.45,25
1719468114779,455.45,25
1719468114779,455.45,25
1719468114779,455.45,25
1719468134288,458.05,25
1719468134288,458.05,25
1719468134288,458.05,25
1719468134288,458.05,25
1719468134288,458.05,25
1719468134288,458.05,25
1719468134288,458.05,25
1719468134288,458.05,25
1719468134288,458.05,25
1719468134288,458.05,25
1719468134288,458.05,25
1719468134288,458.05,25
1719468134288,458.05,25
1719468134288,458.05,25
1719468134288,458.05,25
1719468134288,458.05,25
1719468134288,458.05,25
1719468134288,458.05,25
1719468134288,458.05,25
1719468134288,458.05,25
1719468134288,458.05,25
1719468134288,458.05,25
1719468134288,458.05,25
1719468134288,458.05,25
1719468134288,458.05,25
1719468134288,458.05,25
1719468134288,458.05,25
1719468134288,458.05,25
1719468134288,458.05,25
1719468134288,458.05,25
1719468134288,458.05,25
1719468134288,458.05,25
1719468134288,458.05,25
1719468134288,458.05,25
1719468134288,458.05,25
1719468134288,458.05,25
1719468134288,458.05,25
1719468134288,458.05,25
1719468134288,458.05,25
1719468134288,458.05,25
1719468134288,458.05,25
1719468134288,458.05,25
1719468134288,458.05,25
1719468203464,449.7,25
1719468203464,449.7,25
1719468203464,449.7,25
1719468203464,449.7,25
1719468203464,449.7,25
1719468203464,449.7,25
1719468203464,449.7,25
1719468203464,449.7,25
1719468203464,449.7,25
1719468203464,449.7,25
1719468203464,449.7,25
1719468203464,449.7,25
1719468203464,449.7,25
1719468203464,449.7,25
1719468203464,449.7,25
1719468203464,449.7,25
1719468203464,449.7,25
1719468203464,449.7,25
1719468203464,449.7,25
1719468203464,449.7,25
1719468203464,449.7,25
1719468203464,449.7,25
1719468203464,449.7,25
1719468203464,449.7,25
1719468203464,449.7,25
1719468203464,449.7,25
1719468203464,449.7,25
1719468203464,449.7,25
1719468203464,449.7,25
1719468203464,449.7,25
1719468203464,449.7,25
1719468203464,449.7,25
1719468203464,449.7,25
1719468203464,449.7,25
1719468203464,449.7,25
1719468203464,449.7,25
1719468203464,449.7,25
1719468203464,449.7,25
1719468203464,449.7,25
1719468203464,449.7,25
1719468203464,449.7,25
1719468203464,449.7,25
1719468203464,449.7,25
1719468203464,449.7,25
1719468203464,449.7,25
1719468203464,449.7,25
1719468203464,449.7,25
1719468203464,449.7,25
1719468203464,449.7,25
1719468203464,449.7,25
1719468203464,449.7,25
1719468203464,449.7,25
1719468203464,449.7,25
1719468203464,449.7,25
1719468294465,447.45,25
1719468294465,447.45,25
1719468294465,447.45,25
1719468294465,447.45,25
1719468294465,447.45,25
1719468294465,447.45,25
1719468294465,447.45,25
1719468294465,447.45,25
1719468294465,447.45,25
1719468294465,447.45,25
1719468294465,447.45,25
1719468294465,447.45,25
1719468579501,449.95,25
1719468579501,449.95,25
1719468579501,449.95,25
1719468579501,449.95,25
1719468579501,449.95,25
1719468622265,450.65,25
1719468622265,450.65,25
1719468622265,450.65,25
1719468622265,450.65,25
1719468622265,450.65,25
1719468622265,450.65,25
1719468622265,450.65,25
1719468630689,451.4,25
1719468630689,451.4,25
1719468630689,451.4,25
1719468634542,451.95,25
1719468634542,451.95,25
1719468634542,451.95,25
1719468634542,451.95,25
1719468634542,451.95,25
1719468634542,451.95,25
1719468634542,451.95,25
1719468634542,451.95,25
1719468634542,451.95,25
1719468634542,451.95,25
1719468650567,453.8,25
1719468650567,453.8,25
1719468650567,453.8,25
1719468650567,453.8,25
1719468650567,453.8,25
1719468650567,453.8,25
1719468650567,453.8,25
1719468650567,453.8,25
1719468661143,453.8,75
1719468661143,453.8,75
1719468661143,453.8,75
1719468661143,453.8,75
1719468661143,453.8,75
1719468661143,453.8,75
1719468661143,453.8,75
1719468661143,453.8,75
1719468661143,453.8,75
1719468661143,453.8,75
1719468661143,453.8,75
1719468661143,453.8,75
1719468661143,453.8,75
1719468661143,453.8,75
1719468661143,453.8,75
1719468661143,453.8,75
1719468661143,453.8,75
1719468661143,453.8,75
1719468661143,453.8,75
1719468661143,453.8,75
1719468661143,453.8,75
1719468661143,453.8,75
1719468661143,453.8,75
1719468661143,453.8,75
1719468661143,453.8,75
1719468661143,453.8,75
1719468700932,458.4,25
1719468700932,458.4,25
1719468700932,458.4,25
1719468700932,458.4,25
1719468700932,458.4,25
1719468700932,458.4,25
1719468700932,458.4,25
1719468700932,458.4,25
1719468700932,458.4,25
1719468700932,458.4,25
1719468700932,458.4,25
1719468700932,458.4,25
1719468700932,458.4,25
1719468700932,458.4,25
1719468700932,458.4,25
1719468700932,458.4,25
1719468700932,458.4,25
1719468700932,458.4,25
1719468700932,458.4,25
1719468700932,458.4,25
1719468700932,458.4,25
1719468700932,458.4,25
1719468700932,458.4,25
1719468700932,458.4,25
1719468700932,458.4,25
1719468700932,458.4,25
1719468700932,458.4,25
1719468741845,457.9,50
1719468741845,457.9,50
1719468744663,461.0,50
1719468744663,461.0,50
1719469764239,475.0,25
1719469764239,475.0,25
1719469764239,475.0,25
1719469764239,475.0,25
1719469764239,475.0,25
1719469764239,475.0,25
1719469775404,475.55,25
1719469775404,475.55,25
1719469775404,475.55,25
1719469775404,475.55,25
1719469775404,475.55,25
1719469775404,475.55,25
1719469775404,475.55,25
1719469775404,475.55,25
1719469775404,475.55,25
1719469775404,475.55,25
1719469775404,475.55,25
1719469775404,475.55,25
1719469775404,475.55,25
1719469884154,473.9,25
1719469884154,473.9,25
1719469884154,473.9,25
1719469884154,473.9,25
1719469884154,473.9,25
1719469884154,473.9,25
1719469884154,473.9,25
1719469884154,473.9,25
1719469884154,473.9,25
1719469884154,473.9,25
1719469884154,473.9,25
1719469884154,473.9,25
1719469884154,473.9,25
1719469884154,473.9,25
1719469884154,473.9,25
1719469884154,473.9,25
1719469884154,473.9,25
1719469884154,473.9,25
1719469884154,473.9,25
1719469884154,473.9,25
1719469884154,473.9,25
1719469884154,473.9,25
1719469884154,473.9,25
1719469884154,473.9,25
1719469884154,473.9,25
1719469884154,473.9,25
1719469884154,473.9,25
1719469884154,473.9,25
1719469884154,473.9,25
1719469884154,473.9,25
1719469884154,473.9,25
1719469884154,473.9,25
1719469884154,473.9,25
1719469884154,473.9,25
1719469884154,473.9,25
1719469884154,473.9,25
1719469884154,473.9,25
1719469884154,473.9,25
1719469884154,473.9,25
1719469884154,473.9,25
1719469884154,473.9,25
1719469884154,473.9,25
1719469884154,473.9,25
1719469884154,473.9,25
1719469884154,473.9,25
1719469884154,473.9,25
1719469884154,473.9,25
1719469884154,473.9,25
1719469884154,473.9,25
1719469884154,473.9,25
1719469884154,473.9,25
1719469884154,473.9,25
1719469884154,473.9,25
1719469884154,473.9,25
1719469884154,473.9,25
1719469884154,473.9,25
1719469884154,473.9,25
1719469884154,473.9,25
1719469884154,473.9,25
1719469884154,473.9,25
1719469884154,473.9,25
1719469884154,473.9,25
1719469884154,473.9,25
1719469884154,473.9,25
1719469884154,473.9,25
1719469884154,473.9,25
1719469884154,473.9,25
1719469884154,473.9,25
1719469884154,473.9,25
1719469884154,473.9,25
1719469884154,473.9,25
1719469884154,473.9,25
1719469884154,473.9,25
1719469884154,473.9,25
1719469884154,473.9,25
1719469884154,473.9,25
1719469884154,473.9,25
1719469884154,473.9,25
1719469884154,473.9,25
1719469884154,473.9,25
1719469884154,473.9,25
1719469884154,473.9,25
1719469884154,473.9,25
1719469884154,473.9,25
1719469884154,473.9,25
1719469884154,473.9,25
1719469884154,473.9,25
1719469884154,473.9,25
1719469884154,473.9,25
1719469884154,473.9,25
1719469884154,473.9,25
1719469884154,473.9,25
1719469884154,473.9,25
1719469884154,473.9,25
1719469884154,473.9,25
1719469884154,473.9,25
1719469884154,473.9,25
1719469884154,473.9,25
1719469884154,473.9,25
1719469884154,473.9,25
1719469884154,473.9,25
1719469884154,473.9,25
1719469884154,473.9,25
1719469884154,473.9,25
1719469884154,473.9,25
1719470257194,475.35,50
1719470257194,475.35,50
1719470257194,475.35,50
1719470257194,475.35,50
1719470257194,475.35,50
1719470257194,475.35,50
1719470257194,475.35,50
1719470257194,475.35,50
1719470257194,475.35,50
1719470257194,475.35,50
1719470257194,475.35,50
1719470257194,475.35,50
1719470257194,475.35,50
1719470257194,475.35,50
1719470257194,475.35,50
1719470257194,475.35,50
1719470286193,477.0,25
1719470286193,477.0,25
1719470286193,477.0,25
1719470286193,477.0,25
1719470286193,477.0,25
1719470286193,477.0,25
1719470286193,477.0,25
1719470286193,477.0,25
1719470286193,477.0,25
1719470286193,477.0,25
1719470286193,477.0,25
1719470286193,477.0,25
1719470286193,477.0,25
1719470286193,477.0,25
1719470286193,477.0,25
1719470286193,477.0,25
1719470286193,477.0,25
1719470286193,477.0,25
1719470286193,477.0,25
1719470286193,477.0,25
1719470286193,477.0,25
1719470286193,477.0,25
1719470286193,477.0,25
1719470286193,477.0,25
1719470286193,477.0,25
1719470286193,477.0,25
1719470286193,477.0,25
1719470286193,477.0,25
1719470286193,477.0,25
1719470286193,477.0,25
1719470286193,477.0,25
1719470286193,477.0,25
1719470286193,477.0,25
1719470286193,477.0,25
1719470286193,477.0,25
1719470286193,477.0,25
1719470286193,477.0,25
1719470344137,472.0,25
1719470344137,472.0,25
1719470344137,472.0,25
1719470344137,472.0,25
1719470344137,472.0,25
1719470344137,472.0,25
1719470344137,472.0,25
1719470344137,472.0,25
1719470344137,472.0,25
1719470344137,472.0,25
1719470344137,472.0,25
1719470344137,472.0,25
1719470344137,472.0,25
1719470344137,472.0,25
1719470344137,472.0,25
1719470344137,472.0,25
1719470344137,472.0,25
1719470344137,472.0,25
1719470370666,471.9,25
1719470370666,471.9,25
1719470370666,471.9,25
1719470370666,471.9,25
1719470370666,471.9,25
1719470370666,471.9,25
1719470370666,471.9,25
1719470370666,471.9,25
1719470370666,471.9,25
1719470370666,471.9,25
1719470370666,471.9,25
1719470370666,471.9,25
1719470370666,471.9,25
1719470370666,471.9,25
1719470370666,471.9,25
1719470370666,471.9,25
1719470370666,471.9,25
1719470370666,471.9,25
1719470370666,471.9,25
1719470370666,471.9,25
1719470370666,471.9,25
1719470370666,471.9,25
1719470370666,471.9,25
1719470370666,471.9,25
1719470370666,471.9,25
1719470370666,471.9,25
1719470370666,471.9,25
1719470370666,471.9,25
1719470370666,471.9,25
1719470370666,471.9,25
1719470370666,471.9,25
1719470370666,471.9,25
1719470370666,471.9,25
1719470370666,471.9,25
1719470370666,471.9,25
1719470370666,471.9,25
1719470370666,471.9,25
1719470370666,471.9,25
1719470370666,471.9,25
1719470370666,471.9,25
1719470370666,471.9,25
1719470370666,471.9,25
1719470370666,471.9,25
1719470370666,471.9,25
1719470370666,471.9,25
1719470370666,471.9,25
1719470370666,471.9,25
1719470370666,471.9,25
1719470370666,471.9,25
1719470370666,471.9,25
1719470370666,471.9,25
1719470370666,471.9,25
1719470370666,471.9,25
1719470370666,471.9,25
1719470370666,471.9,25
1719470370666,471.9,25
1719470370666,471.9,25
1719470370666,471.9,25
1719470370666,471.9,25
1719470370666,471.9,25
1719470370666,471.9,25
1719470370666,471.9,25
1719470370666,471.9,25
1719470370666,471.9,25
1719470370666,471.9,25
1719470370666,471.9,25
1719470370666,471.9,25
1719470370666,471.9,25
1719470370666,471.9,25
1719470370666,471.9,25
1719470370666,471.9,25
1719470370666,471.9,25
1719470370666,471.9,25
1719470370666,471.9,25
1719470370666,471.9,25
1719470370666,471.9,25
1719470370666,471.9,25
1719470370666,471.9,25
1719470370666,471.9,25
1719470370666,471.9,25
1719470370666,471.9,25
1719470370666,471.9,25
1719470370666,471.9,25
1719470370666,471.9,25
1719470370666,471.9,25
1719470370666,471.9,25
1719470511369,480.05,50
1719470511369,480.05,50
1719470511369,480.05,50
1719470511369,480.05,50
1719470511369,480.05,50
1719470511369,480.05,50
1719470511369,480.05,50
1719470511369,480.05,50
1719470511369,480.05,50
1719470511369,480.05,50
1719470511369,480.05,50
1719470511369,480.05,50
1719470511369,480.05,50
1719470528815,481.4,25
1719470528815,481.4,25
1719470528815,481.4,25
1719470528815,481.4,25
1719470528815,481.4,25
1719470528815,481.4,25
1719470537648,488.7,25
1719470537648,488.7,25
1719470537648,488.7,25
1719470537648,488.7,25
1719470542998,489.95,100
1719470543216,492.0,75
1719470544910,489.65,50
1719470544910,489.65,50
1719470544910,489.65,50
1719470544910,489.65,50
1719470544910,489.65,50
1719470544910,489.65,50
1719470544910,489.65,50
1719470553172,492.9,50
1719470553311,492.5,50
1719470553311,492.5,50
1719470553311,492.5,50
1719470553311,492.5,50
1719470553311,492.5,50
1719470557676,501.5,50
1719470558445,499.35,50
1719470558921,499.45,25
1719470558921,499.45,25
1719470560957,497.9,50
1719470560957,497.9,50
1719470560957,497.9,50
1719470560957,497.9,50
1719470560957,497.9,50
1719470560957,497.9,50
1719470569646,497.5,50
1719470569646,497.5,50
1719470569646,497.5,50
1719470572306,500.0,50
1719470572306,500.0,50
1719470574311,500.75,50
1719470574311,500.75,50
1719470574311,500.75,50
1719470574311,500.75,50
1719470579161,498.45,50
1719470579161,498.45,50
1719470579161,498.45,50
1719470579161,498.45,50
1719470579161,498.45,50
1719470579161,498.45,50
1719470579161,498.45,50
1719470587268,499.75,25
1719470587268,499.75,25
1719470590239,501.55,25
1719470590239,501.55,25
1719470590239,501.55,25
1719470590239,501.55,25
1719470590239,501.55,25
1719470590239,501.55,25
1719470590239,501.55,25
1719470599762,504.8,25
1719470599762,504.8,25
1719470599762,504.8,25
1719470602723,505.85,25
1719470602723,505.85,25
1719470602723,505.85,25
1719470606520,503.3,25
1719470606520,503.3,25
1719470606520,503.3,25
1719470610320,503.8,50
1719470610320,503.8,50
1719470610320,503.8,50
1719470610320,503.8,50
1719470610320,503.8,50
1719470610320,503.8,50
1719470610320,503.8,50
1719470796606,508.4,50
1719470796606,508.4,50
1719470804406,506.4,150
1719470804406,506.4,150
1719470804406,506.4,150
1719470804406,506.4,150
1719470804406,506.4,150
1719470804406,506.4,150
1719470813308,506.9,50
1719470813308,506.9,50
1719470813308,506.9,50
1719470813308,506.9,50
1719470813308,506.9,50
1719470819862,504.0,25
1719470819862,504.0,25
1719470819862,504.0,25
1719470823187,503.7,25
1719470823187,503.7,25
1719470823187,503.7,25
1719470823187,503.7,25
1719470823187,503.7,25
1719470829872,503.6,50
1719470829872,503.6,50
1719470829872,503.6,50
1719470829872,503.6,50
1719470829872,503.6,50
1719470829872,503.6,50
1719470829872,503.6,50
1719470829872,503.6,50
1719470841326,501.0,125
1719470841326,501.0,125
1719470842469,502.95,25
1719470843189,502.6,125
1719470843189,502.6,125
1719470843189,502.6,125
1719470843189,502.6,125
1719470843189,502.6,125
1719470843189,502.6,125
1719470843189,502.6,125
1719470843189,502.6,125
1719470843189,502.6,125
1719470856997,503.8,50
1719470856997,503.8,50
1719470859697,503.85,50
1719470859697,503.85,50
1719470859697,503.85,50
1719470859697,503.85,50
1719470865378,505.9,100
1719470865378,505.9,100
1719470865378,505.9,100
1719470865378,505.9,100
1719470865378,505.9,100
1719470865378,505.9,100
1719470865378,505.9,100
1719470865378,505.9,100
1719470865378,505.9,100
1719470865378,505.9,100
1719470865378,505.9,100
1719470865378,505.9,100
1719470865378,505.9,100
1719470865378,505.9,100
1719470865378,505.9,100
1719470865378,505.9,100
1719470865378,505.9,100
1719470865378,505.9,100
1719470865378,505.9,100
1719470865378,505.9,100
1719470865378,505.9,100
1719470865378,505.9,100
1719470865378,505.9,100
1719470865378,505.9,100
1719470865378,505.9,100
1719470865378,505.9,100
1719470865378,505.9,100
1719470865378,505.9,100
1719470865378,505.9,100
1719470865378,505.9,100
1719470865378,505.9,100
1719470865378,505.9,100
1719470865378,505.9,100
1719470865378,505.9,100
1719470865378,505.9,100
1719470865378,505.9,100
1719470925010,508.75,50
1719470925010,508.75,50
1719470925010,508.75,50
1719470925010,508.75,50
1719470925010,508.75,50
1719470925010,508.75,50
1719470933573,505.9,50
1719470933573,505.9,50
1719470933573,505.9,50
1719470933573,505.9,50
1719470933573,505.9,50
1719470933573,505.9,50
1719470933573,505.9,50
1719470933573,505.9,50
1719470933573,505.9,50
1719470933573,505.9,50
1719470933573,505.9,50
1719470933573,505.9,50
1719470933573,505.9,50
1719470933573,505.9,50
1719470933573,505.9,50
1719470933573,505.9,50
1719470933573,505.9,50
1719470933573,505.9,50
1719470933573,505.9,50
1719470933573,505.9,50
1719470933573,505.9,50
1719470933573,505.9,50
1719470933573,505.9,50
1719470933573,505.9,50
1719470933573,505.9,50
1719470933573,505.9,50
1719470976367,505.15,25
1719470976367,505.15,25
1719470976367,505.15,25
1719470976367,505.15,25
1719470981702,503.55,50
1719470981702,503.55,50
1719470981702,503.55,50
1719470981702,503.55,50
1719470981702,503.55,50
1719470981702,503.55,50
1719470981702,503.55,50
1719470981702,503.55,50
1719470981702,503.55,50
1719470981702,503.55,50
1719470981702,503.55,50
1719470981702,503.55,50
1719470981702,503.55,50
1719470981702,503.55,50
1719470981702,503.55,50
1719470981702,503.55,50
1719470981702,503.55,50
1719470981702,503.55,50
1719470981702,503.55,50
1719470981702,503.55,50
1719470981702,503.55,50
1719471012802,506.3,25
1719471012802,506.3,25
1719471012802,506.3,25
1719471012802,506.3,25
1719471012802,506.3,25
1719471012802,506.3,25
1719471012802,506.3,25
1719471012802,506.3,25
1719471012802,506.3,25
1719471012802,506.3,25
1719471012802,506.3,25
1719471012802,506.3,25
1719471012802,506.3,25
1719471012802,506.3,25
1719471012802,506.3,25
1719471012802,506.3,25
1719471012802,506.3,25
1719471012802,506.3,25
1719471012802,506.3,25
1719471012802,506.3,25
1719471012802,506.3,25
1719471012802,506.3,25
1719471012802,506.3,25
1719471012802,506.3,25
1719471012802,506.3,25
1719471012802,506.3,25
1719471012802,506.3,25
1719471012802,506.3,25
1719471012802,506.3,25
1719471012802,506.3,25
1719471012802,506.3,25
1719471012802,506.3,25
1719471012802,506.3,25
1719471012802,506.3,25
1719471012802,506.3,25
1719471012802,506.3,25
1719471012802,506.3,25
1719471012802,506.3,25
1719471012802,506.3,25
1719471012802,506.3,25
1719471012802,506.3,25
1719471012802,506.3,25
1719471012802,506.3,25
1719471012802,506.3,25
1719471012802,506.3,25
1719471084382,503.0,275
1719471084382,503.0,275
1719471084382,503.0,275
1719471084382,503.0,275
1719471089718,505.1,50
1719471089718,505.1,50
1719471089718,505.1,50
1719471090746,506.3,50
1719471090746,506.3,50
1719471090746,506.3,50
1719471090746,506.3,50
1719471090746,506.3,50
1719471090746,506.3,50
1719471090746,506.3,50
1719471090746,506.3,50
1719471090746,506.3,50
1719471090746,506.3,50
1719471106425,501.55,25
1719471106425,501.55,25
1719471108092,500.0,100
1719471108092,500.0,100
1719471108092,500.0,100
1719471108092,500.0,100
1719471108092,500.0,100
1719471108092,500.0,100
1719471108092,500.0,100
1719471108092,500.0,100
1719471108092,500.0,100
1719471108092,500.0,100
1719471108092,500.0,100
1719471122992,500.3,25
1719471122992,500.3,25
1719471122992,500.3,25
1719471122992,500.3,25
1719471122992,500.3,25
1719471122992,500.3,25
1719471122992,500.3,25
1719471122992,500.3,25
1719471122992,500.3,25
1719471122992,500.3,25
1719471122992,500.3,25
1719471122992,500.3,25
1719471122992,500.3,25
1719471122992,500.3,25
1719471144656,502.75,25
1719471144656,502.75,25
1719471144656,502.75,25
1719471144656,502.75,25
1719471150430,498.25,50
1719471150430,498.25,50
1719471150430,498.25,50
1719471150430,498.25,50
1719471150430,498.25,50
1719471150430,498.25,50
1719471150430,498.25,50
1719471150430,498.25,50
1719471150430,498.25,50
1719471150430,498.25,50
1719471150430,498.25,50
1719471150430,498.25,50
1719471150430,498.25,50
1719471150430,498.25,50
1719471150430,498.25,50
1719471150430,498.25,50
1719471150430,498.25,50
1719471150430,498.25,50
1719471150430,498.25,50
1719471150430,498.25,50
1719471150430,498.25,50
1719471150430,498.25,50
1719471150430,498.25,50
1719471150430,498.25,50
1719471150430,498.25,50
1719471150430,498.25,50
1719471150430,498.25,50
1719471150430,498.25,50
1719471150430,498.25,50
1719471150430,498.25,50
1719471150430,498.25,50
1719471150430,498.25,50
1719471150430,498.25,50
1719471150430,498.25,50
