time,price,volume
1719461502195,353.55,25
1719461502195,353.55,25
1719461502195,353.55,25
1719461502195,353.55,25
1719461506327,353.4,75
1719461506758,353.4,275
1719461506758,353.4,275
1719461507988,350.65,25
1719461508155,351.3,25
1719461508155,351.3,25
1719461508155,351.3,25
1719461510553,353.15,25
1719461510553,353.15,25
1719461511421,351.8,100
1719461511421,351.8,100
1719461511421,351.8,100
1719461511421,351.8,100
1719461511421,351.8,100
1719461515125,351.8,25
1719461515826,350.0,25
1719461516272,348.5,25
1719461516272,348.5,25
1719461517573,349.95,25
1719461517573,349.95,25
1719461518676,351.75,50
1719461519140,353.05,25
1719461519140,353.05,25
1719461519140,353.05,25
1719461519140,353.05,25
1719461520596,351.9,50
1719461520596,351.9,50
1719461522085,353.4,75
1719461522085,353.4,75
1719461522085,353.4,75
1719461524556,355.05,25
1719461524636,355.0,25
1719461524636,355.0,25
1719461526092,356.1,25
1719461526611,356.75,25
1719461526832,357.45,25
1719461527510,358.65,25
1719461527730,359.05,25
1719461527730,359.05,25
1719461527730,359.05,25
1719461527730,359.05,25
1719461527730,359.05,25
1719461527730,359.05,25
1719461532261,357.6,50
1719461532261,357.6,50
1719461532261,357.6,50
1719461532261,357.6,50
1719461532261,357.6,50
1719461536501,357.85,25
1719461536501,357.85,25
1719461536501,357.85,25
1719461536501,357.85,25
1719461539209,357.7,25
1719461539209,357.7,25
1719461540579,359.0,125
1719461540579,359.0,125
1719461540579,359.0,125
1719461542013,359.8,25
1719461542013,359.8,25
1719461542013,359.8,25
1719461542013,359.8,25
1719461545392,362.0,100
1719461546181,364.0,50
1719461546181,364.0,50
1719461547246,361.5,25
1719461547246,361.5,25
1719461547246,361.5,25
1719461547246,361.5,25
1719461547246,361.5,25
1719461547246,361.5,25
1719461547246,361.5,25
1719461547246,361.5,25
1719461547246,361.5,25
1719461547246,361.5,25
1719461547246,361.5,25
1719461547246,361.5,25
1719461558038,358.75,50
1719461558038,358.75,50
1719461558038,358.75,50
1719461558038,358.75,50
1719461558038,358.75,50
1719461560949,359.4,25
1719461560949,359.4,25
1719461560949,359.4,25
1719461562945,361.15,25
1719461563624,362.8,25
1719461563624,362.8,25
1719461563624,362.8,25
1719461565403,364.35,50
1719461565403,364.35,50
1719461565403,364.35,50
1719461567555,363.55,25
1719461567555,363.55,25
1719461568337,363.5,25
1719461568337,363.5,25
1719461568337,363.5,25
1719461570445,364.35,125
1719461570445,364.35,125
1719461570445,364.35,125
1719461570445,364.35,125
1719461573846,361.45,25
1719461573846,361.45,25
1719461573846,361.45,25
1719461573846,361.45,25
1719461577759,360.25,50
1719461577759,360.25,50
1719461577759,360.25,50
1719461577759,360.25,50
1719461577759,360.25,50
1719461577759,360.25,50
1719461580690,360.15,75
1719461581623,359.35,25
1719461581623,359.35,25
1719461582160,359.45,25
1719461582160,359.45,25
1719461582908,359.2,25
1719461582908,359.2,25
1719461582908,359.2,25
1719461582908,359.2,25
1719461582908,359.2,25
1719461582908,359.2,25
1719461588216,362.8,25
1719461588456,361.75,25
1719461588456,361.75,25
1719461590847,363.15,25
1719461590847,363.15,25
1719461590847,363.15,25
1719461590847,363.15,25
1719461593314,364.35,75
1719461593314,364.35,75
1719461593820,362.8,25
1719461594722,361.55,25
1719461595495,362.15,25
1719461595495,362.15,25
1719461596535,359.9,150
1719461596535,359.9,150
1719461597580,361.0,450
1719461597969,359.85,50
1719461597969,359.85,50
1719461599650,359.0,50
1719461599862,359.15,25
1719461599862,359.15,25
1719461599862,359.15,25
1719461599862,359.15,25
1719461601598,358.5,25
1719461601598,358.5,25
1719461603162,360.15,25
1719461603162,360.15,25
1719461603162,360.15,25
1719461603162,360.15,25
1719461603162,360.15,25
1719461603162,360.15,25
1719461608936,362.3,150
1719461608936,362.3,150
1719461608936,362.3,150
1719461608936,362.3,150
1719461608936,362.3,150
1719461608936,362.3,150
1719461613569,360.5,50
1719461613569,360.5,50
1719461613569,360.5,50
1719461613569,360.5,50
1719461613569,360.5,50
1719461613569,360.5,50
1719461618481,363.5,100
1719461618481,363.5,100
1719461618481,363.5,100
1719461620645,361.1,25
1719461620645,361.1,25
1719461620645,361.1,25
1719461620645,361.1,25
1719461620645,361.1,25
1719461624514,355.95,25
1719461624565,356.35,25
1719461624565,356.35,25
1719461625570,355.0,25
1719461625570,355.0,25
1719461625570,355.0,25
1719461625570,355.0,25
1719461625570,355.0,25
1719461625570,355.0,25
1719461630802,354.15,25
1719461631896,356.75,25
1719461631896,356.75,25
1719461632458,355.5,75
1719461632816,355.15,25
1719461632816,355.15,25
1719461632816,355.15,25
1719461632816,355.15,25
1719461632816,355.15,25
1719461632816,355.15,25
1719461632816,355.15,25
1719461632816,355.15,25
1719461639049,356.35,25
1719461639049,356.35,25
1719461639049,356.35,25
1719461639049,356.35,25
1719461639049,356.35,25
1719461642036,357.15,50
1719461642036,357.15,50
1719461643714,356.7,25
1719461643714,356.7,25
1719461643714,356.7,25
1719461643714,356.7,25
1719461643714,356.7,25
1719461643714,356.7,25
1719461643714,356.7,25
1719461643714,356.7,25
1719461649611,357.3,200
1719461649611,357.3,200
1719461649611,357.3,200
1719461649611,357.3,200
1719461649611,357.3,200
1719461649611,357.3,200
1719461649611,357.3,200
1719461656327,353.3,25
1719461656327,353.3,25
1719461656327,353.3,25
1719461656327,353.3,25
1719461656327,353.3,25
1719461656327,353.3,25
1719461656327,353.3,25
1719461662000,360.45,25
1719461663686,360.2,1125
1719461663686,360.2,1125
1719461663686,360.2,1125
1719461663686,360.2,1125
1719461666610,359.15,25
1719461666610,359.15,25
1719461666610,359.15,25
1719461668054,356.0,1700
1719461668054,356.0,1700
1719461668054,356.0,1700
1719461670543,355.75,450
1719461670543,355.75,450
1719461670543,355.75,450
1719461672744,357.2,25
1719461672744,357.2,25
1719461672744,357.2,25
1719461672744,357.2,25
1719461675967,356.6,25
1719461675967,356.6,25
1719461677220,355.75,25
1719461677220,355.75,25
1719461677220,355.75,25
1719461677220,355.75,25
1719461677220,355.75,25
1719461681966,355.8,75
1719461681966,355.8,75
1719461681966,355.8,75
1719461681966,355.8,75
1719461681966,355.8,75
1719461681966,355.8,75
1719461681966,355.8,75
1719461681966,355.8,75
1719461689510,356.65,25
1719461689510,356.65,25
1719461689510,356.65,25
1719461691077,354.25,25
1719461691077,354.25,25
1719461691077,354.25,25
1719461691077,354.25,25
1719461691077,354.25,25
1719461691077,354.25,25
1719461691077,354.25,25
1719461691077,354.25,25
1719461698524,355.7,25
1719461698524,355.7,25
1719461698524,355.7,25
1719461698524,355.7,25
1719461701143,353.95,25
1719461701214,353.9,200
1719461701214,353.9,200
1719461702576,352.65,25
1719461702976,353.9,25
1719461703498,355.0,50
1719461703498,355.0,50
1719461704746,354.2,50
1719461705608,356.25,150
1719461705608,356.25,150
1719461706476,357.0,25
1719461707219,357.15,200
1719461707808,359.65,25
1719461707944,359.6,25
1719461707944,359.6,25
1719461709745,358.2,25
1719461709745,358.2,25
1719461710138,356.65,25
1719461710849,355.45,25
1719461710849,355.45,25
1719461710849,355.45,25
1719461712440,356.3,25
1719461712440,356.3,25
1719461712440,356.3,25
1719461712440,356.3,25
1719461712440,356.3,25
1719461712440,356.3,25
1719461712440,356.3,25
1719461712440,356.3,25
1719461719641,356.3,25
1719461720348,353.8,25
1719461720348,353.8,25
1719461720348,353.8,25
1719461720348,353.8,25
1719461720348,353.8,25
1719461720348,353.8,25
1719461720348,353.8,25
1719461720348,353.8,25
1719461720348,353.8,25
1719461720348,353.8,25
1719461720348,353.8,25
1719461720348,353.8,25
1719461730452,352.5,25
1719461731075,354.15,100
1719461731747,352.0,100
1719461732194,350.0,25
1719461732804,349.65,25
1719461733421,348.65,25
1719461733421,348.65,25
1719461734629,344.3,25
1719461734629,344.3,25
1719461735872,342.2,200
1719461736015,341.6,25
1719461736736,342.25,25
1719461736736,342.25,25
1719461738274,346.8,25
1719461738274,346.8,25
1719461739010,345.9,25
1719461739105,347.0,50
1719461739105,347.0,50
1719461739105,347.0,50
1719461740941,346.4,25
1719461740941,346.4,25
1719461740941,346.4,25
1719461743212,347.55,25
1719461743745,347.25,25
1719461744198,347.0,100
1719461744198,347.0,100
1719461745296,346.4,250
1719461745296,346.4,250
1719461745296,346.4,250
1719461745296,346.4,250
1719461748525,344.7,25
1719461748525,344.7,25
1719461748525,344.7,25
1719461750765,343.8,25
1719461750880,343.1,25
1719461751513,343.3,25
1719461751923,342.95,50
1719461752924,342.2,25
1719461753840,343.3,25
1719461754134,343.35,25
1719461754843,343.7,25
1719461754843,343.7,25
1719461755652,342.8,50
1719461755652,342.8,50
1719461755652,342.8,50
1719461757209,344.1,200
1719461757209,344.1,200
1719461759001,343.45,25
1719461759001,343.45,25
1719461759001,343.45,25
1719461759001,343.45,25
1719461762339,342.4,25
1719461762339,342.4,25
1719461762339,342.4,25
1719461766281,343.95,25
1719461768681,344.5,25
1719461768681,344.5,25
1719461768681,344.5,25
1719461769873,344.4,25
1719461769873,344.4,25
1719461771054,343.3,25
1719461771054,343.3,25
1719461772206,345.0,25
1719461772448,345.45,25
1719461772448,345.45,25
1719461772448,345.45,25
1719461772448,345.45,25
1719461775664,344.95,25
1719461775664,344.95,25
1719461775664,344.95,25
1719461775664,344.95,25
1719461775664,344.95,25
1719461792163,338.35,25
1719461794032,340.0,200
1719461794032,340.0,200
1719461794596,340.15,25
1719461794880,340.35,25
1719461795506,339.25,25
1719461795506,339.25,25
1719461796846,340.65,50
1719461796846,340.65,50
1719461797873,339.4,25
1719461798137,339.25,25
1719461798681,337.6,25
1719461798681,337.6,25
1719461799898,339.2,25
1719461799898,339.2,25
1719461799898,339.2,25
1719461799898,339.2,25
1719461802846,338.75,25
1719461802846,338.75,25
1719461803811,337.6,25
1719461803811,337.6,25
1719461803811,337.6,25
1719461803811,337.6,25
1719461803811,337.6,25
1719461807578,339.35,25
1719461807578,339.35,25
1719461807578,339.35,25
1719461810028,340.0,450
1719461810028,340.0,450
1719461810028,340.0,450
1719461810028,340.0,450
1719461812410,340.2,50
1719461818072,342.25,25
1719461860434,346.45,25
1719461860434,346.45,25
1719461862870,345.8,125
1719461862870,345.8,125
1719461863553,345.5,325
1719461863553,345.5,325
1719461864336,345.55,25
1719461864336,345.55,25
1719461865834,344.95,25
1719461873041,346.7,100
1719461873244,346.65,25
1719461873244,346.65,25
1719461873244,346.65,25
1719461874850,348.6,100
1719461874850,348.6,100
1719461874850,348.6,100
1719461874850,348.6,100
1719461874850,348.6,100
1719461874850,348.6,100
1719461874850,348.6,100
1719461874850,348.6,100
1719461880570,349.05,75
1719461880884,348.1,25
1719461880884,348.1,25
1719461881866,350.0,50
1719461882469,350.6,75
1719461882469,350.6,75
1719461882469,350.6,75
1719461882469,350.6,75
1719461882469,350.6,75
1719461886312,347.65,125
1719461886524,347.5,25
1719461886524,347.5,25
1719461886524,347.5,25
1719461886524,347.5,25
1719461886524,347.5,25
1719461886524,347.5,25
1719461886524,347.5,25
1719461886524,347.5,25
1719461886524,347.5,25
1719461886524,347.5,25
1719461886524,347.5,25
1719461896489,349.55,75
1719461896831,349.25,50
1719461896831,349.25,50
1719461896831,349.25,50
1719461896831,349.25,50
1719461896831,349.25,50
1719461896831,349.25,50
1719461896831,349.25,50
1719461902917,347.5,50
1719461902917,347.5,50
1719461902917,347.5,50
1719461902917,347.5,50
1719461902917,347.5,50
1719461902917,347.5,50
1719461902917,347.5,50
1719461902917,347.5,50
1719461902917,347.5,50
1719461902917,347.5,50
1719461911303,352.0,50
1719461911372,353.1,25
1719461911372,353.1,25
1719461911372,353.1,25
1719461911372,353.1,25
1719461911372,353.1,25
1719461911372,353.1,25
1719461916536,353.1,200
1719461916536,353.1,200
1719461917327,352.05,100
1719461917327,352.05,100
1719461917327,352.05,100
1719461917327,352.05,100
1719461917327,352.05,100
1719461920611,351.4,175
1719461920611,351.4,175
1719461920611,351.4,175
1719461922844,349.95,75
1719461923055,349.95,25
1719461923055,349.95,25
1719461923055,349.95,25
1719461924427,349.75,75
1719461925155,349.5,25
1719461925155,349.5,25
1719461926066,347.5,75
1719461926066,347.5,75
1719461926066,347.5,75
1719461926066,347.5,75
1719461928960,348.75,25
1719461928960,348.75,25
1719461929697,349.6,50
1719461929697,349.6,50
1719461929697,349.6,50
1719461931578,349.05,100
1719461931578,349.05,100
1719461931578,349.05,100
1719461931578,349.05,100
1719461931578,349.05,100
1719461931578,349.05,100
1719461931578,349.05,100
1719461931578,349.05,100
1719461939485,348.65,25
1719461939485,348.65,25
1719461939485,348.65,25
1719461940802,347.9,150
1719461940802,347.9,150
1719461940802,347.9,150
1719461940802,347.9,150
1719461942464,348.95,25
1719461942464,348.95,25
1719461942464,348.95,25
1719461942464,348.95,25
1719461942464,348.95,25
1719461946216,347.2,25
1719461946216,347.2,25
1719461948085,346.5,150
1719461948323,347.0,25
1719461948323,347.0,25
1719461948323,347.0,25
1719461950347,345.8,25
1719461950347,345.8,25
1719461950347,345.8,25
1719461950347,345.8,25
1719461950347,345.8,25
1719461954131,345.0,275
1719461954866,345.15,25
1719461954866,345.15,25
1719461954866,345.15,25
1719461954866,345.15,25
1719461958515,344.6,25
1719461958515,344.6,25
1719461959138,342.6,25
1719461959489,343.45,25
1719461960089,341.25,25
1719461960696,340.0,25
1719461960696,340.0,25
1719461961674,337.85,25
1719461962100,337.7,25
1719461963157,336.0,25
1719461963187,336.0,25
1719461963965,337.6,150
1719461963965,337.6,150
1719461964969,337.85,25
1719461964971,337.85,325
1719461964971,337.85,325
1719461966229,338.3,25
1719461966229,338.3,25
1719461966229,338.3,25
1719461967724,338.45,50
1719461967724,338.45,50
1719461967724,338.45,50
1719461967724,338.45,50
1719461967724,338.45,50
1719461967724,338.45,50
1719461971438,338.3,250
1719461971438,338.3,250
1719461971438,338.3,250
1719461971438,338.3,250
1719461974061,338.7,25
1719461974896,339.4,50
1719461974896,339.4,50
1719461974896,339.4,50
1719461977688,339.0,25
1719461978848,340.7,25
1719461978848,340.7,25
1719461979464,340.0,25
1719461979464,340.0,25
1719461979464,340.0,25
1719461979464,340.0,25
1719461983297,337.8,25
1719461983475,337.2,25
1719461983909,336.15,25
1719461983909,336.15,25
1719461984855,335.4,25
1719461985730,336.45,25
1719461985730,336.45,25
1719461986607,336.6,25
1719461986607,336.6,25
1719461986607,336.6,25
1719461986607,336.6,25
1719461986607,336.6,25
1719461986607,336.6,25
1719461986607,336.6,25
1719461986607,336.6,25
1719461993152,337.5,25
1719461993152,337.5,25
1719461993152,337.5,25
1719461993152,337.5,25
1719461995857,334.2,75
1719461995857,334.2,75
1719461995857,334.2,75
1719461995857,334.2,75
1719461998622,338.2,25
1719461999595,337.35,25
1719461999595,337.35,25
1719462000185,337.75,150
1719462000185,337.75,150
1719462000185,337.75,150
1719462001334,336.25,75
1719462001894,335.1,50
1719462001894,335.1,50
1719462001894,335.1,50
1719462001894,335.1,50
1719462001894,335.1,50
1719462001894,335.1,50
1719462007033,334.0,50
1719462007033,334.0,50
1719462008332,332.1,25
1719462008332,332.1,25
1719462009244,332.9,25
1719462009244,332.9,25
1719462009244,332.9,25
1719462009244,332.9,25
1719462012317,334.8,50
1719462012317,334.8,50
1719462012317,334.8,50
1719462014164,334.75,25
1719462014164,334.75,25
1719462015064,335.3,25
1719462015437,334.9,25
1719462015437,334.9,25
1719462016370,334.5,350
1719462016787,334.45,25
1719462016787,334.45,25
1719462017878,332.9,25
1719462017878,332.9,25
1719462017878,332.9,25
1719462020154,333.4,25
1719462020154,333.4,25
1719462020154,333.4,25
1719462022269,336.9,150
1719462022269,336.9,150
1719462024625,338.0,150
1719462024625,338.0,150
1719462024625,338.0,150
1719462026578,337.95,25
1719462026578,337.95,25
1719462027754,338.5,50
1719462027754,338.5,50
1719462027754,338.5,50
1719462027754,338.5,50
1719462027754,338.5,50
1719462030996,336.9,225
1719462030996,336.9,225
1719462030996,336.9,225
1719462030996,336.9,225
1719462030996,336.9,225
1719462034073,336.1,25
1719462034073,336.1,25
1719462034073,336.1,25
1719462034073,336.1,25
1719462036697,336.45,125
1719462037209,336.45,50
1719462037209,336.45,50
1719462037209,336.45,50
1719462037209,336.45,50
1719462037209,336.45,50
1719462037209,336.45,50
1719462037209,336.45,50
1719462037209,336.45,50
1719462037209,336.45,50
1719462043897,338.85,25
1719462044926,339.0,300
1719462044926,339.0,300
1719462046112,339.1,25
1719462046112,339.1,25
1719462046112,339.1,25
1719462046112,339.1,25
1719462046112,339.1,25
1719462050100,337.4,50
1719462050100,337.4,50
1719462051712,335.55,25
1719462051712,335.55,25
1719462052554,335.0,25
1719462052554,335.0,25
1719462052554,335.0,25
1719462052554,335.0,25
1719462055971,336.0,50
1719462055971,336.0,50
1719462055971,336.0,50
1719462055971,336.0,50
1719462058700,338.35,25
1719462059097,338.65,75
1719462059097,338.65,75
1719462059097,338.65,75
1719462059097,338.65,75
1719462061059,336.75,25
1719462061846,335.0,25
1719462061846,335.0,25
1719462062477,335.85,250
1719462062477,335.85,250
1719462065292,338.55,25
1719462065292,338.55,25
1719462065292,338.55,25
1719462067759,338.6,25
1719462067759,338.6,25
1719462067759,338.6,25
1719462067759,338.6,25
1719462071970,338.75,25
1719462071970,338.75,25
1719462071970,338.75,25
1719462071970,338.75,25
1719462071970,338.75,25
1719462071970,338.75,25
1719462071970,338.75,25
1719462071970,338.75,25
1719462071970,338.75,25
1719462071970,338.75,25
1719462071970,338.75,25
1719462071970,338.75,25
1719462082510,339.1,25
1719462082742,341.4,25
1719462082742,341.4,25
1719462082742,341.4,25
1719462082742,341.4,25
1719462082742,341.4,25
1719462082742,341.4,25
1719462082742,341.4,25
1719462082742,341.4,25
1719462082742,341.4,25
1719462090670,340.6,25
1719462090670,340.6,25
1719462090670,340.6,25
1719462090670,340.6,25
1719462090670,340.6,25
1719462094599,341.7,350
1719462094851,342.0,25
1719462094851,342.0,25
1719462094851,342.0,25
1719462094851,342.0,25
1719462094851,342.0,25
1719462099092,342.0,25
1719462099388,341.85,75
1719462099388,341.85,75
1719462099388,341.85,75
1719462099388,341.85,75
1719462103714,341.85,25
1719462103714,341.85,25
1719462105355,342.2,50
1719462105355,342.2,50
1719462105355,342.2,50
1719462105355,342.2,50
1719462107615,342.3,25
1719462108370,341.15,50
1719462108492,341.15,75
1719462108492,341.15,75
1719462108492,341.15,75
1719462110055,339.1,25
1719462110055,339.1,25
1719462110055,339.1,25
1719462110055,339.1,25
1719462110055,339.1,25
1719462110055,339.1,25
1719462110055,339.1,25
1719462110055,339.1,25
1719462110055,339.1,25
1719462117157,340.4,50
1719462117157,340.4,50
1719462118563,340.95,75
1719462118563,340.95,75
1719462119328,342.0,250
1719462119328,342.0,250
1719462119328,342.0,250
1719462119328,342.0,250
1719462119328,342.0,250
1719462121821,343.0,25
1719462121889,342.9,25
1719462121889,342.9,25
1719462122613,343.1,25
1719462123478,343.65,25
1719462123478,343.65,25
1719462123478,343.65,25
1719462124879,343.55,50
1719462125529,342.65,75
1719462125529,342.65,75
1719462125529,342.65,75
1719462125529,342.65,75
1719462128603,343.65,25
1719462128603,343.65,25
1719462128603,343.65,25
1719462128603,343.65,25
1719462128603,343.65,25
1719462131622,343.75,25
1719462133448,345.0,25
1719462133448,345.0,25
1719462133448,345.0,25
1719462133448,345.0,25
1719462133448,345.0,25
1719462137025,342.55,75
1719462137077,343.25,25
1719462137077,343.25,25
1719462137077,343.25,25
1719462138616,344.55,75
1719462138616,344.55,75
1719462138616,344.55,75
1719462138616,344.55,75
1719462138616,344.55,75
1719462143136,345.55,75
1719462143136,345.55,75
1719462143136,345.55,75
1719462143136,345.55,75
1719462146857,344.55,350
1719462146857,344.55,350
1719462146857,344.55,350
1719462146857,344.55,350
1719462146857,344.55,350
1719462146857,344.55,350
1719462146857,344.55,350
1719462146857,344.55,350
1719462146857,344.55,350
1719462146857,344.55,350
1719462146857,344.55,350
1719462146857,344.55,350
1719462146857,344.55,350
1719462158178,344.1,25
1719462158178,344.1,25
1719462158178,344.1,25
1719462158178,344.1,25
1719462158178,344.1,25
1719462158178,344.1,25
1719462163191,346.0,50
1719462163191,346.0,50
1719462163191,346.0,50
1719462163191,346.0,50
1719462163191,346.0,50
1719462166940,346.4,25
1719462166940,346.4,25
1719462166940,346.4,25
1719462169665,349.0,25
1719462169694,348.85,25
1719462169694,348.85,25
1719462169694,348.85,25
1719462169694,348.85,25
1719462169694,348.85,25
1719462172790,346.5,25
1719462173395,345.0,150
1719462173395,345.0,150
1719462174142,344.1,25
1719462174142,344.1,25
1719462174142,344.1,25
1719462176475,344.8,25
1719462177004,345.5,25
1719462177614,346.3,25
1719462177614,346.3,25
1719462177614,346.3,25
1719462177614,346.3,25
1719462179939,347.5,25
1719462179939,347.5,25
1719462179939,347.5,25
1719462179939,347.5,25
1719462179939,347.5,25
1719462179939,347.5,25
1719462179939,347.5,25
1719462179939,347.5,25
1719462179939,347.5,25
1719462186990,348.85,500
1719462186990,348.85,500
1719462189024,349.4,100
1719462189024,349.4,100
1719462190528,348.9,25
1719462190528,348.9,25
1719462190528,348.9,25
1719462192338,347.5,275
1719462192338,347.5,275
1719462192851,348.0,25
1719462193752,348.0,25
1719462193752,348.0,25
1719462193752,348.0,25
1719462193752,348.0,25
1719462193752,348.0,25
1719462196742,347.9,50
1719462196742,347.9,50
1719462197890,348.0,25
1719462197890,348.0,25
1719462199783,348.5,50
1719462199783,348.5,50
1719462199783,348.5,50
1719462201842,346.05,25
1719462201842,346.05,25
1719462202352,346.05,25
1719462202445,346.5,25
1719462203294,344.85,25
1719462203294,344.85,25
1719462204113,344.55,25
1719462204156,344.0,25
1719462204156,344.0,25
1719462204156,344.0,25
1719462204156,344.0,25
1719462204156,344.0,25
1719462207787,343.5,25
1719462208639,345.55,25
1719462208976,345.9,25
1719462208976,345.9,25
1719462208976,345.9,25
1719462210564,346.2,25
1719462210564,346.2,25
1719462210564,346.2,25
1719462210564,346.2,25
1719462210564,346.2,25
1719462210564,346.2,25
1719462210564,346.2,25
1719462210564,346.2,25
1719462210564,346.2,25
1719462210564,346.2,25
1719462210564,346.2,25
1719462210564,346.2,25
1719462221931,346.5,75
1719462221931,346.5,75
1719462221931,346.5,75
1719462221931,346.5,75
1719462221931,346.5,75
1719462221931,346.5,75
1719462221931,346.5,75
1719462221931,346.5,75
1719462229305,345.45,25
1719462229305,345.45,25
1719462230205,347.4,50
1719462230205,347.4,50
1719462230205,347.4,50
1719462230205,347.4,50
1719462230205,347.4,50
1719462234385,347.4,100
1719462234385,347.4,100
1719462234385,347.4,100
1719462234385,347.4,100
1719462234385,347.4,100
1719462238065,348.5,25
1719462238763,348.2,25
1719462239371,347.95,25
1719462239371,347.95,25
1719462239371,347.95,25
1719462242138,345.6,100
1719462242138,345.6,100
1719462243095,345.7,100
1719462243095,345.7,100
1719462243095,345.7,100
1719462243095,345.7,100
1719462246708,343.5,25
1719462247069,342.85,25
1719462247069,342.85,25
1719462247069,342.85,25
1719462249477,343.2,25
1719462249477,343.2,25
1719462249477,343.2,25
1719462249477,343.2,25
1719462249477,343.2,25
1719462249477,343.2,25
1719462249477,343.2,25
1719462249477,343.2,25
1719462249477,343.2,25
1719462249477,343.2,25
1719462249477,343.2,25
1719462249477,343.2,25
1719462249477,343.2,25
1719462249477,343.2,25
1719462249477,343.2,25
1719462249477,343.2,25
1719462249477,343.2,25
1719462249477,343.2,25
1719462249477,343.2,25
1719462249477,343.2,25
1719462249477,343.2,25
1719462249477,343.2,25
1719462249477,343.2,25
1719462249477,343.2,25
1719462271883,342.7,25
1719462271883,342.7,25
1719462271883,342.7,25
1719462272976,342.95,25
1719462272976,342.95,25
1719462272976,342.95,25
1719462272976,342.95,25
1719462272976,342.95,25
1719462277508,340.25,25
1719462277700,340.0,50
1719462277700,340.0,50
1719462277700,340.0,50
1719462279238,339.6,50
1719462279552,339.65,25
1719462279552,339.65,25
1719462280328,339.35,25
1719462281184,339.0,25
1719462281498,338.15,50
1719462281498,338.15,50
1719462282861,338.45,25
1719462282861,338.45,25
1719462282861,338.45,25
1719462284989,340.55,25
1719462284989,340.55,25
1719462284989,340.55,25
1719462284989,340.55,25
1719462284989,340.55,25
1719462284989,340.55,25
1719462289857,338.05,75
1719462289857,338.05,75
1719462291086,337.7,75
1719462292115,335.75,25
1719462292115,335.75,25
1719462292115,335.75,25
1719462293527,338.35,50
1719462293647,338.5,25
1719462294424,339.0,25
1719462295350,339.25,25
1719462295377,339.15,25
1719462295377,339.15,25
1719462296933,339.05,25
1719462296933,339.05,25
1719462297762,338.75,50
1719462298080,339.0,250
1719462298080,339.0,250
1719462298080,339.0,250
1719462298080,339.0,250
1719462300611,337.35,100
1719462300611,337.35,100
1719462300611,337.35,100
1719462300611,337.35,100
1719462300611,337.35,100
1719462300611,337.35,100
1719462300611,337.35,100
1719462300611,337.35,100
1719462308503,336.45,75
1719462308503,336.45,75
1719462308503,336.45,75
1719462308503,336.45,75
1719462311693,337.25,100
1719462311693,337.25,100
1719462312156,334.25,100
1719462312766,334.0,25
1719462312766,334.0,25
1719462313486,332.6,25
1719462313486,332.6,25
1719462328203,332.85,25
1719462328203,332.85,25
1719462328203,332.85,25
1719462329784,332.75,25
1719462329784,332.75,25
1719462332669,334.25,50
1719462332669,334.25,50
1719462332669,334.25,50
1719462332669,334.25,50
1719462332669,334.25,50
1719462336528,333.0,25
1719462336528,333.0,25
1719462336528,333.0,25
1719462336528,333.0,25
1719462336528,333.0,25
1719462336528,333.0,25
1719462336528,333.0,25
1719462348797,334.2,100
1719462348797,334.2,100
1719462349929,333.75,25
1719462350239,334.0,25
1719462350239,334.0,25
1719462352129,334.6,25
1719462352129,334.6,25
1719462353310,335.2,100
1719462353310,335.2,100
1719462353971,335.15,25
1719462353971,335.15,25
1719462355317,334.75,25
1719462355479,334.05,150
1719462355479,334.05,150
1719462355479,334.05,150
1719462355479,334.05,150
1719462355479,334.05,150
1719462359650,335.15,25
1719462359650,335.15,25
1719462359650,335.15,25
1719462359650,335.15,25
1719462359650,335.15,25
1719462359650,335.15,25
1719462359650,335.15,25
1719462359650,335.15,25
1719462359650,335.15,25
1719462359650,335.15,25
1719462359650,335.15,25
1719462368468,338.1,25
1719462368468,338.1,25
1719462368468,338.1,25
1719462368468,338.1,25
1719462372156,335.15,150
1719462372567,335.15,75
1719462372567,335.15,75
1719462372567,335.15,75
1719462405584,325.8,25
1719462405584,325.8,25
1719462406775,324.45,25
1719462407164,323.9,25
1719462407779,322.65,25
1719462408105,321.0,575
1719462408105,321.0,575
1719462410018,321.55,25
1719462410237,321.3,25
1719462410356,320.65,25
1719462411066,320.55,25
1719462411066,320.55,25
1719462412207,320.0,25
1719462412772,319.7,25
1719462412772,319.7,25
1719462413653,319.8,25
1719462413653,319.8,25
1719462415175,316.75,50
1719462415314,315.8,100
1719462416049,314.55,25
1719462416049,314.55,25
1719462417180,314.1,25
1719462417180,314.1,25
1719462418030,313.5,25
1719462418030,313.5,25
1719462419179,312.0,75
1719462419415,312.3,50
1719462419415,312.3,50
1719462419415,312.3,50
1719462421158,309.1,75
1719462422038,305.0,25
1719462422629,304.05,25
1719462423195,304.3,25
1719462423195,304.3,25
1719462424298,305.65,25
1719462425308,306.5,25
1719462425997,306.75,25
1719462427544,308.4,25
1719462427946,309.5,100
1719462428301,310.05,25
1719462428301,310.05,25
1719462429861,308.7,125
1719462429861,308.7,125
1719462429861,308.7,125
1719462429861,308.7,125
1719462432386,307.4,150
1719462432637,308.55,25
1719462432637,308.55,25
1719462434560,307.5,50
1719462434560,307.5,50
1719462434980,307.75,25
1719462435814,305.45,50
1719462436211,305.8,25
1719462436211,305.8,25
1719462436211,305.8,25
1719462438101,304.5,25
1719462438101,304.5,25
1719462440117,307.15,25
1719462440117,307.15,25
1719462440117,307.15,25
1719462440117,307.15,25
1719462440117,307.15,25
1719462443110,306.2,50
1719462444037,306.2,25
1719462444391,306.0,150
1719462445230,304.05,25
1719462445609,302.7,25
1719462445609,302.7,25
1719462447111,304.4,25
1719462447111,304.4,25
1719462447111,304.4,25
1719462448743,305.4,25
1719462449508,306.0,200
1719462449972,306.0,50
1719462450268,306.4,25
1719462450268,306.4,25
1719462451115,306.9,25
1719462451115,306.9,25
1719462451115,306.9,25
1719462452398,307.7,25
1719462452398,307.7,25
1719462453265,308.15,75
1719462454224,306.45,25
1719462454224,306.45,25
1719462454224,306.45,25
1719462456602,306.25,25
1719462457412,304.65,25
1719462457602,304.8,25
1719462458502,306.3,75
1719462458502,306.3,75
1719462458502,306.3,75
1719462458502,306.3,75
1719462460272,305.55,25
1719462460721,305.45,25
1719462460721,305.45,25
1719462460721,305.45,25
1719462462412,304.5,25
1719462463013,302.6,75
1719462463013,302.6,75
1719462464298,301.75,25
1719462465062,301.8,25
1719462465266,302.5,25
1719462466175,299.25,200
1719462466175,299.25,200
1719462467108,297.95,25
1719462467433,297.0,25
1719462468139,296.4,50
1719462468544,296.25,25
1719462469238,297.5,150
1719462469445,295.9,25
1719462470110,295.0,25
1719462470621,293.55,25
1719462470959,294.35,25
1719462471941,291.75,25
1719462471941,291.75,25
1719462472664,291.6,25
1719462472664,291.6,25
1719462473947,292.15,25
1719462475037,293.4,50
1719462475165,293.25,25
1719462475998,292.6,25
1719462477266,289.55,25
1719462477266,289.55,25
1719462478020,290.6,25
1719462478606,291.8,25
1719462478606,291.8,25
1719462479519,293.0,25
1719462479519,293.0,25
1719462480437,289.8,25
1719462480839,287.85,50
1719462481103,286.2,25
1719462482155,286.3,25
1719462482155,286.3,25
1719462482993,283.5,25
1719462483390,284.1,25
1719462486344,284.7,25
1719462486553,285.95,25
1719462486553,285.95,25
1719462487688,286.65,25
1719462488811,286.95,25
1719462488811,286.95,25
1719462489639,286.55,150
1719462489639,286.55,150
1719462489639,286.55,150
1719462491392,286.75,25
1719462491905,285.55,25
1719462491905,285.55,25
1719462492790,285.35,25
1719462492790,285.35,25
1719462494246,286.7,25
1719462494246,286.7,25
1719462495111,287.05,25
1719462495111,287.05,25
1719462495905,289.4,50
1719462495905,289.4,50
1719462497102,287.05,25
1719462497653,288.25,25
1719462497653,288.25,25
1719462498103,287.75,50
1719462498702,288.4,25
1719462499241,289.0,250
1719462499955,291.0,25
1719462500348,290.65,50
1719462500348,290.65,50
1719462502439,288.05,100
1719462502439,288.05,100
1719462503001,287.95,25
1719462503457,288.05,25
1719462509265,285.8,25
1719462509265,285.8,25
1719462510306,286.15,25
1719462510858,286.15,25
1719462511773,285.3,25
1719462511773,285.3,25
1719462511773,285.3,25
1719462513166,282.85,25
1719462513503,283.1,25
1719462513503,283.1,25
1719462514367,282.85,25
1719462514367,282.85,25
1719462515923,284.7,100
1719462517208,283.55,25
1719462517208,283.55,25
1719462518143,284.7,25
1719462518783,285.3,100
1719462518783,285.3,100
1719462518783,285.3,100
1719462520938,284.65,75
1719462521388,286.1,25
1719462521890,287.25,25
1719462522383,287.65,25
1719462523160,286.4,50
1719462523160,286.4,50
1719462524116,287.95,25
1719462524793,286.0,50
1719462525268,287.45,450
1719462526088,288.3,125
1719462526788,287.15,25
1719462526788,287.15,25
1719462527772,287.05,25
1719462528475,288.9,25
1719462528712,289.75,25
1719462535066,287.65,50
1719462535066,287.65,50
1719462535896,287.05,25
1719462536582,287.65,100
1719462544543,285.15,25
1719462544543,285.15,25
1719462546692,287.35,25
1719462546692,287.35,25
1719462547430,286.85,25
1719462547729,287.4,75
1719462547729,287.4,75
1719462549218,286.05,25
1719462549218,286.05,25
1719462550075,285.85,50
1719462550075,285.85,50
1719462551357,284.7,25
1719462551606,285.8,25
1719462560321,283.05,25
1719462560659,283.35,25
1719462560659,283.35,25
1719462561046,282.0,25
1719462561046,282.0,25
1719462561046,282.0,25
1719462561046,282.0,25
1719462564966,283.0,25
1719462564966,283.0,25
1719462566064,282.6,25
1719462566064,282.6,25
1719462566781,283.1,25
1719462567892,281.7,25
1719462567892,281.7,25
1719462568422,282.05,25
1719462569370,281.85,50
1719462575231,282.0,25
1719462575231,282.0,25
1719462575926,282.45,25
1719462575926,282.45,25
1719462577128,284.1,25
1719462602973,277.7,25
1719462603177,277.7,25
1719462603600,280.1,25
1719462604499,281.0,25
1719462605009,279.8,25
1719462606428,281.7,25
1719462607119,281.4,50
1719462608602,280.3,25
1719462608967,280.65,25
1719462608967,280.65,25
1719462610162,282.4,25
1719462610162,282.4,25
1719462610162,282.4,25
1719462611108,281.5,50
1719462611108,281.5,50
1719462612290,281.85,75
1719462613001,280.3,125
1719462613001,280.3,125
1719462613734,281.3,25
1719462613734,281.3,25
1719462613734,281.3,25
1719462613734,281.3,25
1719462617315,281.4,175
1719462617315,281.4,175
1719462618674,281.85,25
1719462619398,282.8,25
1719462619398,282.8,25
1719462619938,282.3,25
1719462620175,283.85,25
1719462620175,283.85,25
1719462621841,283.3,25
1719462621969,284.2,100
1719462621969,284.2,100
1719462621969,284.2,100
1719462621969,284.2,100
1719462624536,285.25,25
1719462624878,284.4,25
1719462625670,284.75,25
1719462625670,284.75,25
1719462625670,284.75,25
1719462625670,284.75,25
1719462625670,284.75,25
1719462629721,282.4,350
1719462629832,281.95,25
1719462630220,281.6,25
1719462630220,281.6,25
1719462631197,280.3,25
1719462631375,280.0,25
1719462632238,279.7,25
1719462632493,279.8,25
1719462633037,279.3,25
1719462633387,278.8,25
1719462634314,278.2,25
1719462634314,278.2,25
1719462635060,278.0,50
1719462635531,277.2,25
1719462635531,277.2,25
1719462635531,277.2,25
1719462635531,277.2,25
1719462637427,278.35,25
1719462637427,278.35,25
1719462637427,278.35,25
1719462639444,279.55,25
1719462640371,278.95,25
1719462640371,278.95,25
1719462641354,278.9,25
1719462641354,278.9,25
1719462643489,280.0,25
1719462643489,280.0,25
1719462643862,281.65,50
1719462643862,281.65,50
1719462643862,281.65,50
1719462646250,279.0,300
1719462646250,279.0,300
1719462646250,279.0,300
1719462647520,278.4,25
1719462647850,278.3,25
1719462647850,278.3,25
1719462649104,277.3,25
1719462649104,277.3,25
1719462650149,279.25,25
1719462650149,279.25,25
1719462652564,278.2,25
1719462652564,278.2,25
1719462652564,278.2,25
1719462653375,278.85,25
1719462653375,278.85,25
1719462656558,278.3,25
1719462656558,278.3,25
1719462658241,274.9,25
1719462658241,274.9,25
1719462659504,274.6,25
1719462659885,273.1,25
1719462660449,271.85,25
1719462660685,271.5,25
1719462661326,271.55,25
1719462661535,271.3,50
1719462662475,270.2,50
1719462662645,271.15,25
1719462662645,271.15,25
1719462663115,270.9,75
1719462664143,269.55,25
1719462664541,270.85,25
1719462664837,271.25,25
1719462664837,271.25,25
1719462665607,270.1,50
1719462665607,270.1,50
1719462667327,268.85,25
1719462667700,269.5,50
1719462668232,269.45,25
1719462668576,269.35,575
1719462669497,269.2,25
1719462669497,269.2,25
1719462669920,270.55,525
1719462670645,270.9,25
1719462670964,270.45,25
1719462671843,269.95,25
1719462672361,270.3,25
1719462672888,269.8,25
1719462672888,269.8,25
1719462672888,269.8,25
1719462672888,269.8,25
1719462674370,269.55,50
1719462674656,270.25,275
1719462675574,269.95,25
1719462675574,269.95,25
1719462676761,270.75,25
1719462676761,270.75,25
1719462677160,270.65,75
1719462678330,271.5,25
1719462678433,272.0,25
1719462678433,272.0,25
1719462680564,268.25,50
1719462680564,268.25,50
1719462681337,265.8,25
1719462681473,267.1,25
1719462682222,263.75,25
1719462683036,264.85,25
1719462683153,263.8,25
1719462683854,267.45,50
1719462683854,267.45,50
1719462685227,267.75,50
1719462686398,267.05,25
1719462687386,268.3,25
1719462687386,268.3,25
1719462688237,267.0,25
1719462688237,267.0,25
1719462689354,268.4,25
1719462689354,268.4,25
1719462690048,267.5,25
1719462690930,267.5,500
1719462691220,266.55,25
1719462691220,266.55,25
1719462691894,267.4,100
1719462691894,267.4,100
1719462693268,268.25,50
1719462693268,268.25,50
1719462694233,269.15,25
1719462694233,269.15,25
1719462695756,268.15,100
1719462696195,268.9,25
1719462696553,268.8,25
1719462696553,268.8,25
1719462696553,268.8,25
1719462702324,265.0,75
1719462703701,265.95,50
1719462704066,265.9,25
1719462704066,265.9,25
1719462705034,264.0,75
1719462705315,264.6,25
1719462735820,255.75,25
1719462737291,256.75,25
1719462737291,256.75,25
1719462738430,256.45,25
1719462738430,256.45,25
1719462738990,255.5,25
1719462738990,255.5,25
1719462740214,255.95,25
1719462740214,255.95,25
1719462741358,256.6,50
1719462741358,256.6,50
1719462742633,256.3,25
1719462745749,256.6,25
1719462746342,256.0,25
1719462746842,257.25,125
1719462747177,256.7,50
1719462747779,256.55,25
1719462748416,255.5,75
1719462748416,255.5,75
1719462749425,255.45,25
1719462749425,255.45,25
1719462749425,255.45,25
1719462751031,256.7,25
1719462752125,255.6,25
1719462752527,255.9,25
1719462752925,254.3,25
1719462753991,253.1,25
1719462754065,253.9,50
1719462754065,253.9,50
1719462754065,253.9,50
1719462755758,254.4,25
1719462755758,254.4,25
1719462756432,254.8,25
1719462757615,253.05,50
1719462758235,253.65,25
1719462758758,254.9,25
1719462759306,254.85,25
1719462759971,254.6,25
1719462759971,254.6,25
1719462766989,256.3,75
1719462766989,256.3,75
1719462768567,256.45,25
1719462768567,256.45,25
1719462769324,255.05,25
1719462769536,255.7,350
1719462770117,255.3,25
1719462770117,255.3,25
1719462771307,254.35,25
1719462771608,252.3,125
1719462772378,249.3,25
1719462773009,248.1,50
1719462773422,246.85,25
1719462773941,248.0,50
1719462774490,249.1,25
1719462774796,248.15,25
1719462774796,248.15,25
1719462775557,248.55,25
1719462775557,248.55,25
1719462775557,248.55,25
1719462777313,250.15,50
1719462778006,249.9,50
1719462778006,249.9,50
1719462778951,251.3,25
1719462779617,250.5,25
1719462780501,249.8,25
1719462780501,249.8,25
1719462781428,247.45,25
1719462781428,247.45,25
1719462782214,247.2,25
1719462783004,246.45,25
1719462783004,246.45,25
1719462784015,246.7,25
1719462784015,246.7,25
1719462785409,245.8,50
1719462785409,245.8,50
1719462786315,246.5,150
1719462786870,245.05,25
1719462786870,245.05,25
1719462787701,245.55,25
1719462788319,245.25,25
1719462788319,245.25,25
1719462789060,245.65,25
1719462790084,243.05,25
1719462790084,243.05,25
1719462791483,243.0,100
1719462791730,242.9,25
1719462792641,243.0,50
1719462793370,244.5,25
1719462794227,243.85,25
1719462794227,243.85,25
1719462795558,243.75,25
1719462795703,244.15,25
1719462795703,244.15,25
1719462797004,245.15,25
1719462797320,245.4,50
1719462798417,246.45,25
1719462798506,246.5,25
1719462798506,246.5,25
1719462800444,244.75,25
1719462800672,244.5,225
1719462801464,243.55,25
1719462801464,243.55,25
1719462801997,243.85,25
1719462803009,243.8,25
1719462803206,242.8,25
1719462804293,243.5,25
1719462804293,243.5,25
1719462804818,245.05,25
1719462804818,245.05,25
1719462806424,245.9,25
1719462806857,246.5,25
1719462807656,247.2,25
1719462807656,247.2,25
1719462808344,247.6,25
1719462808344,247.6,25
1719462809371,247.8,25
1719462809940,249.1,25
1719462809940,249.1,25
1719462810567,248.95,25
1719462810567,248.95,25
1719462811533,249.0,50
1719462812319,250.4,25
1719462812590,250.75,25
1719462813363,249.45,50
1719462813363,249.45,50
1719462814403,249.85,25
1719462814522,250.1,25
1719462815116,249.95,25
1719462815955,250.4,25
1719462815955,250.4,25
1719462816472,249.7,25
1719462817316,248.85,25
1719462817316,248.85,25
1719462818484,250.9,25
1719462818636,250.4,25
1719462819289,250.45,25
1719462819710,252.0,25
1719462820000,253.45,25
1719462820722,253.95,50
1719462821464,254.2,25
1719462822111,254.95,25
1719462822507,253.75,25
1719462823263,253.6,375
1719462823263,253.6,375
1719462824463,253.1,50
1719462824463,253.1,50
1719462825617,251.85,25
1719462825894,252.45,25
1719462826157,253.2,25
1719462827140,253.2,25
1719462827212,252.25,25
1719462827754,251.7,25
1719462827754,251.7,25
1719462827754,251.7,25
1719462827754,251.7,25
1719462829676,252.8,25
1719462830464,252.3,25
1719462830464,252.3,25
1719462831245,253.0,25
1719462831245,253.0,25
1719462832292,252.0,25
1719462832737,250.45,75
1719462832737,250.45,75
1719462833533,251.65,25
1719462834474,251.65,25
1719462835001,252.2,25
1719462835308,252.0,25
1719462836068,252.3,25
1719462836304,252.6,375
1719462837107,252.4,25
1719462837107,252.4,25
1719462838440,251.5,25
1719462838440,251.5,25
1719462839667,250.0,25
1719462839803,249.75,25
1719462839803,249.75,25
1719462839803,249.75,25
1719462840719,250.5,25
1719462840719,250.5,25
1719462841542,249.95,25
1719462841703,250.2,75
1719462841703,250.2,75
1719462843611,249.6,200
1719462843843,249.65,25
1719462843843,249.65,25
1719462845210,248.9,50
1719462845210,248.9,50
1719462845210,248.9,50
1719462847096,250.75,25
1719462847487,250.7,25
1719462847954,252.4,25
1719462848563,252.0,25
1719462848563,252.0,25
1719462849126,252.55,25
1719462849126,252.55,25
1719462849126,252.55,25
1719462850513,252.0,75
1719462850513,252.0,75
1719462851587,250.5,75
1719462852017,250.0,25
1719462852017,250.0,25
1719462853553,251.0,150
1719462853553,251.0,150
1719462853553,251.0,150
1719462853553,251.0,150
1719462856363,250.9,25
1719462856363,250.9,25
1719462857856,251.35,50
1719462857856,251.35,50
1719462857856,251.35,50
1719462857856,251.35,50
1719462859516,251.7,175
1719462860202,251.05,25
1719462860202,251.05,25
1719462860202,251.05,25
1719462861837,250.0,25
1719462862433,250.0,25
1719462862950,249.9,50
1719462863576,249.45,25
1719462863576,249.45,25
1719462864638,249.45,25
1719462864638,249.45,25
1719462865333,248.9,25
1719462865333,248.9,25
1719462866057,248.35,25
1719462866057,248.35,25
1719462866764,249.35,25
1719462866764,249.35,25
1719462868482,249.0,25
1719462868893,249.25,25
1719462868893,249.25,25
1719462870632,250.15,75
1719462870632,250.15,75
1719462870986,249.4,25
1719462870986,249.4,25
1719462872781,250.8,175
1719462872781,250.8,175
1719462873489,249.0,50
1719462874002,250.0,100
1719462874002,250.0,100
1719462874002,250.0,100
1719462875402,249.45,25
1719462875402,249.45,25
1719462876368,249.55,125
1719462876637,249.25,25
1719462877483,249.0,25
1719462877777,249.0,50
1719462878449,248.8,25
1719462878596,247.9,75
1719462879260,249.15,25
1719462879837,248.95,25
1719462880078,248.8,25
1719462880078,248.8,25
1719462881289,247.6,50
1719462882348,248.3,50
1719462882348,248.3,50
1719462883629,247.0,25
1719462884453,248.2,25
1719462884453,248.2,25
1719462885688,249.55,25
1719462886187,248.4,25
1719462886187,248.4,25
1719462886187,248.4,25
1719462887080,247.1,25
1719462887080,247.1,25
1719462887080,247.1,25
1719462889100,248.7,25
1719462889151,248.5,25
1719462890340,247.8,125
1719462890621,247.55,25
1719462890621,247.55,25
1719462890621,247.55,25
1719462890621,247.55,25
1719462893478,247.35,50
1719462893478,247.35,50
1719462894423,247.5,325
1719462894928,246.0,25
1719462895303,246.25,75
1719462895303,246.25,75
1719462896487,246.0,25
1719462897182,245.05,25
1719462897248,245.35,25
1719462898494,243.7,25
1719462899362,241.65,25
1719462899637,240.75,25
1719462899910,241.7,25
1719462900380,241.0,25
1719462900658,240.0,75
1719462901539,241.4,25
1719462901539,241.4,25
1719462902332,242.7,50
1719462902332,242.7,50
1719462903458,245.5,25
1719462903818,245.35,25
1719462904606,247.7,25
1719462904915,248.45,50
1719462904915,248.45,50
1719462906268,248.55,25
1719462906672,247.75,50
1719462907510,245.4,150
1719462907754,245.5,25
1719462908709,245.45,50
1719462909045,245.55,25
1719462909109,245.95,25
1719462909109,245.95,25
1719462910284,245.65,175
1719462911098,246.8,25
1719462911432,246.65,25
1719462911721,247.3,25
1719462912524,246.15,25
1719462913470,246.5,25
1719462914285,246.65,25
1719462914711,246.9,25
1719462915531,246.0,25
1719462915872,245.15,25
1719462916526,244.95,25
1719462916864,245.7,25
1719462917480,246.7,25
1719462918012,247.9,75
1719462918461,246.95,100
1719462919233,246.0,50
1719462919498,245.55,25
1719462919654,245.6,25
1719462920482,245.7,25
1719462920681,247.0,25
1719462921707,243.55,25
1719462922096,242.65,25
1719462922512,241.65,25
1719462923085,243.05,25
1719462923527,243.25,25
1719462924070,243.9,25
1719462924222,243.75,25
1719462924222,243.75,25
1719462924222,243.75,25
1719462925795,244.1,100
1719462926259,244.9,50
1719462926259,244.9,50
1719462927076,245.2,50
1719462927076,245.2,50
1719462928466,245.3,25
1719462928693,246.2,150
1719462929437,246.1,25
1719462929437,246.1,25
1719462929952,247.0,50
1719462929952,247.0,50
1719462930981,246.75,75
1719462931503,246.25,25
1719462931503,246.25,25
1719462932910,246.15,25
1719462933013,246.6,25
1719462933013,246.6,25
1719462933013,246.6,25
1719462933771,246.1,125
1719462933771,246.1,125
1719462935431,245.8,25
1719462935431,245.8,25
1719462936520,243.8,25
1719462936520,243.8,25
1719462937390,242.25,25
1719462938106,240.85,125
1719462938438,240.35,25
1719462939073,239.85,25
1719462939529,240.3,25
1719462940736,240.35,100
1719462940736,240.35,100
1719462941451,238.1,125
1719462941882,238.4,25
1719462942058,239.35,25
1719462942891,238.6,50
1719462943717,237.4,25
1719462944281,236.0,25
1719462944499,235.15,25
1719462945526,236.8,25
1719462945918,236.75,25
1719462946709,238.75,50
1719462946897,238.85,25
1719462947443,241.0,25
1719462948160,239.6,25
1719462948449,239.15,25
1719462949109,240.0,25
1719462949658,240.1,25
1719462950119,241.0,50
1719462950538,241.6,25
1719462951182,242.1,75
1719462951182,242.1,75
1719462952066,242.65,25
1719462952582,242.85,25
1719462952844,243.2,75
1719462952844,243.2,75
1719462954244,242.75,25
1719462954244,242.75,25
1719462955205,242.4,50
1719462955205,242.4,50
1719462956324,242.7,250
1719462956889,242.9,25
1719462956889,242.9,25
1719462958151,244.3,50
1719462958151,244.3,50
1719462959138,245.0,25
1719462959535,245.6,25
1719462959946,245.05,25
1719462960259,243.85,25
1719462960384,244.0,250
1719462961012,242.0,250
1719462962539,240.25,25
1719462963379,241.6,25
1719462963730,242.45,25
1719462964425,243.6,25
1719462965027,243.35,25
1719462965410,244.25,25
1719462965888,244.5,25
1719462965888,244.5,25
1719462967231,244.05,25
1719462968483,244.7,25
1719462969617,244.4,25
1719462969617,244.4,25
1719462970444,242.7,75
1719462970746,242.7,25
1719462971496,242.4,125
1719462971567,242.25,25
1719462972281,242.5,50
1719462972281,242.5,50
1719462973695,241.9,25
1719462973695,241.9,25
1719462974226,242.0,25
1719462974800,241.7,25
1719462974800,241.7,25
1719462974800,241.7,25
1719462975958,241.7,100
1719462975958,241.7,100
1719462977162,241.8,50
1719462977162,241.8,50
1719462978492,242.7,100
1719462979148,244.1,75
1719462979463,243.55,125
1719462980068,243.7,50
1719462980068,243.7,50
1719462980068,243.7,50
1719462981372,243.45,175
1719462981987,243.0,475
1719462982434,242.9,75
1719462983035,243.15,50
1719462984103,243.95,25
1719462985021,244.4,50
1719462986222,244.55,25
1719462987420,244.4,50
1719462987420,244.4,50
1719462988559,245.25,25
1719462988559,245.25,25
1719462989042,246.2,25
1719462989743,245.7,50
1719462989743,245.7,50
1719462990502,245.0,50
1719462990502,245.0,50
1719462991552,245.5,25
1719462991552,245.5,25
1719462992609,246.1,50
1719462993417,245.85,25
1719462993417,245.85,25
1719462994069,245.7,25
1719462994957,245.95,100
1719462995322,245.9,25
1719462995322,245.9,25
1719462996236,245.15,50
1719462996789,244.95,50
1719462997364,245.1,25
1719462998346,246.0,25
1719462998346,246.0,25
1719462999146,245.0,50
1719462999146,245.0,50
1719463000894,246.0,75
1719463000894,246.0,75
1719463002072,247.0,50
1719463002291,246.5,75
1719463002291,246.5,75
1719463003510,246.2,75
1719463003510,246.2,75
1719463004547,245.5,50
1719463004911,246.0,25
1719463004911,246.0,25
1719463004911,246.0,25
1719463007498,245.3,25
1719463007498,245.3,25
1719463008647,244.0,25
1719463015351,243.0,75
1719463015351,243.0,75
1719463015351,243.0,75
1719463015351,243.0,75
1719463015351,243.0,75
1719463017908,241.7,25
1719463018411,241.0,450
1719463018411,241.0,450
1719463019748,240.0,1200
1719463019921,239.65,25
1719463020445,239.6,50
1719463020856,238.6,75
1719463021443,237.3,200
1719463021932,236.75,25
1719463022203,236.65,25
1719463022203,236.65,25
1719463023987,237.5,50
1719463023987,237.5,50
1719463025127,237.0,150
1719463025127,237.0,150
1719463026180,237.05,200
1719463026180,237.05,200
1719463026180,237.05,200
1719463026180,237.05,200
1719463028049,236.0,25
1719463028781,235.05,25
1719463028925,234.2,25
1719463029581,235.6,25
1719463029906,234.65,25
1719463030553,234.35,25
1719463031205,231.95,25
1719463031434,231.8,75
1719463032153,231.9,25
1719463032591,231.85,50
1719463033109,232.35,50
1719463033371,233.45,50
1719463034139,235.6,25
1719463034760,237.3,25
1719463035380,238.2,25
1719463035623,239.85,25
1719463036531,241.2,50
1719463036745,241.5,25
1719463036891,241.45,50
1719463036891,241.45,50
1719463038743,242.05,25
1719463038743,242.05,25
1719463039333,241.55,25
1719463039839,241.2,25
1719463040441,240.95,25
1719463040898,240.55,25
1719463041308,240.65,25
1719463042079,242.35,25
1719463042534,242.1,25
1719463043050,241.7,100
1719463043050,241.7,100
1719463043050,241.7,100
1719463044568,240.3,100
1719463044568,240.3,100
1719463045278,240.9,25
1719463046103,241.65,50
1719463046103,241.65,50
1719463046103,241.65,50
1719463047458,241.4,25
1719463047458,241.4,25
1719463047458,241.4,25
1719463047458,241.4,25
1719463047458,241.4,25
1719463050638,242.1,150
1719463050777,241.9,200
1719463051152,242.3,25
1719463051152,242.3,25
1719463052595,245.0,50
1719463052828,244.65,25
1719463053813,244.15,25
1719463053984,244.6,25
1719463054134,244.6,25
1719463054997,244.65,25
1719463054997,244.65,25
1719463054997,244.65,25
1719463055994,244.1,25
1719463056921,244.3,25
1719463058346,246.1,25
1719463058878,246.25,25
1719463058878,246.25,25
1719463059652,245.5,25
1719463060373,246.1,50
1719463061205,245.05,25
1719463061590,244.35,25
1719463062249,244.5,150
1719463062249,244.5,150
1719463062249,244.5,150
1719463062249,244.5,150
1719463064366,245.5,25
1719463064477,245.85,25
1719463065023,245.65,25
1719463065326,246.1,50
1719463066090,246.4,25
1719463066515,246.3,50
1719463066515,246.3,50
1719463066515,246.3,50
1719463068381,244.1,200
1719463068381,244.1,200
1719463069722,245.1,25
1719463070053,244.2,25
1719463070053,244.2,25
1719463071686,244.6,475
1719463072389,243.85,25
1719463072389,243.85,25
1719463072389,243.85,25
1719463074097,245.05,150
1719463074486,245.0,25
1719463074486,245.0,25
1719463074486,245.0,25
1719463074908,245.1,75
1719463076104,245.05,25
1719463076261,245.1,25
1719463077044,244.2,25
1719463077179,244.0,225
1719463078020,243.45,125
1719463078476,243.75,25
1719463079189,244.6,25
1719463079535,245.25,50
1719463079535,245.25,50
1719463079905,245.4,75
1719463080460,245.45,75
1719463080460,245.45,75
1719463081290,244.6,25
1719463081800,244.8,125
1719463081800,244.8,125
1719463083070,244.25,50
1719463083775,244.0,25
1719463084304,242.45,25
1719463084304,242.45,25
1719463084304,242.45,25
1719463085606,241.4,25
1719463086206,243.0,125
1719463086206,243.0,125
1719463087503,242.45,150
1719463087503,242.45,150
1719463088771,244.05,25
1719463088771,244.05,25
1719463089560,243.4,75
1719463090109,244.0,25
1719463090401,243.4,25
1719463091110,243.05,25
1719463091110,243.05,25
1719463092422,242.5,25
1719463092422,242.5,25
1719463092422,242.5,25
1719463093624,243.35,25
1719463093624,243.35,25
1719463094362,242.5,25
1719463094362,242.5,25
1719463095328,242.8,25
1719463096277,240.9,25
1719463096277,240.9,25
1719463096277,240.9,25
1719463097563,241.2,25
1719463097740,241.5,50
1719463098412,242.5,25
1719463099470,244.5,75
1719463099624,243.5,25
1719463099624,243.5,25
1719463100109,243.3,25
1719463100109,243.3,25
1719463101539,242.7,50
1719463102108,242.05,25
1719463102618,241.7,25
1719463102618,241.7,25
1719463102618,241.7,25
1719463104825,242.7,125
1719463104825,242.7,125
1719463105357,242.0,75
1719463105357,242.0,75
1719463105357,242.0,75
1719463107583,242.25,50
1719463108010,243.15,25
1719463108010,243.15,25
1719463109438,242.1,25
1719463109438,242.1,25
1719463109438,242.1,25
1719463110003,244.2,75
1719463110003,244.2,75
1719463110003,244.2,75
1719463110003,244.2,75
1719463110003,244.2,75
1719463113641,243.3,25
1719463113641,243.3,25
1719463113641,243.3,25
1719463115867,244.2,225
1719463115867,244.2,225
1719463116614,243.95,50
1719463116947,244.2,25
1719463116947,244.2,25
1719463118455,242.85,75
1719463119208,243.15,25
1719463120313,242.3,25
1719463120313,242.3,25
1719463120313,242.3,25
1719463121815,238.1,25
1719463121961,239.9,25
1719463122547,238.5,25
1719463122707,236.8,25
1719463123463,238.5,75
1719463123862,237.9,25
1719463124860,238.35,25
1719463124860,238.35,25
1719463125567,238.0,25
1719463125567,238.0,25
1719463126598,237.0,125
1719463126598,237.0,125
1719463127326,234.6,25
1719463127326,234.6,25
1719463128635,237.8,25
1719463128910,238.65,175
1719463129626,240.0,25
1719463130348,239.65,50
1719463130543,239.35,25
1719463131379,241.15,25
1719463131379,241.15,25
1719463131379,241.15,25
1719463133590,240.1,25
1719463133590,240.1,25
1719463134846,240.25,25
1719463134846,240.25,25
1719463136665,239.7,25
1719463136947,238.75,25
1719463136947,238.75,25
1719463136947,238.75,25
1719463138603,239.1,25
1719463139572,237.0,25
1719463139633,236.9,25
1719463139633,236.9,25
1719463140727,237.35,25
1719463140727,237.35,25
1719463141304,236.6,25
1719463141304,236.6,25
1719463142447,237.3,50
1719463142447,237.3,50
1719463143539,238.25,25
1719463144390,239.25,75
1719463144390,239.25,75
1719463145213,240.05,25
1719463145213,240.05,25
1719463145948,238.9,25
1719463146820,237.5,25
1719463147650,238.15,25
1719463147743,238.0,25
1719463147743,238.0,25
1719463147743,238.0,25
1719463149439,238.7,25
1719463149439,238.7,25
1719463150727,239.4,75
1719463150727,239.4,75
1719463151763,239.35,25
1719463151968,238.45,25
1719463151968,238.45,25
1719463151968,238.45,25
1719463153838,236.65,25
1719463153969,236.7,25
1719463153969,236.7,25
1719463155402,235.45,25
1719463155402,235.45,25
1719463156853,236.85,25
1719463157142,237.0,75
1719463157142,237.0,75
1719463158119,238.1,25
1719463158923,239.05,50
1719463159741,238.5,100
1719463159985,237.8,200
1719463160334,238.3,25
1719463160334,238.3,25
1719463161552,237.55,25
1719463161714,236.9,75
1719463161714,236.9,75
1719463161714,236.9,75
1719463163447,237.0,50
1719463163731,237.1,50
1719463164463,236.85,25
1719463165134,237.0,200
1719463165134,237.0,200
1719463166080,237.2,25
1719463166080,237.2,25
1719463167597,237.85,25
1719463167597,237.85,25
1719463168281,236.95,25
1719463168281,236.95,25
1719463169674,239.0,100
1719463170192,238.65,25
1719463170602,238.2,25
1719463170971,238.8,25
1719463171636,238.2,25
1719463172179,239.05,25
1719463172602,238.2,25
1719463173055,238.8,100
1719463173055,238.8,100
1719463174165,237.9,75
1719463174165,237.9,75
1719463174866,238.65,25
1719463174866,238.65,25
1719463176395,238.6,25
1719463176395,238.6,25
1719463176395,238.6,25
1719463178052,239.1,25
1719463178112,239.8,25
1719463178112,239.8,25
1719463180074,240.8,25
1719463180403,240.75,25
1719463181866,237.0,650
1719463182628,236.45,25
1719463182848,235.5,25
1719463183556,236.8,100
1719463183556,236.8,100
1719463184788,236.4,75
1719463184788,236.4,75
1719463185942,237.95,25
1719463185942,237.95,25
1719463185942,237.95,25
1719463187746,239.2,100
1719463188426,238.8,25
1719463188426,238.8,25
1719463188426,238.8,25
1719463189858,240.0,500
1719463189858,240.0,500
1719463190692,241.5,100
1719463191190,241.3,50
1719463191190,241.3,50
1719463191190,241.3,50
1719463192869,239.95,25
1719463192869,239.95,25
1719463193613,240.1,25
1719463193613,240.1,25
1719463194692,240.45,200
1719463194692,240.45,200
1719463195725,240.65,50
1719463196335,240.0,25
1719463197602,240.0,25
1719463197602,240.0,25
1719463198844,240.0,750
1719463198920,240.0,100
1719463198920,240.0,100
1719463199793,239.6,950
1719463200313,239.35,25
1719463200313,239.35,25
1719463201477,239.45,425
1719463201477,239.45,425
1719463202281,238.0,100
1719463202281,238.0,100
1719463203668,241.1,25
1719463204390,239.7,25
1719463205549,240.75,175
1719463205549,240.75,175
1719463205549,240.75,175
1719463205549,240.75,175
1719463208217,239.1,225
1719463208952,239.4,25
1719463209395,240.65,125
1719463209395,240.65,125
1719463210273,239.0,25
1719463211080,238.0,75
1719463211408,237.8,1800
1719463212039,236.0,25
1719463212039,236.0,25
1719463213445,236.7,25
1719463213445,236.7,25
1719463214190,236.85,100
1719463214190,236.85,100
1719463215533,238.2,50
1719463215533,238.2,50
1719463216865,237.45,25
1719463216865,237.45,25
1719463217235,237.85,50
1719463217814,237.9,50
1719463217814,237.9,50
1719463218991,238.9,25
1719463219667,238.75,25
1719463219667,238.75,25
1719463221027,238.65,25
1719463221027,238.65,25
1719463221027,238.65,25
1719463222789,238.15,25
1719463222789,238.15,25
1719463224196,236.4,50
1719463224583,235.6,25
1719463224900,235.45,50
1719463225329,235.0,125
1719463226053,235.2,25
1719463226285,235.05,25
1719463227202,234.55,25
1719463227604,232.7,25
1719463227972,233.45,25
1719463227972,233.45,25
1719463229624,235.85,25
1719463229624,235.85,25
1719463229624,235.85,25
1719463231078,237.55,75
1719463231615,237.95,150
1719463231764,236.7,25
1719463231764,236.7,25
1719463232922,236.5,25
1719463233600,237.5,50
1719463233600,237.5,50
1719463235395,238.0,75
1719463235395,238.0,75
1719463235395,238.0,75
1719463237166,238.0,25
1719463237166,238.0,25
1719463239146,238.85,50
1719463239146,238.85,50
1719463239763,238.9,175
1719463240224,239.1,125
1719463240224,239.1,125
1719463240224,239.1,125
1719463240224,239.1,125
1719463242277,239.9,50
1719463242315,239.9,25
1719463242315,239.9,25
1719463243402,240.0,25
1719463243945,239.15,25
1719463243945,239.15,25
1719463245244,239.65,150
1719463245707,239.65,25
1719463246081,239.0,100
1719463246725,237.75,125
1719463247312,238.45,25
1719463247587,238.35,25
1719463248220,238.8,50
1719463248220,238.8,50
1719463250284,239.05,25
1719463250373,239.3,100
1719463251017,239.0,25
1719463253422,237.35,150
1719463255108,238.8,75
1719463255550,237.35,50
1719463255550,237.35,50
1719463255550,237.35,50
1719463255550,237.35,50
1719463255550,237.35,50
1719463255550,237.35,50
1719463258511,240.0,25
1719463260176,240.25,25
1719463260294,240.6,25
1719463260661,240.0,50
1719463260661,240.0,50
1719463261506,239.0,25
1719463262101,237.05,25
1719463262692,237.25,25
1719463263726,238.45,25
1719463264056,239.15,25
1719463264706,238.95,100
1719463265643,238.55,25
1719463265862,238.05,25
1719463265862,238.05,25
1719463267084,237.5,25
1719463281259,230.85,25
1719463281709,231.45,150
1719463282353,231.45,25
1719463282720,231.7,25
1719463283221,232.4,25
1719463283740,232.55,25
1719463284779,234.55,25
1719463284779,234.55,25
1719463286397,234.55,100
1719463286696,234.4,25
1719463287675,236.25,75
1719463287675,236.25,75
1719463288382,235.9,25
1719463289180,235.5,75
1719463289674,235.35,125
1719463289674,235.35,125
1719463289674,235.35,125
1719463290226,234.3,25
1719463291239,234.4,25
1719463291679,234.2,150
1719463292088,234.4,25
1719463292088,234.4,25
1719463292754,234.35,25
1719463292754,234.35,25
1719463294600,235.35,25
1719463294709,235.5,25
1719463295025,234.2,25
1719463295616,232.95,25
1719463296692,234.4,25
1719463297207,234.65,25
1719463297207,234.65,25
1719463298411,232.4,25
1719463298411,232.4,25
1719463298811,232.65,50
1719463298811,232.65,50
1719463300395,232.0,25
1719463300473,232.6,100
1719463300473,232.6,100
1719463301581,233.2,25
1719463304511,233.95,25
1719463305505,234.85,25
1719463306036,234.95,25
1719463306349,234.75,25
1719463308426,234.8,25
1719463308505,234.25,75
1719463308896,234.85,25
1719463308896,234.85,25
1719463308896,234.85,25
1719463311105,234.8,25
1719463311554,234.25,25
1719463311734,234.3,25
1719463312760,233.4,50
1719463313601,233.15,25
1719463314250,234.0,50
1719463314250,234.0,50
1719463314250,234.0,50
1719463316009,233.3,25
1719463316009,233.3,25
1719463316901,233.6,250
1719463317097,234.3,25
1719463317737,234.4,25
1719463318644,234.85,50
1719463318644,234.85,50
1719463318644,234.85,50
1719463320010,234.0,200
1719463320010,234.0,200
1719463329397,233.35,50
1719463330054,234.1,25
1719463330054,234.1,25
1719463331260,235.0,25
1719463331260,235.0,25
1719463358383,229.35,50
1719463358383,229.35,50
1719463359490,230.15,25
1719463359490,230.15,25
1719463360437,228.65,25
1719463360437,228.65,25
1719463361502,228.8,50
1719463361502,228.8,50
1719463361502,228.8,50
1719463362672,230.95,25
1719463363073,231.6,150
1719463363073,231.6,150
1719463364443,231.45,25
1719463364443,231.45,25
1719463365543,230.65,25
1719463365543,230.65,25
1719463366885,231.7,75
1719463367319,231.6,100
1719463367319,231.6,100
1719463368399,231.1,25
1719463368399,231.1,25
1719463368977,230.25,25
1719463368977,230.25,25
1719463368977,230.25,25
1719463371191,230.0,100
1719463371191,230.0,100
1719463371639,230.0,25
1719463371639,230.0,25
1719463373121,229.8,100
1719463373121,229.8,100
1719463374085,229.3,25
1719463374443,229.4,250
1719463374443,229.4,250
1719463378172,230.55,25
1719463380006,232.95,25
1719463380022,232.95,150
1719463380022,232.95,150
1719463380408,232.4,25
1719463381193,233.45,50
1719463381193,233.45,50
1719463381193,233.45,50
1719463382784,234.25,50
1719463383740,235.45,25
1719463384371,234.8,25
1719463385419,234.55,50
1719463385419,234.55,50
1719463386605,234.25,25
1719463386850,233.45,25
1719463386850,233.45,25
1719463386850,233.45,25
1719463386850,233.45,25
1719463389124,234.8,25
1719463389124,234.8,25
1719463389124,234.8,25
1719463391064,234.6,75
1719463391902,236.15,125
1719463391902,236.15,125
1719463391902,236.15,125
1719463393270,235.95,50
1719463393857,235.8,50
1719463394103,236.1,200
1719463394325,235.95,25
1719463395041,237.0,25
1719463395041,237.0,25
1719463396507,237.0,25
1719463396704,236.8,50
1719463396704,236.8,50
1719463398238,237.6,25
1719463398491,237.55,100
1719463398491,237.55,100
1719463398491,237.55,100
1719463398491,237.55,100
1719463401341,236.75,50
1719463401341,236.75,50
1719463402772,237.0,25
1719463403787,237.45,100
1719463403787,237.45,100
1719463404702,238.35,25
1719463404833,237.45,25
1719463405678,238.05,100
1719463406748,239.0,25
1719463406846,239.45,25
1719463407694,241.15,25
1719463408317,241.1,25
1719463408613,241.15,75
1719463409473,241.9,25
1719463409473,241.9,25
1719463410049,243.25,25
1719463410570,243.65,50
1719463410733,243.85,25
1719463411596,241.8,75
1719463412752,242.9,100
1719463412752,242.9,100
1719463413047,242.35,25
1719463413903,241.8,50
1719463414616,241.65,25
1719463414616,241.65,25
1719463415269,242.25,50
1719463415666,242.35,200
1719463416355,242.0,50
1719463416355,242.0,50
1719463417421,242.95,125
1719463417421,242.95,125
1719463418823,243.2,150
1719463419445,242.95,25
1719463419445,242.95,25
1719463420367,243.9,100
1719463421381,242.85,25
1719463421381,242.85,25
1719463422164,243.0,25
1719463422635,243.7,25
1719463422635,243.7,25
1719463423818,245.0,25
1719463424610,243.8,50
1719463424610,243.8,50
1719463425767,243.65,175
1719463426645,244.05,25
1719463427580,244.45,25
1719463428046,245.0,25
1719463429026,252.45,25
1719463429188,251.35,25
1719463429830,252.4,25
1719463430513,250.95,75
1719463430756,249.9,25
1719463431860,249.65,100
1719463431917,250.3,75
1719463432835,255.4,25
1719463433003,255.65,25
1719463433682,252.35,25
1719463434005,252.1,25
1719463434808,252.85,25
1719463435415,252.3,25
1719463436018,252.2,25
1719463436421,251.65,75
1719463436823,251.85,150
1719463437561,252.35,475
1719463437671,252.05,100
1719463438712,251.3,25
1719463438712,251.3,25
1719463439987,251.85,150
1719463439987,251.85,150
1719463440778,250.0,25
1719463440778,250.0,25
1719463441568,250.85,275
1719463442463,249.4,25
1719463442463,249.4,25
1719463443525,248.25,25
1719463443525,248.25,25
1719463444639,248.85,25
1719463444686,248.0,375
1719463445065,248.5,50
1719463465511,248.6,25
1719463466055,249.4,200
1719463466693,249.0,25
1719463467213,248.5,75
1719463467883,248.05,150
1719463467883,248.05,150
1719463468940,247.4,25
1719463468940,247.4,25
1719463468940,247.4,25
1719463469970,247.35,25
1719463470496,244.3,25
1719463470664,244.0,200
1719463470664,244.0,200
1719463472031,243.9,200
1719463472571,242.95,100
1719463472799,243.15,25
1719463472799,243.15,25
1719463474302,243.05,125
1719463474302,243.05,125
1719463474302,243.05,125
1719463476181,243.45,50
1719463476181,243.45,50
1719463477180,242.75,25
1719463477361,242.65,25
1719463478040,244.75,75
1719463478117,244.55,25
1719463478117,244.55,25
1719463479666,246.0,25
1719463479666,246.0,25
1719463479666,246.0,25
1719463480968,248.0,25
1719463481643,248.45,250
1719463482287,248.05,100
1719463482287,248.05,100
1719463483295,250.0,25
1719463483811,248.5,25
1719463483811,248.5,25
1719463485143,248.7,25
1719463485866,248.8,25
1719463485866,248.8,25
1719463485866,248.8,25
1719463485866,248.8,25
1719463485866,248.8,25
1719463491008,250.0,25
1719463491008,250.0,25
1719463491008,250.0,25
1719463491838,250.1,75
1719463491838,250.1,75
1719463492676,251.3,25
1719463493759,249.75,25
1719463495618,250.9,200
1719463495618,250.9,200
1719463496599,250.9,250
1719463496599,250.9,250
1719463496599,250.9,250
1719463498706,250.6,50
1719463499285,250.0,25
1719463499848,250.15,50
1719463499848,250.15,50
1719463499848,250.15,50
1719463500686,249.45,50
1719463501252,248.65,250
1719463501252,248.65,250
1719463501252,248.65,250
1719463503008,249.75,50
1719463503493,248.95,50
1719463503493,248.95,50
1719463504847,249.95,100
1719463504847,249.95,100
1719463505821,251.7,25
1719463505821,251.7,25
1719463506554,252.3,225
1719463507864,250.8,25
1719463507918,250.45,50
1719463508632,251.1,25
1719463508632,251.1,25
1719463508632,251.1,25
1719463509875,249.7,50
1719463510468,250.95,25
1719463510810,250.95,250
1719463511722,252.9,25
1719463511722,252.9,25
1719463512628,252.6,25
1719463512823,253.0,50
1719463513706,252.25,25
1719463513706,252.25,25
1719463514587,252.75,25
1719463514587,252.75,25
1719463515597,252.0,75
1719463516344,252.8,25
1719463516344,252.8,25
1719463516959,253.6,25
1719463517673,252.65,250
1719463518238,252.45,50
1719463518834,253.2,50
1719463519477,252.2,25
1719463519644,251.45,25
1719463520271,250.8,25
1719463520271,250.8,25
1719463521740,250.0,150
1719463521864,249.9,25
1719463522880,248.85,25
1719463522949,249.3,50
1719463523889,248.0,25
1719463523986,248.05,25
1719463524718,247.1,25
1719463524718,247.1,25
1719463524718,247.1,25
1719463525396,246.85,100
1719463525396,246.85,100
1719463527130,247.5,25
1719463527400,247.75,200
1719463527400,247.75,200
1719463528455,247.65,25
1719463529287,246.6,25
1719463529287,246.6,25
1719463529287,246.6,25
1719463530868,244.75,25
1719463530868,244.75,25
1719463531601,245.5,50
1719463532156,243.15,225
1719463532364,244.0,75
1719463532364,244.0,75
1719463533582,245.7,50
1719463533582,245.7,50
1719463534255,244.75,25
1719463534713,245.05,200
1719463535394,245.05,100
1719463535394,245.05,100
1719463535394,245.05,100
1719463537030,243.05,25
1719463537126,242.25,350
1719463537126,242.25,350
1719463537126,242.25,350
1719463539448,243.8,25
1719463539448,243.8,25
1719463540436,243.7,25
1719463540540,243.75,25
1719463540540,243.75,25
1719463541551,243.5,50
1719463541551,243.5,50
1719463542880,243.2,50
1719463542880,243.2,50
1719463542880,243.2,50
1719463543648,243.55,50
1719463543648,243.55,50
1719463543648,243.55,50
1719463545836,242.65,25
1719463545836,242.65,25
1719463547543,242.25,200
1719463547543,242.25,200
1719463549882,239.15,75
1719463550132,239.75,175
1719463550298,240.1,25
1719463550882,238.85,25
1719463551048,238.9,25
1719463551048,238.9,25
1719463552428,241.15,100
1719463552878,242.15,25
1719463553628,242.1,50
1719463553628,242.1,50
1719463554702,244.9,200
1719463555035,245.0,100
1719463555741,244.6,25
1719463555741,244.6,25
1719463557856,245.25,25
1719463557856,245.25,25
1719463558714,245.15,25
1719463558714,245.15,25
1719463559371,244.75,25
1719463559371,244.75,25
1719463559371,244.75,25
1719463560153,244.95,100
1719463560153,244.95,100
1719463560153,244.95,100
1719463562548,244.6,50
1719463562548,244.6,50
1719463563589,244.6,75
1719463563935,245.95,75
1719463564909,247.45,25
1719463566071,245.9,25
1719463566071,245.9,25
1719463567439,247.85,25
1719463567562,247.45,25
1719463568181,247.25,25
1719463568181,247.25,25
1719463569379,247.35,25
1719463569379,247.35,25
1719463569924,247.75,25
1719463569924,247.75,25
1719463569924,247.75,25
1719463572010,247.9,25
1719463572010,247.9,25
1719463573091,249.05,200
1719463573616,250.4,75
1719463573616,250.4,75
1719463574433,249.3,25
1719463574433,249.3,25
1719463574433,249.3,25
1719463575784,249.05,25
1719463576612,250.0,75
1719463576612,250.0,75
1719463577884,249.3,125
1719463578087,250.3,50
1719463578087,250.3,50
1719463579488,251.05,25
1719463579488,251.05,25
1719463579488,251.05,25
1719463581418,250.8,50
1719463581418,250.8,50
1719463581795,250.9,25
1719463582821,251.6,25
1719463583299,252.3,25
1719463584034,253.15,25
1719463584740,252.95,50
1719463584964,253.9,200
1719463585473,253.9,25
1719463586019,253.25,25
1719463586404,252.3,25
1719463586404,252.3,25
1719463586998,252.3,225
1719463586998,252.3,225
1719463586998,252.3,225
1719463589624,251.6,50
1719463589624,251.6,50
1719463590644,250.8,25
1719463590644,250.8,25
1719463590644,250.8,25
1719463591844,251.55,25
1719463592445,251.6,175
1719463593468,251.15,25
1719463593468,251.15,25
1719463595222,251.45,25
1719463595222,251.45,25
1719463595222,251.45,25
1719463597109,252.35,25
1719463597880,253.05,350
1719463598829,253.0,600
1719463599832,252.7,25
1719463599832,252.7,25
1719463599832,252.7,25
1719463609887,248.15,25
1719463609887,248.15,25
1719463611292,248.15,50
1719463611646,248.8,125
1719463611646,248.8,125
1719463612611,249.2,50
1719463612611,249.2,50
1719463614094,249.6,50
1719463614655,248.85,25
1719463615147,249.4,25
1719463615910,248.95,25
1719463616180,248.8,25
1719463616554,248.5,25
1719463617141,247.95,25
1719463617141,247.95,25
1719463618836,249.2,25
1719463618836,249.2,25
1719463618836,249.2,25
1719463620470,250.15,75
1719463620707,250.55,125
1719463620707,250.55,125
1719463621545,251.6,25
1719463622251,251.75,25
1719463622640,251.55,25
1719463623220,251.7,50
1719463623220,251.7,50
1719463623847,252.1,200
1719463624375,251.45,250
1719463624375,251.45,250
1719463625010,252.7,25
1719463625010,252.7,25
1719463626676,252.55,25
1719463627265,251.9,25
1719463627265,251.9,25
1719463628692,251.2,75
1719463629047,251.2,25
1719463629047,251.2,25
1719463631635,250.75,50
1719463631635,250.75,50
1719463632484,251.3,25
1719463632484,251.3,25
1719463632484,251.3,25
1719463633719,249.6,75
1719463633835,250.0,25
1719463633835,250.0,25
1719463633835,250.0,25
1719463633835,250.0,25
1719463636940,250.0,25
1719463637809,249.0,25
1719463637989,248.6,75
1719463639586,248.35,50
1719463640833,247.3,500
1719463641439,247.0,25
1719463642269,247.8,100
1719463642269,247.8,100
1719463642269,247.8,100
1719463644129,246.9,50
1719463644129,246.9,50
1719463644633,247.2,25
1719463645275,246.0,50
1719463645403,246.0,50
1719463645820,247.05,25
1719463645820,247.05,25
1719463647447,248.7,150
1719463647447,248.7,150
1719463668741,254.0,25
1719463668909,253.9,25
1719463668909,253.9,25
1719463670514,253.9,25
1719463670728,253.45,25
1719463670728,253.45,25
1719463672241,252.7,50
1719463672486,252.6,50
1719463673228,251.4,75
1719463674605,250.0,25
1719463675001,250.95,100
1719463675582,252.05,25
1719463675582,252.05,25
1719463676582,252.2,100
1719463688957,251.55,100
1719463754328,245.65,25
1719463754955,246.05,25
1719463754955,246.05,25
1719463756410,245.25,50
1719463760593,240.4,25
1719463761689,241.25,250
1719463761829,241.5,50
1719463762157,240.3,25
1719463762157,240.3,25
1719463763862,240.25,100
1719463764405,241.6,25
1719463765604,241.55,50
1719463766349,243.7,25
1719463766803,243.95,75
1719463766803,243.95,75
1719463767971,245.05,25
1719463767971,245.05,25
1719463768933,244.65,200
1719463768933,244.65,200
1719463769856,244.35,100
1719463770080,244.35,100
1719463770587,244.55,75
1719463770983,244.8,25
1719463775374,242.7,50
1719463777010,238.9,25
1719463777549,240.65,25
1719463777549,240.65,25
1719463777549,240.65,25
1719463778666,242.3,25
1719463778666,242.3,25
1719463779332,241.3,125
1719463779332,241.3,125
1719463780377,242.3,25
1719463780377,242.3,25
1719463781979,242.5,25
1719463781979,242.5,25
1719463782929,242.55,150
1719463782929,242.55,150
1719463783571,242.6,25
1719463784175,242.35,25
1719463785239,243.0,475
1719463785466,242.75,25
1719463785993,243.0,25
1719463786425,243.3,75
1719463786775,243.0,25
1719463787916,242.5,400
1719463787916,242.5,400
1719463789218,242.7,50
1719463789941,242.95,100
1719463790123,242.3,100
1719463790964,241.45,50
1719463791901,241.1,25
1719463791901,241.1,25
1719463792664,242.55,25
1719463793309,242.55,25
1719463793930,240.35,25
1719463794273,240.0,75
1719463794619,240.75,25
1719463794619,240.75,25
1719463795679,240.6,75
1719463796351,240.95,25
1719463796776,241.15,25
1719463797478,241.95,50
1719463797478,241.95,50
1719463797478,241.95,50
1719463798286,241.65,50
1719463798286,241.65,50
1719463799615,242.0,225
1719463799615,242.0,225
1719463800906,242.15,50
1719463800906,242.15,50
1719463801960,241.9,25
1719463802448,241.75,25
1719463802448,241.75,25
1719463803780,242.45,25
1719463803780,242.45,25
1719463804599,241.9,50
1719463805248,242.45,100
1719463805248,242.45,100
1719463806561,243.25,50
1719463806561,243.25,50
1719463806561,243.25,50
1719463807127,243.6,25
1719463807127,243.6,25
1719463808574,242.65,25
1719463808574,242.65,25
1719463809796,241.9,300
1719463809796,241.9,300
1719463810971,240.75,25
1719463811282,241.8,25
1719463811692,241.5,100
1719463811692,241.5,100
1719463815493,237.3,250
1719463816145,237.6,50
1719463816951,238.0,75
1719463817112,237.6,25
1719463817838,239.35,25
1719463817838,239.35,25
1719463819000,240.75,25
1719463819344,240.75,250
1719463820040,240.3,50
1719463820040,240.3,50
1719463820336,241.0,50
1719463820336,241.0,50
1719463822030,240.05,25
1719463822285,240.0,25
1719463822887,239.85,25
1719463822887,239.85,25
1719463822887,239.85,25
1719463822887,239.85,25
1719463824972,238.95,100
1719463825117,239.6,25
1719463826756,239.6,25
1719463827882,240.75,25
1719463828185,241.65,125
1719463828948,242.3,25
1719463828948,242.3,25
1719463830104,244.0,1625
1719463830262,244.5,25
1719463830307,243.9,75
1719463830895,243.15,25
1719463830895,243.15,25
1719463831637,242.1,200
1719463831865,241.9,25
1719463832636,241.8,50
1719463832636,241.8,50
1719463834352,242.55,25
1719463834747,241.55,125
1719463835565,241.7,25
1719463835565,241.7,25
1719463835565,241.7,25
1719463837655,243.0,700
1719463837655,243.0,700
1719463837655,243.0,700
1719463840527,243.0,25
1719463840846,243.7,25
1719463840846,243.7,25
1719463841546,243.95,25
1719463841546,243.95,25
1719463843055,245.0,25
1719463843150,245.65,25
1719463843909,245.75,25
1719463844181,245.1,25
1719463844181,245.1,25
1719463845368,245.4,25
1719463845756,245.1,25
1719463846258,244.55,25
1719463846993,244.55,25
1719463846993,244.55,25
1719463848505,244.95,400
1719463848505,244.95,400
1719463849865,245.2,25
1719463849865,245.2,25
1719463849865,245.2,25
1719463851323,245.3,50
1719463852070,245.0,200
1719463852070,245.0,200
1719463852594,245.4,50
1719463852594,245.4,50
1719463853597,245.4,125
1719463854385,245.5,250
1719463855174,246.1,25
1719463855174,246.1,25
1719463855912,245.95,25
1719463855912,245.95,25
1719463855912,245.95,25
1719463857841,245.05,100
1719463858003,244.95,25
1719463858872,242.9,75
1719463858900,242.65,25
1719463859805,242.25,25
1719463859805,242.25,25
1719463859805,242.25,25
1719463861027,241.5,25
1719463861027,241.5,25
1719463861934,241.1,25
1719463862852,240.0,300
1719463863431,240.95,25
1719463863877,240.6,25
1719463863877,240.6,25
1719463863877,240.6,25
1719463865818,241.25,25
1719463865818,241.25,25
1719463867250,241.95,25
1719463867531,243.0,100
1719463868720,243.3,50
1719463868720,243.3,50
1719463870297,242.55,25
1719463870297,242.55,25
1719463871929,242.0,25
1719463871929,242.0,25
1719463871929,242.0,25
1719463874439,241.9,25
1719463874686,242.7,25
1719463874686,242.7,25
1719463875297,243.25,25
1719463875297,243.25,25
1719463875297,243.25,25
1719463877228,242.25,25
1719463878254,242.1,25
1719463878928,241.4,225
1719463880086,240.8,75
1719463880177,241.5,50
1719463880177,241.5,50
1719463880177,241.5,50
1719463924968,241.0,25
1719463924968,241.0,25
1719463927377,240.95,50
1719463927377,240.95,50
1719463927674,240.7,25
1719463928323,241.45,25
1719463928323,241.45,25
1719463929440,241.5,75
1719463929848,241.7,200
1719463929848,241.7,200
1719463930607,240.1,125
1719463930607,240.1,125
1719463931396,240.05,25
1719463932936,240.2,300
1719463933338,240.0,50
1719463933338,240.0,50
1719463933338,240.0,50
1719463935027,237.8,25
1719463935642,235.7,125
1719463935642,235.7,125
1719463936774,237.95,25
1719463936774,237.95,25
1719463936774,237.95,25
1719463937514,240.45,100
1719463937514,240.45,100
1719463938745,239.45,50
1719463944478,240.65,25
1719463945006,240.55,25
1719463945006,240.55,25
1719463946004,240.4,100
1719463946004,240.4,100
1719463946920,240.6,200
1719463947257,240.45,25
1719463947538,240.55,25
1719463948430,240.8,50
1719463950505,242.0,525
1719463953002,241.45,25
1719463953002,241.45,25
1719463954304,242.25,50
1719463954304,242.25,50
1719463955052,242.45,25
1719463955052,242.45,25
1719463955936,243.0,25
1719463955936,243.0,25
1719463957057,244.1,225
1719463957057,244.1,225
1719463957057,244.1,225
1719463958225,243.55,25
1719463958225,243.55,25
1719463960068,243.8,125
1719463961027,245.0,150
1719463961027,245.0,150
1719463961547,245.55,25
1719463961547,245.55,25
1719463962744,244.8,300
1719463962744,244.8,300
1719463962744,244.8,300
1719463966133,244.4,25
1719463966133,244.4,25
1719463967174,242.9,25
1719463967515,241.9,100
1719463967515,241.9,100
1719463968841,243.7,25
1719463968841,243.7,25
1719463969581,243.8,50
1719463969581,243.8,50
1719463971170,244.05,25
1719463971170,244.05,25
1719463972522,244.25,25
1719463972522,244.25,25
1719463972522,244.25,25
1719463974055,244.45,25
1719463974055,244.45,25
1719463974055,244.45,25
1719463975602,244.05,1100
1719463976003,243.6,25
1719463976003,243.6,25
1719463976828,244.4,25
1719463977602,243.75,25
1719463978085,244.0,25
1719463978085,244.0,25
1719463979334,242.0,25
1719463979334,242.0,25
1719463980015,241.35,25
1719463980015,241.35,25
1719463980015,241.35,25
1719463982206,242.5,25
1719463982206,242.5,25
1719463982206,242.5,25
1719463984258,242.65,25
1719463984615,243.7,50
1719463984615,243.7,50
1719463985505,242.4,25
1719463985505,242.4,25
1719463985505,242.4,25
1719463985505,242.4,25
1719463985505,242.4,25
1719463985505,242.4,25
1719463989955,244.3,75
1719463989955,244.3,75
1719463991002,243.45,25
1719463991002,243.45,25
1719463992278,244.1,25
1719463993016,243.45,25
1719463993205,243.95,75
1719463993717,244.8,25
1719463994395,245.1,25
1719463995073,244.9,250
1719463995073,244.9,250
1719463995073,244.9,250
1719463996772,244.1,25
1719463996772,244.1,25
1719463996772,244.1,25
1719463996772,244.1,25
1719463996772,244.1,25
1719464000759,247.5,25
1719464000759,247.5,25
1719464000759,247.5,25
1719464002230,246.15,25
1719464002707,245.2,25
1719464003295,245.45,75
1719464004492,246.65,225
1719464004684,246.15,525
1719464004684,246.15,525
1719464005675,247.05,75
1719464006431,247.25,25
1719464006783,246.65,50
1719464007380,246.25,25
1719464007380,246.25,25
1719464007380,246.25,25
1719464008854,246.35,50
1719464008854,246.35,50
1719464009914,246.3,25
1719464009914,246.3,25
1719464009914,246.3,25
1719464010705,246.7,25
1719464012121,247.05,25
1719464012121,247.05,25
1719464013156,246.65,25
1719464013524,247.2,100
1719464013698,246.75,50
1719464013698,246.75,50
1719464013698,246.75,50
1719464016986,247.0,475
1719464017746,245.95,100
1719464018061,245.3,25
1719464018259,246.2,50
1719464018259,246.2,50
1719464020530,245.0,50
1719464020636,245.65,375
1719464020928,244.9,200
1719464021898,243.95,25
1719464021898,243.95,25
1719464021898,243.95,25
1719464023384,243.25,25
1719464023734,243.95,50
1719464023734,243.95,50
1719464024180,244.45,125
1719464024180,244.45,125
1719464024180,244.45,125
1719464024180,244.45,125
1719464024180,244.45,125
1719464028824,246.35,100
1719464029055,246.1,25
1719464029055,246.1,25
1719464029767,245.6,25
1719464029767,245.6,25
1719464029767,245.6,25
1719464032645,246.55,25
1719464032880,246.4,25
1719464032880,246.4,25
1719464034020,246.45,25
1719464034333,247.0,150
1719464034527,246.7,100
1719464034527,246.7,100
1719464036090,247.6,325
1719464036090,247.6,325
1719464036556,247.85,25
1719464037256,247.7,25
1719464037682,247.2,25
1719464037682,247.2,25
1719464039088,248.8,500
1719464039428,249.0,125
1719464039664,248.25,25
1719464040456,248.5,125
1719464040713,248.8,300
1719464041270,248.3,250
1719464042082,249.0,500
1719464042082,249.0,500
1719464042082,249.0,500
1719464044383,249.15,25
1719464044832,251.0,25
1719464044832,251.0,25
1719464046182,249.7,125
1719464046440,248.8,25
1719464047212,249.95,25
1719464047212,249.95,25
1719464048612,249.6,25
1719464048612,249.6,25
1719464049955,249.45,50
1719464049955,249.45,50
1719464050967,250.4,25
1719464051474,251.15,100
1719464052120,251.15,25
1719464052431,250.4,300
1719464052936,250.2,25
1719464052936,250.2,25
1719464054180,249.15,25
1719464054739,248.5,50
1719464055104,249.1,50
1719464055683,248.0,25
1719464055683,248.0,25
1719464056903,247.0,25
1719464057183,246.0,250
1719464057702,246.6,75
1719464057702,246.6,75
1719464057702,246.6,75
1719464057702,246.6,75
1719464060185,248.1,25
1719464060185,248.1,25
1719464060185,248.1,25
1719464060185,248.1,25
1719464062822,250.0,100
1719464063051,250.5,75
1719464063051,250.5,75
1719464064181,250.9,250
1719464064181,250.9,250
1719464072122,251.0,25
1719464072122,251.0,25
1719464075931,251.1,100
1719464075931,251.1,100
1719464077499,250.45,75
1719464077499,250.45,75
1719464078675,251.1,25
1719464078675,251.1,25
1719464079728,250.9,100
1719464079728,250.9,100
1719464080177,252.25,25
1719464080841,251.25,25
1719464081075,250.2,25
1719464081994,251.3,100
1719464081994,251.3,100
1719464081994,251.3,100
1719464083699,252.0,25
1719464084139,253.0,25
1719464088370,253.5,100
1719464088892,253.65,150
1719464089383,253.0,25
1719464089383,253.0,25
1719464090356,253.15,25
1719464090606,252.6,50
1719464091523,252.35,250
1719464091992,252.8,75
1719464092616,250.2,50
1719464092900,250.0,50
1719464092900,250.0,50
1719464094122,248.8,25
1719464095038,247.2,75
1719464095038,247.2,75
1719464096056,247.95,25
1719464096595,248.5,225
1719464096595,248.5,225
1719464096595,248.5,225
1719464096595,248.5,225
1719464096595,248.5,225
1719464096595,248.5,225
1719464101016,250.35,50
1719464101804,249.0,25
1719464101804,249.0,25
1719464101804,249.0,25
1719464103207,248.5,50
1719464118968,248.0,150
1719464120622,247.0,25
1719464120622,247.0,25
1719464121308,246.2,25
1719464121308,246.2,25
1719464122570,247.3,350
1719464122570,247.3,350
1719464123643,247.7,25
1719464123643,247.7,25
1719464125411,247.55,25
1719464125411,247.55,25
1719464126205,247.8,25
1719464126892,248.25,125
1719464127155,248.7,25
1719464127155,248.7,25
1719464127914,248.55,50
1719464127914,248.55,50
1719464127914,248.55,50
1719464129806,247.95,25
1719464129806,247.95,25
1719464129806,247.95,25
1719464130702,247.35,25
1719464166816,249.55,100
1719464166816,249.55,100
1719464166816,249.55,100
1719464170950,248.5,25
1719464170950,248.5,25
1719464171533,248.1,100
1719464171807,247.95,25
1719464171807,247.95,25
1719464173417,247.0,75
1719464173803,248.45,25
1719464173803,248.45,25
1719464174712,247.85,50
1719464174712,247.85,50
1719464175386,248.45,25
1719464175386,248.45,25
1719464177288,249.15,25
1719464177288,249.15,25
1719464177288,249.15,25
1719464177288,249.15,25
1719464177288,249.15,25
1719464181047,247.5,175
1719464181047,247.5,175
1719464182003,247.1,25
1719464182215,246.6,25
1719464182403,246.9,25
1719464183214,247.2,25
1719464183214,247.2,25
1719464205390,248.55,100
1719464205390,248.55,100
1719464205390,248.55,100
1719464205390,248.55,100
1719464205390,248.55,100
1719464208800,246.2,50
1719464209558,247.1,50
1719464209558,247.1,50
1719464210723,246.25,25
1719464210723,246.25,25
1719464210723,246.25,25
1719464210723,246.25,25
1719464214479,247.35,50
1719464214479,247.35,50
1719464214479,247.35,50
1719464216650,246.0,25
1719464216650,246.0,25
1719464217028,246.15,25
1719464217028,246.15,25
1719464218256,245.0,100
1719464218256,245.0,100
1719464219248,242.0,100
1719464219694,242.0,25
1719464219810,242.0,25
1719464220297,242.0,250
1719464220406,241.0,50
1719464221302,242.5,25
1719464221895,242.75,25
1719464222235,242.45,25
1719464222235,242.45,25
1719464223652,241.25,25
1719464223652,241.25,25
1719464223652,241.25,25
1719464224599,242.4,25
1719464225130,241.5,25
1719464225350,241.7,25
1719464226273,240.4,100
1719464226273,240.4,100
1719464227226,240.0,375
1719464228254,238.75,75
1719464228807,238.0,25
1719464228807,238.0,25
1719464229954,238.15,25
1719464229954,238.15,25
1719464231036,236.6,75
1719464231036,236.6,75
1719464232975,237.5,25
1719464232975,237.5,25
1719464234021,237.2,25
1719464234422,237.5,75
1719464235066,237.5,25
1719464235066,237.5,25
1719464236363,237.95,25
1719464236363,237.95,25
1719464237683,237.5,50
1719464237683,237.5,50
1719464237683,237.5,50
1719464237683,237.5,50
1719464239864,237.2,50
1719464240137,237.5,25
1719464240525,237.5,25
1719464240885,237.3,25
1719464242202,237.4,25
1719464242379,238.05,25
1719464242718,238.15,25
1719464242718,238.15,25
1719464243667,237.95,25
1719464243667,237.95,25
1719464245141,236.5,400
1719464245383,236.4,25
1719464246292,237.3,25
1719464247031,232.5,25
1719464247316,233.0,25
1719464248309,228.15,25
1719464249087,228.55,200
1719464249087,228.55,200
1719464250101,230.0,25
1719464250259,231.0,50
1719464251039,228.7,50
1719464251228,228.0,50
1719464251867,229.8,25
1719464252314,229.55,50
1719464252840,229.5,200
1719464253313,228.4,175
1719464254492,226.9,25
1719464254492,226.9,25
1719464255136,227.8,75
1719464255391,227.9,375
1719464256083,227.6,25
1719464256958,228.35,25
1719464257164,228.15,25
1719464258014,226.55,25
1719464258315,226.25,25
1719464259874,227.4,200
1719464259874,227.4,200
1719464260995,228.2,25
1719464260995,228.2,25
1719464261690,227.8,25
1719464262283,227.3,50
1719464262787,227.3,550
1719464263298,226.9,400
1719464264311,227.3,25
1719464264324,227.15,25
1719464264858,226.9,25
1719464265747,226.75,25
1719464266264,226.75,325
1719464266888,227.65,25
1719464267324,227.35,25
1719464267324,227.35,25
1719464267324,227.35,25
1719464269093,226.45,75
1719464269153,226.95,25
1719464269937,226.05,25
1719464270842,227.1,25
1719464272129,228.45,25
1719464272129,228.45,25
1719464272363,228.85,25
1719464272886,227.85,25
1719464273425,227.95,25
1719464274075,228.6,25
1719464274621,228.5,25
1719464274621,228.5,25
1719464275579,228.45,25
1719464291342,227.1,50
1719464291515,226.6,25
1719464292276,223.0,25
1719464292377,222.85,25
1719464292912,224.3,125
1719464293697,224.1,25
1719464294006,224.35,25
1719464294442,223.85,50
1719464295209,224.2,25
1719464296098,224.55,25
1719464296234,225.0,25
1719464296930,225.8,50
1719464296930,225.8,50
1719464297424,225.3,25
1719464297424,225.3,25
1719464298592,225.4,25
1719464298592,225.4,25
1719464299980,224.7,275
1719464299980,224.7,275
1719464301028,226.1,25
1719464301028,226.1,25
1719464301697,226.0,25
1719464302191,225.95,25
1719464302378,226.1,25
1719464303134,225.7,50
1719464303396,225.3,25
1719464304323,224.7,25
1719464304591,225.25,25
1719464305314,224.05,25
1719464306083,225.4,25
1719464306273,226.0,25
1719464307158,225.55,25
1719464307313,225.35,25
1719464307706,224.0,25
1719464308984,224.65,25
1719464308984,224.65,25
1719464309976,223.5,50
1719464310336,221.0,250
1719464310737,221.85,25
1719464311233,222.25,25
1719464311869,222.5,150
1719464312241,221.45,25
1719464312735,222.05,25
1719464313072,221.65,25
1719464313808,221.3,25
1719464314355,218.05,25
1719464314741,218.55,25
1719464315305,220.15,25
1719464316107,220.0,100
1719464316299,220.1,25
1719464317028,218.45,25
1719464317321,219.05,25
1719464318352,220.0,25
1719464318552,220.25,25
1719464319322,220.5,25
1719464319437,220.4,25
1719464319857,219.4,25
1719464319857,219.4,25
1719464321349,218.95,50
1719464321488,218.5,100
1719464322087,218.55,50
1719464322937,219.5,25
1719464323341,218.0,125
1719464323762,217.0,50
1719464324306,218.85,100
1719464324663,218.45,25
1719464325363,219.05,50
1719464325600,220.05,25
1719464326279,219.6,250
1719464326754,219.65,275
1719464326796,220.0,100
1719464327718,222.25,50
1719464328054,222.85,100
1719464328421,223.35,75
1719464329303,224.35,25
1719464329711,225.0,125
1719464330455,223.85,25
1719464330666,223.05,25
1719464366592,221.1,25
1719464367583,221.75,50
1719464367583,221.75,50
1719464368553,221.95,75
1719464369245,222.55,175
1719464369519,222.65,25
1719464369519,222.65,25
1719464369519,222.65,25
1719464370889,222.3,150
1719464371263,222.25,50
1719464371860,221.5,25
1719464372128,222.05,25
1719464373199,221.1,25
1719464373199,221.1,25
1719464378240,221.0,25
1719464378519,221.15,25
1719464379174,222.7,25
1719464379174,222.7,25
1719464380397,222.55,25
1719464380992,222.3,50
1719464380992,222.3,50
1719464380992,222.3,50
1719464382319,221.75,50
1719464383088,222.0,75
1719464383331,222.25,25
1719464384150,223.95,25
1719464384309,222.95,25
1719464384965,223.95,25
1719464384965,223.95,25
1719464386397,224.65,25
1719464386833,224.05,25
1719464387107,224.25,50
1719464388030,224.95,25
1719464388126,224.9,25
1719464389226,223.0,50
1719464389226,223.0,50
1719464390173,223.6,100
1719464390335,223.6,75
1719464390541,222.95,25
1719464390953,222.95,25
1719464391759,222.6,50
1719464391953,222.25,25
1719464391953,222.25,25
1719464393381,222.95,25
1719464394232,221.4,175
1719464394232,221.4,175
1719464394825,222.6,50
1719464394825,222.6,50
1719464396212,223.0,25
1719464396212,223.0,25
1719464398072,220.5,50
1719464398072,220.5,50
1719464399237,221.35,25
1719464399598,221.45,150
1719464399598,221.45,150
1719464400395,221.4,25
1719464401275,223.0,150
1719464401353,222.85,25
1719464402396,223.9,25
1719464402659,223.35,25
1719464403677,222.85,75
1719464404380,222.35,25
1719464404842,222.35,25
1719464404842,222.35,25
1719464405505,222.0,25
1719464405505,222.0,25
1719464406784,221.0,25
1719464406784,221.0,25
1719464407535,222.1,25
1719464408346,221.75,100
1719464408346,221.75,100
1719464410165,222.0,100
1719464410514,222.05,50
1719464410944,222.05,75
1719464410944,222.05,75
1719464412693,223.25,25
1719464412871,223.4,25
1719464412871,223.4,25
1719464413830,223.4,75
1719464413830,223.4,75
1719464415178,222.9,25
1719464415178,222.9,25
1719464415178,222.9,25
1719464415737,223.05,25
1719464416561,223.05,50
1719464417275,223.25,25
1719464417762,222.6,50
1719464418339,222.95,325
1719464418464,222.95,25
1719464419346,221.85,250
1719464419845,220.9,25
1719464420313,222.4,75
1719464420761,221.85,25
1719464421249,222.4,50
1719464421924,222.7,50
1719464422408,222.5,50
1719464423001,222.3,50
1719464423001,222.3,50
1719464424388,222.6,150
1719464424388,222.6,150
1719464424981,222.0,25
1719464424981,222.0,25
1719464424981,222.0,25
1719464427035,221.55,25
1719464427035,221.55,25
1719464428365,221.95,25
1719464428800,221.9,75
1719464428985,222.0,50
1719464429850,222.05,50
1719464429850,222.05,50
1719464430320,222.15,25
1719464430320,222.15,25
1719464430320,222.15,25
1719464432411,220.25,25
1719464432411,220.25,25
1719464432411,220.25,25
1719464433702,222.1,25
1719464435169,220.7,25
1719464435491,220.05,50
1719464435560,219.6,25
1719464435560,219.6,25
1719464436785,221.2,25
1719464437074,220.55,25
1719464437074,220.55,25
1719464438399,219.7,75
1719464438958,218.45,75
1719464438958,218.45,75
1719464439875,218.8,25
1719464440275,218.0,25
1719464440971,219.35,25
1719464440971,219.35,25
1719464442016,218.8,375
1719464442016,218.8,375
1719464442016,218.8,375
1719464443687,219.1,25
1719464444092,220.8,25
1719464444374,220.7,25
1719464445245,220.8,50
1719464445245,220.8,50
1719464446204,220.5,75
1719464446204,220.5,75
1719464447239,221.1,25
1719464447239,221.1,25
1719464447920,222.5,25
1719464448307,220.9,225
1719464448920,220.5,50
1719464448920,220.5,50
1719464448920,220.5,50
1719464450310,221.0,25
1719464451034,220.75,25
1719464451034,220.75,25
1719464452552,220.65,75
1719464452552,220.65,75
1719464465494,227.5,25
1719464465494,227.5,25
1719464467430,225.2,150
1719464468084,225.85,25
1719464468084,225.85,25
1719464468992,225.7,25
1719464468992,225.7,25
1719464469823,224.75,25
1719464469823,224.75,25
1719464470640,225.0,100
1719464470640,225.0,100
1719464470640,225.0,100
1719464472025,224.65,25
1719464472025,224.65,25
1719464473092,224.1,25
1719464473867,223.3,100
1719464474444,222.6,25
1719464474879,223.45,25
1719464475415,223.2,75
1719464475710,223.35,25
1719464475710,223.35,25
1719464476592,222.95,50
1719464477004,223.5,25
1719464477004,223.5,25
1719464478228,223.55,300
1719464478228,223.55,300
1719464479332,224.35,50
1719464508154,226.2,25
1719464508154,226.2,25
1719464508845,227.0,225
1719464509133,227.0,25
1719464510416,226.9,25
1719464510603,227.35,300
1719464510603,227.35,300
1719464510603,227.35,300
1719464519185,227.95,25
1719464520415,228.1,25
1719464520961,227.75,250
1719464521370,228.3,25
1719464521969,229.4,25
1719464522213,229.7,25
1719464522802,231.0,250
1719464523389,230.85,25
1719464524393,233.55,25
1719464524661,232.15,25
1719464525136,231.3,25
1719464535305,230.8,50
1719464536518,230.6,75
1719464536912,230.6,25
1719464536912,230.6,25
1719464537880,231.25,25
1719464537880,231.25,25
1719464537880,231.25,25
1719464539748,230.6,425
1719464540198,230.8,25
1719464540198,230.8,25
1719464540700,231.4,25
1719464541295,231.85,25
1719464542367,231.25,75
1719464542367,231.25,75
1719464543077,231.6,50
1719464544305,232.65,100
1719464544305,232.65,100
1719464544305,232.65,100
1719464545430,233.0,75
1719464546026,234.0,250
1719464546026,234.0,250
1719464546966,233.25,25
1719464547336,233.0,450
1719464547845,232.65,25
1719464548248,232.65,50
1719464548693,232.65,25
1719464549424,232.65,25
1719464563361,233.5,150
1719464563361,233.5,150
1719464564864,234.35,25
1719464565083,235.3,100
1719464565795,235.35,25
1719464567020,234.75,25
1719464567020,234.75,25
1719464568342,235.0,25
1719464568342,235.0,25
1719464569112,235.4,25
1719464569112,235.4,25
1719464571709,234.25,425
1719464571739,234.25,25
1719464571739,234.25,25
1719464573454,234.35,100
1719464574844,233.25,100
1719464575090,234.1,25
1719464575090,234.1,25
1719464576083,235.65,25
1719464576127,235.7,25
1719464576960,235.05,25
1719464577219,234.8,50
1719464578067,234.0,50
1719464586693,233.85,25
1719464586693,233.85,25
1719464587628,234.0,25
1719464588451,235.3,50
1719464589391,236.55,100
1719464590062,237.3,25
1719464591668,241.5,25
1719464592120,244.1,25
1719464592463,243.85,25
1719464593341,242.75,25
1719464593450,243.4,25
1719464594370,243.55,25
1719464594635,243.05,25
1719464595441,241.75,25
1719464595710,242.65,25
1719464596493,241.85,25
1719464596493,241.85,25
1719464597530,241.7,25
1719464598164,241.9,75
1719464598347,242.6,25
1719464599569,244.0,25
1719464600136,245.4,25
1719464600470,245.1,75
1719464601160,248.7,50
1719464601725,253.0,25
1719464602547,254.15,25
1719464602597,254.5,25
1719464603490,253.85,25
1719464603934,254.1,25
1719464604313,254.05,50
1719464605695,253.1,50
1719464605754,253.0,50
1719464606508,255.0,250
1719464606738,257.95,25
1719464607674,263.1,200
1719464607922,262.75,75
1719464608582,262.35,100
1719464609554,265.05,25
1719464610085,269.6,25
1719464610701,268.3,50
1719464611110,268.1,25
1719464611719,275.1,75
1719464612558,286.3,25
1719464612781,294.85,50
1719464613071,303.4,25
1719464626391,276.6,75
1719464626391,276.6,75
1719464627342,277.8,125
1719464627687,279.4,250
1719464628383,276.7,25
1719464628465,275.0,25
1719464629515,272.55,25
1719464629604,271.85,25
1719464630559,271.4,25
1719464631255,272.2,50
1719464631626,273.05,25
1719464632468,273.1,25
1719464632804,272.95,25
1719464632933,274.8,25
1719464633361,275.0,250
1719464634129,276.35,50
1719464634486,278.0,150
1719464635693,282.7,25
1719464636572,287.95,100
1719464636740,287.5,75
1719464637698,289.5,100
1719464638107,286.45,125
1719464638505,285.75,25
1719464639468,285.3,25
1719464640109,284.9,100
1719464640129,284.1,100
1719464640129,284.1,100
1719464641531,285.6,175
1719464642193,286.55,25
1719464642287,285.95,25
1719464643365,283.7,100
1719464643706,285.0,100
1719464644235,281.7,75
1719464644235,281.7,75
1719464645355,281.75,125
1719464646501,280.15,75
1719464646921,276.8,425
1719464647497,276.2,25
1719464648326,274.8,25
1719464648326,274.8,25
1719464649000,276.3,75
1719464650536,278.65,125
1719464650536,278.65,125
1719464651692,283.35,25
1719464651692,283.35,25
1719464652417,281.75,125
1719464652632,281.0,25
1719464653028,281.5,25
1719464653155,280.3,25
1719464654019,283.4,125
1719464654499,283.45,25
1719464654874,282.2,25
1719464655583,283.75,25
1719464656017,282.1,25
1719464656362,283.0,25
1719464657122,284.15,100
1719464657537,283.8,25
1719464658434,282.6,50
1719464658620,282.9,25
1719464659443,279.8,25
1719464659580,279.0,25
1719464660527,274.95,25
1719464660803,277.15,25
1719464660972,276.95,25
1719464661672,278.65,25
1719464661974,279.25,25
1719464662387,277.15,25
1719464663425,281.05,25
1719464663459,281.05,25
1719464664385,282.9,50
1719464664573,284.4,25
1719464665068,285.55,25
1719464665704,281.75,25
1719464665704,281.75,25
1719464666421,282.4,25
1719464667196,283.2,25
1719464667587,281.85,75
1719464667587,281.85,75
1719464668419,283.45,25
1719464669127,284.15,25
1719464669439,283.85,25
1719464669776,282.85,25
1719464670469,281.15,25
1719464671436,277.75,25
1719464671992,277.4,25
1719464671992,277.4,25
1719464672862,276.1,25
1719464673694,277.55,25
1719464673782,278.05,125
1719464674497,277.25,25
1719464674497,277.25,25
1719464675454,276.3,75
1719464676197,277.25,50
1719464676400,277.85,25
1719464677083,276.2,50
1719464677476,276.25,75
1719464677875,276.7,25
1719464678545,278.0,75
1719464678868,277.5,300
1719464679342,278.45,25
1719464680238,279.7,25
1719464680753,281.25,300
1719464681121,281.7,25
1719464681121,281.7,25
1719464682473,279.15,25
1719464682498,279.75,25
1719464683527,280.7,50
1719464684459,280.05,150
1719464684459,280.05,150
1719464685331,279.25,100
1719464685669,278.7,125
1719464685669,278.7,125
1719464686672,279.6,25
1719464687129,279.65,425
1719464687423,280.0,300
1719464688189,283.35,75
1719464688189,283.35,75
1719464689443,279.6,100
1719464690117,280.0,25
1719464690117,280.0,25
1719464691471,284.4,50
1719464691471,284.4,50
1719464692524,284.6,25
1719464692524,284.6,25
1719464693258,283.3,25
1719464693784,283.45,225
1719464694084,285.0,125
1719464694390,286.85,25
1719464694390,286.85,25
1719464695515,288.65,25
1719464695869,287.85,25
1719464696450,289.5,25
1719464697324,288.5,25
1719464697740,288.0,75
1719464698411,289.05,75
1719464702372,298.7,25
1719464703509,298.95,25
1719464703557,298.7,50
1719464704732,298.45,25
1719464704787,299.1,50
1719464705324,297.95,25
1719464705324,297.95,25
1719464712366,289.15,25
1719464712366,289.15,25
1719464713546,288.9,50
1719464713546,288.9,50
1719464714666,288.25,50
1719464715529,284.05,100
1719464715868,283.6,25
1719464716328,283.7,25
1719464717133,285.5,50
1719464717384,285.7,25
1719464717972,285.95,25
1719464718446,285.45,75
1719464719086,285.25,25
1719464719713,287.15,25
1719464720476,286.75,25
1719464721511,288.85,25
1719464721750,289.3,25
1719464722584,291.25,25
1719464722584,291.25,25
1719464723379,293.2,25
1719464724536,289.8,25
1719464724536,289.8,25
1719464725491,289.95,25
1719464725661,290.75,25
1719464725909,292.2,100
1719464726887,290.95,250
1719464726986,291.65,25
1719464726986,291.65,25
1719464728050,292.6,25
1719464728522,293.2,25
1719464729203,294.95,50
1719464729203,294.95,50
1719464730036,290.35,125
1719464730302,288.8,175
1719464730551,290.0,25
1719464730996,290.4,25
1719464731534,290.1,25
1719464731534,290.1,25
1719464733104,289.3,25
1719464733104,289.3,25
1719464734488,289.65,25
1719464735031,288.3,150
1719464735560,288.0,100
1719464736021,288.6,25
1719464736567,289.25,50
1719464736984,289.75,25
1719464737728,289.0,50
1719464738244,287.35,25
1719464738591,288.3,25
1719464738591,288.3,25
1719464738591,288.3,25
1719464740573,288.0,75
1719464740573,288.0,75
1719464740573,288.0,75
1719464743503,287.25,25
1719464744221,287.55,25
1719464744566,287.8,25
1719464744739,288.0,575
1719464746544,286.2,75
1719464746544,286.2,75
1719464747587,285.6,100
1719464747587,285.6,100
1719464748509,286.2,25
1719464748601,287.0,75
1719464749403,284.45,25
1719464749985,284.7,25
1719464752472,284.25,200
1719464752472,284.25,200
1719464752472,284.25,200
1719464753525,284.9,250
1719464753525,284.9,250
1719464754551,282.15,25
1719464755422,282.3,25
1719464755422,282.3,25
1719464756494,279.4,25
1719464756494,279.4,25
1719464757259,278.3,250
1719464757259,278.3,250
