time,price,volume
1719461503544,258.0,25
1719461504120,259.3,50
1719461504120,259.3,50
1719461504120,259.3,50
1719461506849,258.9,25
1719461506849,258.9,25
1719461508144,257.0,25
1719461508171,257.4,25
1719461508171,257.4,25
1719461508171,257.4,25
1719461508171,257.4,25
1719461511497,258.25,50
1719461512481,256.9,25
1719461512481,256.9,25
1719461513720,257.15,25
1719461513720,257.15,25
1719461514559,256.8,25
1719461514559,256.8,25
1719461515618,256.1,250
1719461515853,255.05,50
1719461516365,253.95,25
1719461516570,253.55,50
1719461517706,255.55,25
1719461518391,257.1,200
1719461518391,257.1,200
1719461519465,258.0,50
1719461519465,258.0,50
1719461519465,258.0,50
1719461519465,258.0,50
1719461519465,258.0,50
1719461519465,258.0,50
1719461523256,258.3,25
1719461523256,258.3,25
1719461524005,260.0,25
1719461524556,260.5,25
1719461524556,260.5,25
1719461524556,260.5,25
1719461524556,260.5,25
1719461526409,261.65,50
1719461526908,262.7,25
1719461526908,262.7,25
1719461526908,262.7,25
1719461528133,264.5,25
1719461528133,264.5,25
1719461529030,263.25,25
1719461529030,263.25,25
1719461529030,263.25,25
1719461529030,263.25,25
1719461532449,262.55,25
1719461532449,262.55,25
1719461533516,263.25,25
1719461534036,262.35,50
1719461534672,262.75,25
1719461534672,262.75,25
1719461534672,262.75,25
1719461536857,263.0,25
1719461537143,262.85,25
1719461537682,263.0,50
1719461537896,262.65,75
1719461537896,262.65,75
1719461537896,262.65,75
1719461540213,264.55,50
1719461540213,264.55,50
1719461541332,265.0,25
1719461541332,265.0,25
1719461542118,264.3,175
1719461542210,264.1,25
1719461543210,265.95,75
1719461544526,265.85,75
1719461544526,265.85,75
1719461545969,268.7,50
1719461545969,268.7,50
1719461545969,268.7,50
1719461545969,268.7,50
1719461547718,265.65,150
1719461548106,265.35,50
1719461549574,265.85,125
1719461549574,265.85,125
1719461549574,265.85,125
1719461551589,265.45,25
1719461551589,265.45,25
1719461551589,265.45,25
1719461554874,265.1,25
1719461555711,265.45,25
1719461555711,265.45,25
1719461556681,265.45,250
1719461556681,265.45,250
1719461556681,265.45,250
1719461556681,265.45,250
1719461558939,263.6,25
1719461558939,263.6,25
1719461560286,265.2,75
1719461560286,265.2,75
1719461560286,265.2,75
1719461561961,264.7,100
1719461562462,265.85,500
1719461562462,265.85,500
1719461562462,265.85,500
1719461563953,267.8,125
1719461564229,268.0,25
1719461564897,268.65,25
1719461565139,269.2,50
1719461565795,267.95,325
1719461566388,267.65,50
1719461566388,267.65,50
1719461567096,268.0,400
1719461567096,268.0,400
1719461568155,268.65,250
1719461569458,268.0,25
1719461569458,268.0,25
1719461570012,267.95,25
1719461570963,267.15,25
1719461570963,267.15,25
1719461570963,267.15,25
1719461572306,265.3,25
1719461572575,266.2,125
1719461572575,266.2,125
1719461572575,266.2,125
1719461573921,267.4,50
1719461573921,267.4,50
1719461576605,265.0,25
1719461577611,264.5,25
1719461577611,264.5,25
1719461578162,264.95,75
1719461578162,264.95,75
1719461579927,264.0,75
1719461580724,264.9,50
1719461580960,265.05,25
1719461580960,265.05,25
1719461580960,265.05,25
1719461582180,265.35,25
1719461582884,264.1,25
1719461582884,264.1,25
1719461582884,264.1,25
1719461582884,264.1,25
1719461586469,266.5,25
1719461586469,266.5,25
1719461587156,266.65,25
1719461587156,266.65,25
1719461588461,267.05,25
1719461588461,267.05,25
1719461588461,267.05,25
1719461590505,268.0,25
1719461590789,268.0,75
1719461591453,268.5,25
1719461591453,268.5,25
1719461592390,269.1,75
1719461592390,269.1,75
1719461593761,268.25,175
1719461593761,268.25,175
1719461593761,268.25,175
1719461594658,267.0,25
1719461594658,267.0,25
1719461596200,265.2,25
1719461596200,265.2,25
1719461596200,265.2,25
1719461596200,265.2,25
1719461596200,265.2,25
1719461596200,265.2,25
1719461601476,264.1,25
1719461602005,265.0,25
1719461602005,265.0,25
1719461602818,265.7,50
1719461602818,265.7,50
1719461604000,266.85,50
1719461604000,266.85,50
1719461605463,265.45,75
1719461605677,264.6,150
1719461605677,264.6,150
1719461605677,264.6,150
1719461607177,266.0,50
1719461607177,266.0,50
1719461607177,266.0,50
1719461610022,266.25,50
1719461610022,266.25,50
1719461610022,266.25,50
1719461610022,266.25,50
1719461610022,266.25,50
1719461613173,266.0,100
1719461613444,266.6,25
1719461613444,266.6,25
1719461614311,266.5,50
1719461614311,266.5,50
1719461614311,266.5,50
1719461614311,266.5,50
1719461614311,266.5,50
1719461618216,268.0,25
1719461618216,268.0,25
1719461619353,266.25,25
1719461619353,266.25,25
1719461619353,266.25,25
1719461621372,264.0,25
1719461621372,264.0,25
1719461621372,264.0,25
1719461621372,264.0,25
1719461624682,261.7,25
1719461625018,260.8,25
1719461625175,260.75,25
1719461625639,260.0,25
1719461625639,260.0,25
1719461625639,260.0,25
1719461625639,260.0,25
1719461625639,260.0,25
1719461629174,259.7,25
1719461629174,259.7,25
1719461630977,260.4,25
1719461630977,260.4,25
1719461631446,260.75,25
1719461631446,260.75,25
1719461632402,261.05,75
1719461632402,261.05,75
1719461633221,260.35,25
1719461633745,260.75,25
1719461633745,260.75,25
1719461633745,260.75,25
1719461633745,260.75,25
1719461637371,260.6,25
1719461637371,260.6,25
1719461638101,260.8,25
1719461638531,261.3,25
1719461638531,261.3,25
1719461638531,261.3,25
1719461638531,261.3,25
1719461638531,261.3,25
1719461641605,262.05,25
1719461641673,262.05,25
1719461641673,262.05,25
1719461641673,262.05,25
1719461641673,262.05,25
1719461641673,262.05,25
1719461645681,262.55,25
1719461645681,262.55,25
1719461646364,263.4,250
1719461646364,263.4,250
1719461647812,262.6,125
1719461647812,262.6,125
1719461647812,262.6,125
1719461649503,262.25,25
1719461649503,262.25,25
1719461649503,262.25,25
1719461649503,262.25,25
1719461652628,261.15,25
1719461652628,261.15,25
1719461653482,259.0,50
1719461653482,259.0,50
1719461653992,259.9,25
1719461653992,259.9,25
1719461655234,258.0,100
1719461655234,258.0,100
1719461656194,259.35,25
1719461656194,259.35,25
1719461657304,259.05,25
1719461657304,259.05,25
1719461658112,259.65,25
1719461658642,260.45,300
1719461658642,260.45,300
1719461658642,260.45,300
1719461658642,260.45,300
1719461661817,263.4,25
1719461662126,264.0,50
1719461662883,265.0,250
1719461662960,265.25,25
1719461663888,264.15,25
1719461664507,264.4,50
1719461664507,264.4,50
1719461664507,264.4,50
1719461664507,264.4,50
1719461667967,261.35,50
1719461667967,261.35,50
1719461667967,261.35,50
1719461668618,261.0,25
1719461668618,261.0,25
1719461670355,260.65,25
1719461670547,261.65,25
1719461671406,261.5,25
1719461671560,261.65,25
1719461672537,262.95,25
1719461672537,262.95,25
1719461673048,261.9,50
1719461673048,261.9,50
1719461673048,261.9,50
1719461673048,261.9,50
1719461676467,261.65,25
1719461676467,261.65,25
1719461677221,260.65,25
1719461677221,260.65,25
1719461678618,262.95,125
1719461678618,262.95,125
1719461679584,264.0,50
1719461680006,264.0,25
1719461680006,264.0,25
1719461680006,264.0,25
1719461680006,264.0,25
1719461681841,261.9,25
1719461681841,261.9,25
1719461681841,261.9,25
1719461683477,261.9,25
1719461683477,261.9,25
1719461684099,260.8,25
1719461684099,260.8,25
1719461686059,260.85,150
1719461687017,261.2,25
1719461688162,262.0,50
1719461688162,262.0,50
1719461689536,261.15,50
1719461689536,261.15,50
1719461689855,261.4,25
1719461690805,260.0,50
1719461691406,259.4,25
1719461691406,259.4,25
1719461691406,259.4,25
1719461691406,259.4,25
1719461695231,260.2,25
1719461695231,260.2,25
1719461695231,260.2,25
1719461695231,260.2,25
1719461695231,260.2,25
1719461695231,260.2,25
1719461699998,261.8,25
1719461701238,260.1,25
1719461701363,259.7,25
1719461702425,257.2,25
1719461702576,258.25,25
1719461703490,260.1,25
1719461704555,258.85,75
1719461704555,258.85,75
1719461705818,261.35,25
1719461705876,260.85,25
1719461706399,261.8,25
1719461706687,262.4,25
1719461706687,262.4,25
1719461707835,265.15,25
1719461707835,265.15,25
1719461707835,265.15,25
1719461709277,264.4,25
1719461710119,262.2,75
1719461710292,261.85,50
1719461710292,261.85,50
1719461711625,260.0,150
1719461711625,260.0,150
1719461711625,260.0,150
1719461712985,260.7,50
1719461713610,262.55,25
1719461713610,262.55,25
1719461713610,262.55,25
1719461715215,262.85,50
1719461715979,262.45,25
1719461715979,262.45,25
1719461715979,262.45,25
1719461717999,262.1,25
1719461718534,261.95,50
1719461718534,261.95,50
1719461719863,259.7,200
1719461719863,259.7,200
1719461720350,258.85,25
1719461721002,259.5,25
1719461721600,259.8,25
1719461722244,259.5,150
1719461722244,259.5,150
1719461722244,259.5,150
1719461722244,259.5,150
1719461724546,259.0,25
1719461724824,258.75,100
1719461724824,258.75,100
1719461726207,258.6,50
1719461726613,258.6,250
1719461727067,259.65,50
1719461728145,259.65,25
1719461728145,259.65,25
1719461729712,258.5,50
1719461729712,258.5,50
1719461730382,258.0,300
1719461730382,258.0,300
1719461731778,256.5,75
1719461731778,256.5,75
1719461732542,254.25,25
1719461732542,254.25,25
1719461733660,254.15,25
1719461734457,250.0,125
1719461734512,250.7,25
1719461735677,249.55,50
1719461735867,248.8,100
1719461736680,247.85,50
1719461736802,249.45,25
1719461737520,250.1,25
1719461737993,250.45,25
1719461738417,252.0,25
1719461738417,252.0,25
1719461739609,253.05,100
1719461740409,253.2,25
1719461740481,253.35,75
1719461741049,253.1,25
1719461741049,253.1,25
1719461742112,253.7,50
1719461742417,254.65,175
1719461743356,253.55,200
1719461743356,253.55,200
1719461743356,253.55,200
1719461745073,253.05,25
1719461745665,252.5,75
1719461745665,252.5,75
1719461746827,253.05,125
1719461746975,252.55,25
1719461747658,251.55,250
1719461747823,251.6,125
1719461748572,250.8,100
1719461748572,250.8,100
1719461749514,250.75,25
1719461749514,250.75,25
1719461750867,250.0,25
1719461751173,250.05,50
1719461751483,248.4,250
1719461752475,247.5,25
1719461752541,247.4,25
1719461752859,248.75,25
1719461753612,248.8,25
1719461754464,249.9,75
1719461754464,249.9,75
1719461755573,249.65,25
1719461755897,249.55,50
1719461756600,249.75,25
1719461756600,249.75,25
1719461758285,251.25,25
1719461758285,251.25,25
1719461758547,251.05,50
1719461759635,249.7,25
1719461759728,249.55,25
1719461760642,249.3,25
1719461761175,249.6,25
1719461761175,249.6,25
1719461762529,248.55,25
1719461762875,248.0,25
1719461768442,250.55,200
1719461768442,250.55,200
1719461769384,249.35,25
1719461770521,248.65,25
1719461771256,248.9,25
1719461771256,248.9,25
1719461772817,250.35,25
1719461772950,249.75,200
1719461773504,250.25,25
1719461773504,250.25,25
1719461774620,251.5,225
1719461774997,251.2,25
1719461775654,250.4,150
1719461776037,251.05,25
1719461776037,251.05,25
1719461776922,251.1,25
1719461777406,251.0,25
1719461777830,251.5,25
1719461777830,251.5,25
1719461777830,251.5,25
1719461792890,246.05,50
1719461792890,246.05,50
1719461793680,246.4,25
1719461794341,246.85,25
1719461794696,246.6,25
1719461794830,246.3,125
1719461794830,246.3,125
1719461796003,246.5,25
1719461796706,246.05,25
1719461797584,246.5,50
1719461797584,246.5,50
1719461798256,245.55,50
1719461798256,245.55,50
1719461799862,245.3,25
1719461799862,245.3,25
1719461800644,246.25,25
1719461801294,245.7,25
1719461801294,245.7,25
1719461802052,245.75,25
1719461802691,245.0,25
1719461803598,245.0,25
1719461803598,245.0,25
1719461804801,245.05,75
1719461804801,245.05,75
1719461805260,246.7,100
1719461806247,245.7,25
1719461806247,245.7,25
1719461806247,245.7,25
1719461807530,245.5,25
1719461808609,245.4,25
1719461808955,246.8,25
1719461809462,245.7,100
1719461809965,246.45,25
1719461810124,247.8,25
1719461811030,245.0,75
1719461811812,245.6,200
1719461812011,245.9,75
1719461817297,249.15,25
1719461817297,249.15,25
1719461818601,248.85,50
1719461861546,251.5,25
1719461861546,251.5,25
1719461862622,251.0,100
1719461863714,250.85,25
1719461863777,250.95,100
1719461864569,251.7,25
1719461865175,250.95,25
1719461865175,250.95,25
1719461872713,252.1,25
1719461873177,252.25,25
1719461873916,252.7,400
1719461874184,253.2,400
1719461874184,253.2,400
1719461874184,253.2,400
1719461875632,253.95,175
1719461875632,253.95,175
1719461875632,253.95,175
1719461877345,254.0,225
1719461878173,254.35,25
1719461878580,254.35,50
1719461878580,254.35,50
1719461879669,254.55,100
1719461879669,254.55,100
1719461879669,254.55,100
1719461879669,254.55,100
1719461881885,255.5,25
1719461881885,255.5,25
1719461882443,256.4,25
1719461882443,256.4,25
1719461883248,255.2,50
1719461883248,255.2,50
1719461884715,253.55,25
1719461884797,254.15,25
1719461885630,254.15,50
1719461885630,254.15,50
1719461886524,253.0,250
1719461886524,253.0,250
1719461887766,252.85,25
1719461887941,253.2,50
1719461887941,253.2,50
1719461887941,253.2,50
1719461889514,253.1,25
1719461889828,253.7,25
1719461890722,254.65,325
1719461890722,254.65,325
1719461891551,254.95,25
1719461892260,255.2,100
1719461892260,255.2,100
1719461892260,255.2,100
1719461893572,255.6,25
1719461894403,255.85,25
1719461894403,255.85,25
1719461894403,255.85,25
1719461895342,256.25,25
1719461895342,256.25,25
1719461895342,256.25,25
1719461897302,255.65,75
1719461897302,255.65,75
1719461897302,255.65,75
1719461899506,255.65,25
1719461900153,255.9,25
1719461900486,254.65,75
1719461900486,254.65,75
1719461901577,254.85,25
1719461901577,254.85,25
1719461901577,254.85,25
1719461901577,254.85,25
1719461901577,254.85,25
1719461901577,254.85,25
1719461906493,255.65,100
1719461906493,255.65,100
1719461908258,255.25,100
1719461908258,255.25,100
1719461908258,255.25,100
1719461908258,255.25,100
1719461908258,255.25,100
1719461910664,256.45,25
1719461911309,258.0,25
1719461911531,257.85,25
1719461911531,257.85,25
1719461913088,256.6,25
1719461913088,256.6,25
1719461913982,257.3,25
1719461914400,258.2,25
1719461914706,257.85,350
1719461914706,257.85,350
1719461916190,258.0,25
1719461916190,258.0,25
1719461916977,259.75,175
1719461917646,257.4,25
1719461917973,257.7,200
1719461918736,257.95,50
1719461918736,257.95,50
1719461919553,258.0,25
1719461920144,257.3,200
1719461920729,257.2,300
1719461920729,257.2,300
1719461921756,255.0,25
1719461921756,255.0,25
1719461921756,255.0,25
1719461924348,255.95,100
1719461924348,255.95,100
1719461924348,255.95,100
1719461925365,255.7,25
1719461925983,253.6,50
1719461926241,253.7,25
1719461926241,253.7,25
1719461927294,254.6,25
1719461927616,254.85,25
1719461927616,254.85,25
1719461928725,254.0,25
1719461928725,254.0,25
1719461929954,254.6,25
1719461930557,253.95,50
1719461930557,253.95,50
1719461930557,253.95,50
1719461930557,253.95,50
1719461930557,253.95,50
1719461935039,255.4,50
1719461935039,255.4,50
1719461935577,255.1,100
1719461936155,254.5,75
1719461936668,256.2,25
1719461936668,256.2,25
1719461938498,255.8,250
1719461938739,255.7,100
1719461938998,255.65,25
1719461939736,254.35,75
1719461939736,254.35,75
1719461940783,253.95,50
1719461940783,253.95,50
1719461942170,254.65,50
1719461942170,254.65,50
1719461942170,254.65,50
1719461942170,254.65,50
1719461946205,253.0,25
1719461946848,252.5,25
1719461946848,252.5,25
1719461948085,251.9,75
1719461948508,252.7,25
1719461948508,252.7,25
1719461948508,252.7,25
1719461949895,251.5,25
1719461950247,251.35,25
1719461950247,251.35,25
1719461950247,251.35,25
1719461950247,251.35,25
1719461954126,250.7,100
1719461954126,250.7,100
1719461954872,251.2,150
1719461955460,251.4,125
1719461955975,251.0,25
1719461955975,251.0,25
1719461956977,251.25,25
1719461956977,251.25,25
1719461956977,251.25,25
1719461958610,248.9,25
1719461958610,248.9,25
1719461958998,248.45,25
1719461960364,246.65,25
1719461960812,246.7,25
1719461960812,246.7,25
1719461961674,244.2,25
1719461962338,243.9,25
1719461962730,244.4,25
1719461963111,243.3,25
1719461963688,243.4,75
1719461964140,244.2,25
1719461964484,244.3,100
1719461965092,243.65,25
1719461965532,243.55,50
1719461966228,245.1,25
1719461966228,245.1,25
1719461967824,245.2,50
1719461967824,245.2,50
1719461967824,245.2,50
1719461968978,245.55,75
1719461969242,244.45,25
1719461970147,243.9,25
1719461970147,243.9,25
1719461970147,243.9,25
1719461971595,243.95,100
1719461971595,243.95,100
1719461972779,244.2,150
1719461972779,244.2,150
1719461973681,244.9,25
1719461973963,245.05,25
1719461974504,244.85,25
1719461974504,244.85,25
1719461975887,244.8,50
1719461975887,244.8,50
1719461976456,245.95,25
1719461976456,245.95,25
1719461977497,244.9,25
1719461978469,245.85,25
1719461978625,246.0,25
1719461978625,246.0,25
1719461980011,246.0,25
1719461980837,246.4,125
1719461981673,246.25,50
1719461981875,245.8,25
1719461981875,245.8,25
1719461983008,243.95,25
1719461983475,243.45,75
1719461984325,242.6,25
1719461984645,242.05,50
1719461985564,242.75,275
1719461985564,242.75,275
1719461986152,243.5,25
1719461986152,243.5,25
1719461987304,242.4,25
1719461987304,242.4,25
1719461988056,242.9,250
1719461988056,242.9,250
1719461988056,242.9,250
1719461989532,242.85,25
1719461989532,242.85,25
1719461991103,243.25,25
1719461992021,242.5,25
1719461992631,243.45,25
1719461993015,243.55,25
1719461993409,242.75,100
1719461993875,243.2,75
1719461994767,242.3,25
1719461995024,242.0,25
1719461995024,242.0,25
1719461996698,243.75,50
1719461996945,244.2,100
1719461997739,244.3,25
1719461997739,244.3,25
1719461998794,244.25,25
1719461998794,244.25,25
1719462000015,243.45,25
1719462000100,243.5,25
1719462000502,244.0,100
1719462001223,243.0,25
1719462001835,241.4,75
1719462002511,240.2,250
1719462002511,240.2,250
1719462003442,242.25,50
1719462004382,242.75,75
1719462005148,241.95,25
1719462005746,241.0,25
1719462006201,241.4,25
1719462006201,241.4,25
1719462007581,240.35,75
1719462007730,240.0,25
1719462008162,239.75,25
1719462008786,238.6,75
1719462009509,239.4,25
1719462009509,239.4,25
1719462010721,239.35,25
1719462010721,239.35,25
1719462011576,240.75,25
1719462011576,240.75,25
1719462012278,241.2,25
1719462012278,241.2,25
1719462013637,240.45,25
1719462013917,240.7,25
1719462014428,241.2,25
1719462014428,241.2,25
1719462014428,241.2,25
1719462016367,240.4,100
1719462016715,240.4,25
1719462016715,240.4,25
1719462017762,239.8,75
1719462017906,239.4,25
1719462017906,239.4,25
1719462019320,240.25,25
1719462019320,240.25,25
1719462020574,240.15,100
1719462020574,240.15,100
1719462021534,239.75,25
1719462021534,239.75,25
1719462022246,242.45,25
1719462022246,242.45,25
1719462023557,243.15,75
1719462023929,243.0,250
1719462025028,243.85,25
1719462025158,244.55,50
1719462025158,244.55,50
1719462026030,243.55,25
1719462026744,243.45,25
1719462026744,243.45,25
1719462026744,243.45,25
1719462028216,244.85,25
1719462029072,243.6,75
1719462029072,243.6,75
1719462029072,243.6,75
1719462029072,243.6,75
1719462030388,243.4,25
1719462030814,243.0,250
1719462030814,243.0,250
1719462030814,243.0,250
1719462032652,242.5,25
1719462032855,243.0,50
1719462032855,243.0,50
1719462033722,242.8,25
1719462034399,242.6,25
1719462034718,243.1,25
1719462035611,243.5,25
1719462035611,243.5,25
1719462035611,243.5,25
1719462036332,243.15,25
1719462036332,243.15,25
1719462038282,243.85,25
1719462038282,243.85,25
1719462038551,243.65,25
1719462039496,242.85,75
1719462039496,242.85,75
1719462040674,242.4,400
1719462040674,242.4,400
1719462041632,243.65,200
1719462041632,243.65,200
1719462041632,243.65,200
1719462041632,243.65,200
1719462043125,243.5,25
1719462043930,244.8,25
1719462043930,244.8,25
1719462044869,244.15,75
1719462044869,244.15,75
1719462045549,244.5,25
1719462046678,243.85,75
1719462046678,243.85,75
1719462047076,243.95,25
1719462047746,243.85,225
1719462048443,243.65,50
1719462048443,243.65,50
1719462049015,242.9,25
1719462049015,242.9,25
1719462049015,242.9,25
1719462049015,242.9,25
1719462052206,241.2,50
1719462052206,241.2,50
1719462052754,241.0,250
1719462053287,240.15,50
1719462054096,240.85,100
1719462054096,240.85,100
1719462054096,240.85,100
1719462055672,241.25,50
1719462056202,242.4,25
1719462056821,243.2,50
1719462056821,243.2,50
1719462057954,243.7,25
1719462058587,244.4,50
1719462058709,244.85,25
1719462059009,245.0,25
1719462059009,245.0,25
1719462060052,243.7,25
1719462060931,243.45,50
1719462061015,242.9,25
1719462061887,241.3,50
1719462062275,241.3,25
1719462063037,241.8,25
1719462063156,242.0,25
1719462063156,242.0,25
1719462064320,243.85,25
1719462064320,243.85,25
1719462065416,244.8,25
1719462065416,244.8,25
1719462065416,244.8,25
1719462067724,245.0,50
1719462067724,245.0,50
1719462068725,244.0,175
1719462069104,244.0,25
1719462069104,244.0,25
1719462069104,244.0,25
1719462070438,244.85,25
1719462070438,244.85,25
1719462071379,245.0,50
1719462071379,245.0,50
1719462072807,244.65,325
1719462072807,244.65,325
1719462073756,244.7,75
1719462073756,244.7,75
1719462073756,244.7,75
1719462076086,244.05,25
1719462076086,244.05,25
1719462077002,244.2,200
1719462077002,244.2,200
1719462078364,243.25,25
1719462079000,243.2,225
1719462079000,243.2,225
1719462080068,243.7,25
1719462080182,244.05,25
1719462080182,244.05,25
1719462080182,244.05,25
1719462081666,244.1,25
1719462082734,246.9,75
1719462082801,247.4,25
1719462083023,247.3,150
1719462083966,246.0,400
1719462084221,246.25,25
1719462085144,247.15,75
1719462085384,247.0,125
1719462087399,246.25,25
1719462087855,245.9,50
1719462088562,245.7,25
1719462088852,246.15,50
1719462089270,246.4,50
1719462090074,246.35,50
1719462090272,246.55,50
1719462090798,246.35,175
1719462090798,246.35,175
1719462091632,246.8,75
1719462091632,246.8,75
1719462091632,246.8,75
1719462091632,246.8,75
1719462094853,248.0,75
1719462094853,248.0,75
1719462095391,249.1,100
1719462096251,247.75,25
1719462096612,247.8,75
1719462097520,248.0,50
1719462097520,248.0,50
1719462098775,247.95,25
1719462098775,247.95,25
1719462099437,246.95,25
1719462099907,246.85,200
1719462099907,246.85,200
1719462101177,247.45,25
1719462101177,247.45,25
1719462102081,247.5,50
1719462102081,247.5,50
1719462102081,247.5,50
1719462104084,247.8,100
1719462104084,247.8,100
1719462104808,247.1,25
1719462105529,248.0,50
1719462105529,248.0,50
1719462105529,248.0,50
1719462107190,248.65,200
1719462107190,248.65,200
1719462107739,247.9,25
1719462107739,247.9,25
1719462109108,245.9,125
1719462109108,245.9,125
1719462110059,244.65,25
1719462110712,244.1,100
1719462110712,244.1,100
1719462111962,245.55,50
1719462111962,245.55,50
1719462112857,244.1,125
1719462113442,244.2,25
1719462113442,244.2,25
1719462113442,244.2,25
1719462113442,244.2,25
1719462113442,244.2,25
1719462113442,244.2,25
1719462113442,244.2,25
1719462118654,247.0,50
1719462119326,248.0,75
1719462119326,248.0,75
1719462119709,247.9,25
1719462119709,247.9,25
1719462119709,247.9,25
1719462119709,247.9,25
1719462121934,248.95,25
1719462121934,248.95,25
1719462122505,249.15,75
1719462123139,248.8,25
1719462123803,249.0,25
1719462124665,249.75,25
1719462124665,249.75,25
1719462124665,249.75,25
1719462126192,249.2,25
1719462126192,249.2,25
1719462126876,248.85,25
1719462127107,249.45,100
1719462127107,249.45,100
1719462127107,249.45,100
1719462127107,249.45,100
1719462129916,249.0,175
1719462130545,249.7,25
1719462130545,249.7,25
1719462130545,249.7,25
1719462132128,249.2,75
1719462132128,249.2,75
1719462133504,251.0,25
1719462133504,251.0,25
1719462133504,251.0,25
1719462134663,248.45,75
1719462134884,247.75,25
1719462134884,247.75,25
1719462135997,248.35,25
1719462136253,248.05,50
1719462136253,248.05,50
1719462136253,248.05,50
1719462136253,248.05,50
1719462138944,250.85,75
1719462138944,250.85,75
1719462139875,250.35,100
1719462140177,251.1,200
1719462140177,251.1,200
1719462141242,250.5,25
1719462141879,250.2,25
1719462142473,251.15,25
1719462142722,251.55,125
1719462142722,251.55,125
1719462144583,250.7,350
1719462144583,250.7,350
1719462144772,251.0,75
1719462145483,251.7,25
1719462145483,251.7,25
1719462146506,250.4,75
1719462146506,250.4,75
1719462146506,250.4,75
1719462148558,248.55,125
1719462149317,249.65,25
1719462149317,249.65,25
1719462149665,248.95,25
1719462150019,248.9,25
1719462150019,248.9,25
1719462150714,249.0,350
1719462150714,249.0,350
1719462152073,250.5,25
1719462152073,250.5,25
1719462152073,250.5,25
1719462152073,250.5,25
1719462152073,250.5,25
1719462155776,249.0,25
1719462156286,249.45,75
1719462156759,249.45,150
1719462156759,249.45,150
1719462158051,250.05,75
1719462158338,250.3,125
1719462159245,249.9,75
1719462159755,250.25,25
1719462160319,251.4,50
1719462160319,251.4,50
1719462161125,251.7,25
1719462161125,251.7,25
1719462162944,251.25,100
1719462162944,251.25,100
1719462163591,252.4,50
1719462164200,251.6,50
1719462164200,251.6,50
1719462165529,252.5,200
1719462165529,252.5,200
1719462166635,250.7,100
1719462166635,250.7,100
1719462167186,251.6,25
1719462167449,252.4,50
1719462167449,252.4,50
1719462168573,251.95,25
1719462169463,253.0,375
1719462169745,255.0,75
1719462170605,253.45,25
1719462170605,253.45,25
1719462170605,253.45,25
1719462170605,253.45,25
1719462173433,250.4,200
1719462173561,250.8,100
1719462173744,250.55,25
1719462174371,250.05,25
1719462174371,250.05,25
1719462174371,250.05,25
1719462176075,249.6,25
1719462176579,251.0,25
1719462176786,250.6,25
1719462177806,253.0,25
1719462177806,253.0,25
1719462179022,254.2,25
1719462179022,254.2,25
1719462180017,253.45,100
1719462180017,253.45,100
1719462180351,253.4,150
1719462180636,253.1,25
1719462180636,253.1,25
1719462182179,254.35,300
1719462182527,252.95,25
1719462182527,252.95,25
1719462183744,253.95,25
1719462183744,253.95,25
1719462183744,253.95,25
1719462183744,253.95,25
1719462186630,253.6,75
1719462186774,254.3,25
1719462187165,253.7,25
1719462187165,253.7,25
1719462188079,254.4,25
1719462188079,254.4,25
1719462189264,254.0,25
1719462189264,254.0,25
1719462189264,254.0,25
1719462189264,254.0,25
1719462191955,252.8,100
1719462191955,252.8,100
1719462191955,252.8,100
1719462193988,253.9,50
1719462193988,253.9,50
1719462193988,253.9,50
1719462193988,253.9,50
1719462193988,253.9,50
1719462197589,253.6,25
1719462197589,253.6,25
1719462197589,253.6,25
1719462197589,253.6,25
1719462201009,253.2,75
1719462201009,253.2,75
1719462201969,252.25,25
1719462201969,252.25,25
1719462203143,251.0,125
1719462203812,250.9,25
1719462203812,250.9,25
1719462204137,249.65,25
1719462204872,249.3,25
1719462205199,249.55,25
1719462205199,249.55,25
1719462205199,249.55,25
1719462207263,249.0,25
1719462207453,248.4,25
1719462207453,248.4,25
1719462207453,248.4,25
1719462207453,248.4,25
1719462207453,248.4,25
1719462210367,252.1,325
1719462210367,252.1,325
1719462210367,252.1,325
1719462210367,252.1,325
1719462211900,252.55,50
1719462212406,253.2,25
1719462212406,253.2,25
1719462212406,253.2,25
1719462212406,253.2,25
1719462212406,253.2,25
1719462212406,253.2,25
1719462212406,253.2,25
1719462218529,252.0,75
1719462218529,252.0,75
1719462219022,252.05,25
1719462219022,252.05,25
1719462221307,251.45,25
1719462221462,251.3,50
1719462221462,251.3,50
1719462221462,251.3,50
1719462221462,251.3,50
1719462221462,251.3,50
1719462221462,251.3,50
1719462226161,251.35,25
1719462226161,251.35,25
1719462226161,251.35,25
1719462228042,251.55,25
1719462228042,251.55,25
1719462228042,251.55,25
1719462230138,252.75,25
1719462230791,253.3,25
1719462230791,253.3,25
1719462230791,253.3,25
1719462233318,253.35,25
1719462233615,253.1,25
1719462233615,253.1,25
1719462233615,253.1,25
1719462236345,253.2,25
1719462236753,252.9,25
1719462236753,252.9,25
1719462237799,254.05,25
1719462237799,254.05,25
1719462239453,253.2,25
1719462239453,253.2,25
1719462239453,253.2,25
1719462239453,253.2,25
1719462240519,252.8,50
1719462241372,250.9,25
1719462242021,250.95,75
1719462242021,250.95,75
1719462242992,250.9,25
1719462242992,250.9,25
1719462244510,249.55,100
1719462245260,249.55,25
1719462245574,249.95,25
1719462245574,249.95,25
1719462246792,248.05,25
1719462246792,248.05,25
1719462247311,249.7,25
1719462247746,249.7,75
1719462247746,249.7,75
1719462248634,248.35,25
1719462249363,248.65,25
1719462249363,248.65,25
1719462249363,248.65,25
1719462250824,249.9,50
1719462250824,249.9,50
1719462252104,250.1,25
1719462252104,250.1,25
1719462252996,251.65,100
1719462252996,251.65,100
1719462253694,250.45,25
1719462253694,250.45,25
1719462255044,250.3,25
1719462255044,250.3,25
1719462255044,250.3,25
1719462257761,249.7,100
1719462257922,250.8,75
1719462257922,250.8,75
1719462257922,250.8,75
1719462257922,250.8,75
1719462261295,250.45,25
1719462261295,250.45,25
1719462261792,249.9,50
1719462261792,249.9,50
1719462261792,249.9,50
1719462263965,249.55,50
1719462264165,248.65,125
1719462264165,248.65,125
1719462265050,249.75,200
1719462265050,249.75,200
1719462266703,249.0,25
1719462266703,249.0,25
1719462267533,247.4,75
1719462267533,247.4,75
1719462267533,247.4,75
1719462269955,248.0,25
1719462269955,248.0,25
1719462270696,248.0,25
1719462270696,248.0,25
1719462272045,248.1,25
1719462272977,248.55,175
1719462273616,248.65,25
1719462273616,248.65,25
1719462273616,248.65,25
1719462274546,248.05,50
1719462274546,248.05,50
1719462275933,247.75,50
1719462275933,247.75,50
1719462276529,248.1,50
1719462277517,246.15,100
1719462277517,246.15,100
1719462278171,246.15,25
1719462278770,246.25,25
1719462279623,245.4,25
1719462279623,245.4,25
1719462280730,245.05,25
1719462282040,244.15,150
1719462282928,245.1,125
1719462283145,245.7,25
1719462283145,245.7,25
1719462283937,245.4,150
1719462283937,245.4,150
1719462283937,245.4,150
1719462286323,246.15,25
1719462286323,246.15,25
1719462286992,246.25,25
1719462287317,246.7,50
1719462287317,246.7,50
1719462287317,246.7,50
1719462289384,246.4,475
1719462289384,246.4,475
1719462289854,244.0,100
1719462290248,245.35,25
1719462291019,243.25,25
1719462291862,242.0,25
1719462292028,242.3,25
1719462292785,242.25,25
1719462292785,242.25,25
1719462293531,244.6,25
1719462293866,244.0,25
1719462293866,244.0,25
1719462294808,245.7,100
1719462295423,244.85,25
1719462295423,244.85,25
1719462296755,245.1,25
1719462296755,245.1,25
1719462296755,245.1,25
1719462296755,245.1,25
1719462296755,245.1,25
1719462296755,245.1,25
1719462300861,243.55,25
1719462300861,243.55,25
1719462301821,243.1,25
1719462301821,243.1,25
1719462302999,243.55,125
1719462303185,244.2,25
1719462303185,244.2,25
1719462304564,244.0,50
1719462304824,244.2,25
1719462304824,244.2,25
1719462305423,243.7,25
1719462305423,243.7,25
1719462306383,243.0,75
1719462306383,243.0,75
1719462306383,243.0,75
1719462306383,243.0,75
1719462308621,243.15,25
1719462308886,243.0,125
1719462308886,243.0,125
1719462310043,245.05,25
1719462310043,245.05,25
1719462310043,245.05,25
1719462310043,245.05,25
1719462312196,239.6,25
1719462312866,239.55,25
1719462312866,239.55,25
1719462313368,238.5,700
1719462313368,238.5,700
1719462328206,238.8,25
1719462328413,238.2,75
1719462328413,238.2,75
1719462330518,238.3,250
1719462330518,238.3,250
1719462331633,238.15,25
1719462331992,237.8,100
1719462332460,238.95,25
1719462332460,238.95,25
1719462333420,239.9,25
1719462333888,239.55,25
1719462334124,239.35,50
1719462334124,239.35,50
1719462336697,239.1,225
1719462336697,239.1,225
1719462338015,240.75,25
1719462338669,240.55,25
1719462338957,240.1,75
1719462338957,240.1,75
1719462340437,239.0,50
1719462340437,239.0,50
1719462341593,240.4,25
1719462342102,240.4,25
1719462348640,240.7,25
1719462349046,240.9,75
1719462349499,240.4,25
1719462349929,239.7,25
1719462350378,240.6,100
1719462351049,240.5,25
1719462351101,240.35,25
1719462351101,240.35,25
1719462352967,241.5,125
1719462352967,241.5,125
1719462354178,241.25,25
1719462354178,241.25,25
1719462354178,241.25,25
1719462355335,240.8,25
1719462355335,240.8,25
1719462356922,241.6,50
1719462356922,241.6,50
1719462357319,241.3,50
1719462357319,241.3,50
1719462359003,242.25,125
1719462359003,242.25,125
1719462359003,242.25,125
1719462360277,241.8,200
1719462360277,241.8,200
1719462361641,241.5,25
1719462361955,240.8,25
1719462361955,240.8,25
1719462363012,242.05,25
1719462364184,242.0,50
1719462364184,242.0,50
1719462364184,242.0,50
1719462366194,243.5,125
1719462366194,243.5,125
1719462366805,244.05,25
1719462367708,244.2,25
1719462368004,244.45,50
1719462368762,244.0,250
1719462368762,244.0,250
1719462370747,242.2,25
1719462370747,242.2,25
1719462371001,242.2,125
1719462371494,242.0,25
1719462371494,242.0,25
1719462372874,240.85,100
1719462373131,241.9,100
1719462405787,232.0,25
1719462406021,232.1,25
1719462406716,231.6,25
1719462407021,231.0,25
1719462408055,229.0,25
1719462408109,228.3,25
1719462408805,226.35,25
1719462409267,226.2,50
1719462410046,228.3,25
1719462410046,228.3,25
1719462411092,227.45,25
1719462412025,226.45,25
1719462412290,227.4,25
1719462413090,227.55,25
1719462413232,227.55,25
1719462414053,227.15,25
1719462414252,226.1,125
1719462415101,223.9,25
1719462415461,223.6,25
1719462416294,222.8,25
1719462416395,221.55,75
1719462416853,222.85,25
1719462417100,221.7,25
1719462417852,221.95,25
1719462418046,221.3,25
1719462418852,221.9,25
1719462419286,219.35,25
1719462420042,219.6,25
1719462420275,218.15,25
1719462421111,216.3,25
1719462421434,216.5,25
1719462422205,212.95,25
1719462422649,213.35,25
1719462423082,212.1,25
1719462423878,213.9,50
1719462424107,213.75,125
1719462425310,214.7,25
1719462425928,215.25,25
1719462425928,215.25,25
1719462427042,214.85,25
1719462427867,217.15,25
1719462428217,217.4,25
1719462428786,216.85,25
1719462429073,215.25,175
1719462429844,215.7,75
1719462430071,216.45,25
1719462430941,216.9,25
1719462432000,215.9,50
1719462432000,215.9,50
1719462432921,217.0,25
1719462433190,216.45,25
1719462434061,217.1,50
1719462434256,216.45,25
1719462434983,215.15,75
1719462435374,214.5,25
1719462435685,213.95,50
1719462435955,213.95,25
1719462436717,214.15,25
1719462437064,214.5,25
1719462437848,213.35,25
1719462438106,212.5,400
1719462438797,213.25,50
1719462439103,213.65,25
1719462440044,214.35,100
1719462440044,214.35,100
1719462440797,215.1,25
1719462440797,215.1,25
1719462441720,214.1,25
1719462442077,213.35,50
1719462442996,214.4,25
1719462443253,214.4,25
1719462444038,213.9,25
1719462444284,213.8,25
1719462444915,212.6,50
1719462445309,211.45,100
1719462445973,211.4,25
1719462446397,210.8,25
1719462446705,210.5,50
1719462447278,212.4,25
1719462447675,213.0,25
1719462447731,213.1,25
1719462448710,213.25,25
1719462449112,213.3,150
1719462449679,213.5,25
1719462449986,214.0,50
1719462450102,213.75,25
1719462450918,214.55,25
1719462451115,214.15,25
1719462451912,214.25,25
1719462451961,214.0,25
1719462452847,216.0,350
1719462453290,215.05,25
1719462453699,214.45,25
1719462453699,214.45,25
1719462454902,214.1,50
1719462454902,214.1,50
1719462457127,213.2,25
1719462457477,212.8,175
1719462458129,213.45,25
1719462458846,214.0,25
1719462459887,213.8,25
1719462460245,213.35,25
1719462460922,213.0,25
1719462461115,213.25,25
1719462461908,213.3,25
1719462462106,212.0,25
1719462462488,212.4,75
1719462462488,212.4,75
1719462463904,209.3,25
1719462463951,210.1,25
1719462464863,210.15,50
1719462465252,210.3,25
1719462466065,207.65,25
1719462466284,207.0,25
1719462467096,205.9,250
1719462467967,204.7,25
1719462468343,204.65,25
1719462469252,205.1,125
1719462470069,203.5,75
1719462470558,202.95,25
1719462470707,202.5,25
1719462471048,202.9,25
1719462471945,201.25,25
1719462472301,200.8,25
1719462473191,199.8,25
1719462474110,201.45,50
1719462474340,201.3,125
1719462475105,202.2,25
1719462475290,202.0,25
1719462476316,199.7,100
1719462476365,199.15,25
1719462477120,197.95,75
1719462477404,199.55,25
1719462478265,200.05,50
1719462478595,200.45,25
1719462479137,200.75,25
1719462480022,201.0,25
1719462480279,200.35,25
1719462481115,195.9,200
1719462481162,196.35,50
1719462482301,195.0,25
1719462483077,192.75,25
1719462483516,193.55,25
1719462483769,194.6,25
1719462486166,195.25,25
1719462487105,195.0,50
1719462487105,195.0,50
1719462488073,197.0,50
1719462488073,197.0,50
1719462489121,195.75,50
1719462489525,195.65,25
1719462489775,196.0,25
1719462489876,195.6,25
1719462490769,196.25,25
1719462491352,195.2,25
1719462491782,194.85,25
1719462491938,194.3,25
1719462492981,195.2,25
1719462493080,194.95,25
1719462493794,196.8,25
1719462494006,196.4,50
1719462495150,195.6,25
1719462495329,195.75,25
1719462496145,196.6,75
1719462496382,196.45,25
1719462497060,196.0,125
1719462497265,196.35,50
1719462498350,196.6,25
1719462498589,197.3,200
1719462498762,196.95,25
1719462499058,196.9,25
1719462499782,199.55,25
1719462499961,199.55,25
1719462500884,198.4,50
1719462501264,197.75,125
1719462502197,196.8,50
1719462503014,196.4,25
1719462510039,194.4,25
1719462510305,194.9,25
1719462510980,194.75,25
1719462512179,194.0,25
1719462512179,194.0,25
1719462513151,192.0,500
1719462513337,192.05,25
1719462514028,193.0,175
1719462514294,192.2,50
1719462514812,193.05,175
1719462515333,192.9,25
1719462516008,192.9,25
1719462516136,193.15,25
1719462516900,191.9,450
1719462516900,191.9,450
1719462518366,193.8,75
1719462518804,193.95,50
1719462518804,193.95,50
1719462520028,193.0,425
1719462520362,192.95,25
1719462521006,194.15,25
1719462521006,194.15,25
1719462522006,195.4,25
1719462522006,195.4,25
1719462522978,195.65,225
1719462524129,196.25,200
1719462524385,194.8,100
1719462525020,194.95,150
1719462525607,196.25,25
1719462525607,196.25,25
1719462525607,196.25,25
1719462525607,196.25,25
1719462527343,195.0,100
1719462527959,196.1,100
1719462527959,196.1,100
1719462528994,197.6,25
1719462533941,196.1,25
1719462535025,196.0,25
1719462535823,195.6,75
1719462535823,195.6,75
1719462545091,194.15,25
1719462545091,194.15,25
1719462546150,195.0,25
1719462546419,195.25,25
1719462547150,195.6,25
1719462547612,195.6,25
1719462547612,195.6,25
1719462548418,195.35,25
1719462548851,195.35,25
1719462549781,194.9,325
1719462550233,194.65,25
1719462550844,194.35,25
1719462551945,194.65,75
1719462552191,194.15,100
1719462561064,191.45,50
1719462561110,191.2,25
1719462561957,190.55,50
1719462561957,190.55,50
1719462563145,192.05,25
1719462563290,192.4,25
1719462564087,191.15,25
1719462564087,191.15,25
1719462564939,191.55,25
1719462564939,191.55,25
1719462564939,191.55,25
1719462566161,191.9,25
1719462566594,191.7,75
1719462567242,191.65,25
1719462567889,190.5,25
1719462575182,190.0,25
1719462575439,190.8,75
1719462575859,190.9,25
1719462576197,191.25,75
1719462576892,192.65,25
1719462577139,192.55,25
1719462603157,187.0,25
1719462604105,188.75,25
1719462604209,188.35,25
1719462605193,189.0,50
1719462605193,189.0,50
1719462605886,189.9,50
1719462605886,189.9,50
1719462606879,190.3,25
1719462607533,190.0,50
1719462608157,191.3,25
1719462608546,189.25,25
1719462609412,190.3,25
1719462610152,190.9,300
1719462610256,190.95,25
1719462610932,190.3,25
1719462611569,190.05,125
1719462611758,190.4,50
1719462612099,190.2,25
1719462612899,189.45,25
1719462613200,188.85,25
1719462613839,189.7,25
1719462613839,189.7,25
1719462615034,188.5,25
1719462615346,188.15,50
1719462616150,188.8,25
1719462616322,189.15,75
1719462617159,189.75,25
1719462617979,189.55,25
1719462617979,189.55,25
1719462619174,190.65,25
1719462619655,191.05,75
1719462619965,190.45,25
1719462620175,192.0,50
1719462621067,191.25,100
1719462621383,191.4,75
1719462622064,192.3,25
1719462623107,192.5,50
1719462623107,192.5,50
1719462624210,192.85,25
1719462625136,193.15,25
1719462625350,193.15,25
1719462625762,192.95,25
1719462625762,192.95,25
1719462627271,192.5,50
1719462627701,191.25,25
1719462627783,191.85,25
1719462628069,190.95,25
1719462628962,190.65,25
1719462628962,190.65,25
1719462629699,190.35,50
1719462630091,190.45,25
1719462630966,189.75,25
1719462632336,188.5,100
1719462632601,187.95,200
1719462633441,187.8,25
1719462634242,187.0,25
1719462634477,187.45,100
1719462635121,186.85,25
1719462635525,186.9,25
1719462636235,187.05,25
1719462636317,186.7,25
1719462637251,187.65,50
1719462637381,187.4,25
1719462638363,186.8,400
1719462638954,187.3,25
1719462639139,187.2,25
1719462639859,188.25,25
1719462640003,188.1,100
1719462640884,188.15,25
1719462641115,188.1,175
1719462641548,187.6,25
1719462643233,188.7,25
1719462644224,189.9,25
1719462644224,189.9,25
1719462645236,188.4,25
1719462645578,188.7,25
1719462646139,187.45,450
1719462646615,187.95,50
1719462646897,187.0,300
1719462647559,187.35,25
1719462647559,187.35,25
1719462648184,187.15,150
1719462648969,185.95,25
1719462649111,186.6,150
1719462650245,188.0,25
1719462650747,188.25,25
1719462652100,187.05,25
1719462653073,187.6,25
1719462653073,187.6,25
1719462658006,184.95,25
1719462658225,184.25,75
1719462658947,185.1,125
1719462659238,184.2,25
1719462660064,182.4,25
1719462660064,182.4,25
1719462660433,181.5,50
1719462661236,180.55,25
1719462662227,180.55,25
1719462662341,180.45,25
1719462663256,181.05,25
1719462664180,179.9,25
1719462665239,180.5,25
1719462665327,180.2,25
1719462666132,178.7,50
1719462666613,179.3,25
1719462667395,179.45,25
1719462667632,178.85,50
1719462667940,179.25,25
1719462668697,178.75,25
1719462668932,178.2,25
1719462669208,178.5,50
1719462670239,180.55,25
1719462671389,179.75,25
1719462672250,179.75,75
1719462672445,179.35,25
1719462672978,178.75,25
1719462673402,178.65,25
1719462674185,178.6,25
1719462674619,179.55,50
1719462675055,179.6,25
1719462675252,179.55,25
1719462676209,180.45,50
1719462677204,180.0,50
1719462678244,180.35,25
1719462678385,180.85,25
1719462679261,181.15,25
1719462679424,180.55,25
1719462680237,178.95,25
1719462680579,177.85,25
1719462681465,176.5,200
1719462681715,175.4,25
1719462682224,174.05,25
1719462683025,174.4,25
1719462683450,174.1,25
1719462684066,178.05,25
1719462684237,178.4,25
1719462685241,177.85,25
1719462685302,177.8,100
1719462686231,176.55,25
1719462687279,177.35,75
1719462688229,176.85,25
1719462688229,176.85,25
1719462689478,177.5,25
1719462689667,178.05,25
1719462690038,177.15,25
1719462690211,176.95,25
1719462690641,177.05,25
1719462691261,176.15,200
1719462691854,176.65,25
1719462691887,176.7,25
1719462692087,177.05,25
1719462693008,177.85,25
1719462693452,178.05,25
1719462694035,178.6,25
1719462694223,179.15,175
1719462695270,177.65,25
1719462696175,178.3,100
1719462696452,177.7,50
1719462697261,177.0,25
1719462703241,175.1,125
1719462703481,175.05,175
1719462704246,175.25,25
1719462704500,175.2,25
1719462704976,174.05,25
1719462705608,174.65,25
1719462735835,166.35,25
1719462736402,166.3,25
1719462736645,167.2,125
1719462737211,166.75,25
1719462737776,167.3,25
1719462738187,167.4,175
1719462738927,165.85,25
1719462739021,165.95,50
1719462739475,166.45,25
1719462740270,166.45,75
1719462741269,166.9,50
1719462741473,167.15,50
1719462742414,167.7,25
1719462742414,167.7,25
1719462745383,166.45,25
1719462745765,166.75,75
1719462745999,166.95,150
1719462745999,166.95,150
1719462747069,167.5,100
1719462747272,167.0,200
1719462748082,167.6,25
1719462748160,167.35,25
1719462749320,166.0,25
1719462749691,167.05,50
1719462750532,168.1,50
1719462751241,167.75,25
1719462751537,168.0,75
1719462752163,166.35,25
1719462752528,166.7,875
1719462753235,165.5,325
1719462753883,165.0,1800
1719462754157,165.85,25
1719462754355,165.85,25
1719462755218,166.55,175
1719462755218,166.55,175
1719462756189,166.45,50
1719462756501,166.45,25
1719462757244,164.45,125
1719462757244,164.45,125
1719462758086,164.65,25
1719462758750,165.85,25
1719462758951,166.15,25
1719462759858,166.0,200
1719462759997,166.15,75
1719462760243,165.95,50
1719462767228,166.9,25
1719462767923,167.3,100
1719462768157,167.3,75
1719462768157,167.3,75
1719462769317,165.95,25
1719462770263,165.9,25
1719462770412,166.15,100
1719462771273,165.35,25
1719462771753,161.7,25
1719462772569,160.9,25
1719462773212,159.4,25
1719462773738,160.1,25
1719462774508,160.6,25
1719462774677,160.25,25
1719462775305,159.6,25
1719462775846,160.0,75
1719462776259,160.1,25
1719462776259,160.1,25
1719462777095,161.6,25
1719462777299,161.95,25
1719462778272,162.4,25
1719462778446,162.5,100
1719462779318,162.4,75
1719462779356,162.5,50
1719462780071,161.95,75
1719462780301,161.45,50
1719462780505,161.25,50
1719462781514,159.2,75
1719462782294,159.4,25
1719462782732,160.05,25
1719462783314,158.4,200
1719462783708,158.75,25
1719462784460,157.65,25
1719462784460,157.65,25
1719462785199,157.25,50
1719462785972,158.95,100
1719462785972,158.95,100
1719462785972,158.95,100
1719462787154,157.4,50
1719462787590,157.8,25
1719462788412,157.7,25
1719462789302,158.0,50
1719462789512,157.65,50
1719462790147,155.95,225
1719462790322,156.1,25
1719462791587,155.3,225
1719462792287,156.3,25
1719462792570,155.3,25
1719462793274,156.45,25
1719462793592,156.95,50
1719462794252,156.45,25
1719462794680,156.65,25
1719462795350,156.85,200
1719462795978,156.75,50
1719462796112,156.5,25
1719462796112,156.5,25
1719462797030,157.75,100
1719462797030,157.75,100
1719462798183,158.6,25
1719462798796,158.35,25
1719462799445,157.85,25
1719462799445,157.85,25
1719462800231,156.95,75
1719462800746,156.1,50
1719462801147,156.2,25
1719462801647,155.9,25
1719462802271,156.25,25
1719462803020,156.1,50
1719462803154,156.0,25
1719462803154,156.0,25
1719462804514,156.4,125
1719462804514,156.4,125
1719462805253,157.05,25
1719462805545,156.9,25
1719462805670,157.2,125
1719462806857,158.7,25
1719462807460,159.05,100
1719462807460,159.05,100
1719462808227,159.15,25
1719462808697,158.8,50
1719462809343,159.8,25
1719462810053,160.75,100
1719462810419,160.7,50
1719462810949,161.25,25
1719462811274,160.85,25
1719462812590,161.85,50
1719462813312,161.15,250
1719462814033,160.15,25
1719462814319,161.35,50
1719462814806,161.5,25
1719462815397,161.3,75
1719462815892,161.8,25
1719462816351,161.25,100
1719462817017,161.25,225
1719462817224,161.1,50
1719462817312,160.95,125
1719462818155,162.3,50
1719462818155,162.3,50
1719462819508,162.5,100
1719462819639,163.0,75
1719462820321,164.7,25
1719462820843,164.25,150
1719462821340,165.1,25
1719462822033,165.15,100
1719462822224,164.7,50
1719462822545,164.35,25
1719462823185,163.9,100
1719462823315,164.45,25
1719462824207,163.65,100
1719462825487,163.3,25
1719462825580,163.15,325
1719462826300,164.4,25
1719462826807,164.5,25
1719462827214,163.5,150
1719462827661,163.45,50
1719462828543,164.25,125
1719462828632,164.4,25
1719462828953,164.7,125
1719462830006,164.1,25
1719462830285,163.75,50
1719462830634,163.25,150
1719462831414,164.3,150
1719462831830,163.95,100
1719462832336,163.3,25
1719462833183,162.4,50
1719462833446,162.85,75
1719462834209,163.05,25
1719462834589,162.6,25
1719462835563,162.85,25
1719462835713,162.15,25
1719462836280,163.85,50
1719462836801,163.2,50
1719462836884,163.85,25
1719462837833,162.95,25
1719462838076,162.6,25
1719462839059,162.95,125
1719462839455,162.0,150
1719462840048,160.65,25
1719462840396,160.65,200
1719462840396,160.65,200
1719462841080,161.55,100
1719462841080,161.55,100
1719462842192,161.2,100
1719462842192,161.2,100
1719462843301,160.8,25
1719462844314,160.35,50
1719462844432,160.65,25
1719462845285,160.15,125
1719462845394,160.5,350
1719462846260,161.75,25
1719462846553,162.85,175
1719462847511,162.6,25
1719462847836,163.2,75
1719462848224,163.25,25
1719462848840,163.45,25
1719462849348,163.75,25
1719462849512,163.8,150
1719462850205,164.1,25
1719462850372,163.4,25
1719462851207,162.45,50
1719462851369,163.15,200
1719462852123,161.55,25
1719462853164,162.6,25
1719462853384,162.6,225
1719462854216,163.15,25
1719462854297,162.6,25
1719462855272,162.35,25
1719462855272,162.35,25
1719462856114,161.85,25
1719462856669,162.45,100
1719462857382,162.6,75
1719462857382,162.6,75
1719462857382,162.6,75
1719462858410,162.3,50
1719462859462,162.85,50
1719462859687,162.9,25
1719462860475,162.2,75
1719462861081,161.85,100
1719462861081,161.85,100
1719462862018,161.8,25
1719462862637,160.95,25
1719462863279,161.1,75
1719462863771,161.5,25
1719462864296,160.75,50
1719462864899,161.25,50
1719462865365,160.5,175
1719462865976,160.45,100
1719462866221,160.55,300
1719462866445,160.8,50
1719462867245,161.35,75
1719462868250,160.95,25
1719462868411,160.9,200
1719462869195,161.6,25
1719462869640,162.0,250
1719462869844,161.65,25
1719462870435,162.4,250
1719462870625,161.75,25
1719462871372,161.7,75
1719462871372,161.7,75
1719462872265,161.05,25
1719462872559,161.45,25
1719462873482,160.5,250
1719462873762,161.5,25
1719462873762,161.5,25
1719462874715,161.85,100
1719462874715,161.85,100
1719462874715,161.85,100
1719462876126,160.85,25
1719462876430,160.9,25
1719462877307,161.25,25
1719462877307,161.25,25
1719462878319,159.95,25
1719462878817,160.1,25
1719462879523,160.45,25
1719462879972,160.6,25
1719462879972,160.6,25
1719462881271,159.0,175
1719462881491,158.7,200
1719462882112,159.55,25
1719462882514,159.35,25
1719462883363,158.75,25
1719462883363,158.75,25
1719462884200,159.55,25
1719462884499,159.9,25
1719462885081,160.3,25
1719462885620,161.45,50
1719462886008,160.55,25
1719462886533,159.75,25
1719462887346,159.4,25
1719462887346,159.4,25
1719462887820,159.55,175
1719462887820,159.55,175
1719462888990,160.4,225
1719462888990,160.4,225
1719462890304,159.75,75
1719462890730,159.35,200
1719462890730,159.35,200
1719462891455,159.3,25
1719462892315,159.15,25
1719462892672,159.2,25
1719462893340,158.7,25
1719462893758,159.25,25
1719462894224,159.2,200
1719462895430,158.1,25
1719462896233,158.45,25
1719462896643,157.65,150
1719462897471,157.3,25
1719462898312,156.55,25
1719462898738,155.55,100
1719462899575,154.0,150
1719462900005,154.35,25
1719462900158,153.5,175
1719462900724,153.0,25
1719462901244,153.35,25
1719462901784,155.0,150
1719462902558,155.95,350
1719462903008,156.25,50
1719462903403,157.7,50
1719462904066,158.15,25
1719462904382,159.05,25
1719462904917,160.3,100
1719462905346,160.4,275
1719462905526,160.65,25
1719462906376,159.9,125
1719462906749,158.7,25
1719462907351,158.2,75
1719462907746,157.65,375
1719462908509,157.4,100
1719462908743,157.95,25
1719462909231,158.15,75
1719462910111,157.2,75
1719462910244,158.1,75
1719462911018,159.25,25
1719462911407,159.2,125
1719462911490,159.25,25
1719462912376,158.55,25
1719462912579,159.1,50
1719462913545,159.2,400
1719462913783,158.85,25
1719462914710,159.1,75
1719462915410,158.55,50
1719462915942,157.5,25
1719462916378,157.5,125
1719462916866,158.45,75
1719462917398,158.9,50
1719462918014,159.6,25
1719462918271,158.85,25
1719462918271,158.85,25
1719462919408,158.3,50
1719462919572,158.1,50
1719462920054,158.3,50
1719462920669,159.15,25
1719462921320,158.55,125
1719462921743,156.6,250
1719462922590,155.2,1800
1719462922938,156.35,75
1719462923383,156.65,25
1719462923383,156.65,25
1719462923857,156.65,150
1719462924745,156.7,25
1719462925136,156.05,25
1719462925658,156.45,25
1719462926360,157.9,300
1719462926946,157.35,25
1719462927383,157.1,25
1719462928334,158.2,50
1719462928334,158.2,50
1719462929408,158.1,25
1719462929554,158.6,200
1719462930009,158.75,75
1719462930009,158.75,75
1719462931053,159.05,100
1719462931662,158.65,150
1719462932355,158.05,25
1719462932355,158.05,25
1719462933230,157.9,250
1719462933854,158.2,25
1719462934332,157.8,50
1719462934836,157.7,25
1719462935341,157.6,200
1719462936343,156.85,25
1719462936343,156.85,25
1719462937450,155.35,25
1719462938437,153.85,50
1719462938700,153.4,50
1719462939384,153.9,25
1719462939932,153.1,25
1719462940605,153.5,25
1719462941008,153.5,125
1719462941397,152.15,25
1719462941945,153.1,25
1719462942375,152.0,150
1719462943002,152.65,25
1719462943562,151.2,50
1719462944216,149.65,75
1719462944403,149.9,25
1719462945388,151.5,25
1719462945596,150.9,25
1719462946413,151.45,100
1719462946660,152.25,25
1719462947517,153.7,25
1719462948009,152.85,100
1719462948422,153.0,75
1719462948781,154.25,100
1719462949358,153.65,25
1719462950140,154.2,25
1719462950511,155.0,25
1719462951421,154.85,75
1719462951588,155.0,175
1719462952427,156.4,25
1719462953325,156.0,25
1719462953587,155.65,25
1719462954400,155.75,25
1719462954612,156.2,50
1719462955341,154.65,25
1719462955341,154.65,25
1719462956394,155.9,25
1719462956810,156.2,25
1719462957187,156.1,75
1719462958025,157.0,25
1719462958550,157.35,75
1719462958951,157.25,225
1719462959411,157.95,25
1719462959958,157.5,25
1719462959958,157.5,25
1719462960443,156.35,200
1719462961012,154.85,25
1719462961771,153.75,400
1719462962667,153.45,25
1719462962817,153.5,25
1719462963406,154.55,150
1719462964010,156.05,25
1719462964305,156.25,125
1719462965158,156.8,25
1719462965417,157.05,25
1719462965521,157.15,25
1719462966414,156.6,25
1719462967425,157.0,25
1719462967425,157.0,25
1719462968609,158.45,25
1719462969248,157.15,25
1719462969810,156.7,25
1719462970248,155.65,175
1719462970665,155.0,50
1719462971232,155.15,25
1719462971925,155.75,25
1719462972634,154.6,50
1719462973009,154.8,25
1719462973400,155.15,25
1719462973876,155.1,25
1719462974442,154.7,25
1719462974901,155.5,25
1719462975426,154.55,100
1719462976223,154.85,75
1719462976223,154.85,75
1719462977349,154.9,150
1719462977750,155.25,100
1719462978627,155.9,50
1719462978836,156.25,300
1719462979450,156.8,25
1719462979866,156.45,25
1719462980387,156.35,150
1719462981047,156.4,50
1719462981190,156.0,25
1719462981945,155.75,25
1719462982335,155.1,25
1719462982335,155.1,25
1719462983233,156.1,25
1719462983503,156.8,50
1719462984450,156.0,225
1719462984493,156.35,50
1719462985380,157.0,400
1719462985521,157.2,50
1719462986413,157.5,25
1719462987057,157.6,25
1719462987424,157.0,100
1719462987424,157.0,100
1719462988395,158.0,25
1719462988395,158.0,25
1719462989378,158.4,25
1719462989378,158.4,25
1719462989378,158.4,25
1719462990442,157.8,25
1719462990530,157.95,125
1719462991253,158.4,250
1719462991513,158.25,25
1719462992222,159.0,150
1719462992839,157.95,25
1719462993446,158.1,100
1719462993676,157.45,75
1719462994415,157.85,50
1719462994854,158.1,225
1719462995339,158.1,25
1719462995739,158.55,50
1719462996352,158.1,25
1719462997054,157.3,25
1719462997376,157.95,25
1719462998101,158.0,25
1719462998481,158.1,25
1719462998599,158.1,125
1719462999130,157.85,25
1719462999605,157.2,50
1719463000451,157.3,75
1719463000543,157.9,25
1719463001311,158.2,350
1719463001648,159.0,25
1719463002442,158.25,25
1719463003534,158.9,25
1719463004488,158.1,25
1719463004852,158.25,250
1719463005385,158.7,250
1719463005866,158.15,50
1719463006441,158.35,175
1719463006869,158.85,100
1719463007440,158.0,50
1719463007750,157.3,100
1719463008267,157.7,100
1719463008898,156.6,50
1719463014900,156.0,25
1719463015648,156.15,25
1719463016469,156.0,50
1719463016910,155.9,25
1719463017456,155.0,50
1719463018286,154.3,25
1719463018527,154.3,25
1719463019425,153.4,25
1719463019604,153.25,25
1719463020013,152.9,25
1719463020094,152.75,75
1719463021480,151.1,50
1719463022176,150.15,25
1719463022822,151.55,25
1719463023297,151.35,400
1719463024132,151.15,100
1719463024377,150.8,75
1719463025064,151.25,25
1719463025138,151.05,25
1719463026261,150.8,50
1719463026261,150.8,50
1719463027415,151.45,25
1719463027707,151.3,475
1719463028471,150.45,25
1719463028927,148.4,25
1719463029430,148.8,25
1719463030137,148.85,25
1719463030473,148.2,50
1719463031073,147.05,50
1719463031419,146.2,175
1719463032306,147.15,25
1719463032474,147.3,50
1719463032661,147.15,25
1719463033537,147.85,25
1719463034462,149.95,100
1719463034692,150.4,25
1719463035469,152.6,100
1719463035718,153.45,50
1719463036448,153.55,25
1719463036743,154.55,200
1719463037380,153.7,25
1719463037948,154.05,50
1719463038674,154.7,200
1719463038964,154.8,25
1719463039458,154.1,50
1719463039901,154.45,125
1719463040485,154.55,25
1719463041308,154.15,25
1719463041308,154.15,25
1719463041549,154.85,125
1719463042109,155.5,50
1719463042671,154.85,25
1719463043736,155.7,150
1719463044314,154.2,250
1719463044892,153.8,125
1719463045456,154.15,50
1719463045691,154.1,25
1719463046410,154.5,275
1719463047063,154.75,275
1719463047423,154.2,50
1719463048222,154.7,75
1719463049479,155.05,75
1719463049585,155.0,25
1719463050020,155.25,50
1719463050277,154.8,25
1719463050985,155.15,50
1719463051051,155.15,150
1719463051892,156.5,50
1719463052422,157.45,25
1719463053045,157.55,25
1719463053295,157.4,350
1719463053970,157.5,125
1719463054356,157.3,50
1719463055187,157.4,25
1719463055187,157.4,25
1719463056055,156.85,200
1719463056322,157.15,50
1719463056596,157.4,25
1719463057550,157.05,50
1719463057722,157.4,225
1719463058542,158.45,25
1719463059587,158.7,225
1719463060496,158.65,25
1719463060771,158.3,25
1719463061478,157.9,50
1719463061947,157.25,200
1719463062472,156.35,25
1719463062975,157.5,25
1719463063106,157.65,25
1719463063986,157.9,25
1719463063986,157.9,25
1719463065095,158.5,200
1719463065485,159.05,50
1719463066142,159.15,25
1719463066475,158.85,25
1719463067352,158.4,25
1719463067645,158.1,25
1719463068491,156.7,350
1719463068562,156.6,50
1719463069599,157.75,100
1719463070068,156.75,25
1719463070812,156.35,250
1719463071477,157.0,25
1719463071753,157.55,25
1719463072330,156.65,25
1719463072899,157.1,25
1719463073152,157.6,25
1719463074048,158.05,25
1719463074452,158.15,25
1719463074698,157.95,25
1719463074698,157.95,25
1719463075602,157.5,100
1719463076602,157.35,25
1719463076771,157.7,25
1719463077467,157.1,25
1719463078023,156.75,25
1719463078364,156.4,25
1719463079205,157.45,25
1719463079302,157.45,275
1719463079951,158.15,25
1719463080199,158.05,25
1719463080281,158.25,25
1719463081296,157.35,25
1719463081296,157.35,25
1719463081296,157.35,25
1719463082504,157.75,200
1719463083436,157.25,75
1719463083607,157.05,50
1719463084451,155.3,25
1719463085011,155.25,25
1719463085514,154.55,100
1719463086149,156.05,125
1719463086499,156.25,25
1719463086711,156.3,125
1719463087677,155.45,25
1719463088264,155.4,25
1719463088435,156.1,25
1719463089190,156.95,25
1719463089577,156.8,25
1719463090414,156.55,25
1719463090767,156.85,25
1719463091462,156.1,25
1719463091462,156.1,25
1719463092469,156.0,75
1719463092755,156.5,25
1719463093466,157.05,75
1719463093726,156.45,100
1719463094450,155.8,25
1719463095105,155.15,250
1719463095502,156.1,75
1719463096074,153.65,25
1719463096650,153.9,400
1719463097403,155.0,25
1719463097510,154.75,125
1719463097976,155.45,25
1719463098488,155.5,200
1719463099367,156.95,150
1719463099367,156.95,150
1719463099634,156.2,25
1719463100531,156.25,75
1719463100852,155.9,25
1719463101526,155.5,25
1719463101526,155.5,25
1719463102359,155.25,150
1719463103238,155.05,25
1719463103316,155.0,25
1719463104085,155.25,25
1719463104408,155.7,150
1719463104685,155.6,150
1719463105532,155.0,25
1719463105532,155.0,25
1719463106423,155.45,25
1719463106632,154.9,25
1719463107347,154.95,25
1719463107655,155.35,25
1719463108112,155.55,50
1719463108112,155.55,50
1719463109510,155.25,25
1719463109623,155.85,25
1719463110018,157.2,25
1719463110018,157.2,25
1719463110748,155.5,250
1719463111298,155.25,50
1719463111607,155.6,50
1719463112221,156.55,150
1719463112221,156.55,150
1719463113129,156.35,50
1719463113850,156.3,25
1719463114497,157.15,25
1719463114830,157.4,25
1719463115524,156.8,50
1719463116205,156.75,25
1719463116205,156.75,25
1719463117517,156.8,50
1719463117517,156.8,50
1719463118247,155.5,25
1719463118813,156.3,75
1719463119225,155.85,75
1719463119225,155.85,75
1719463120354,155.75,25
1719463120883,154.9,250
1719463121495,152.55,25
1719463121832,152.0,25
1719463121993,152.8,25
1719463122818,151.3,275
1719463123150,152.1,25
1719463123805,151.8,25
1719463124483,151.0,125
1719463124864,152.3,25
1719463125539,151.95,100
1719463125980,151.5,250
1719463126542,151.1,25
1719463126968,149.85,250
1719463127387,148.6,25
1719463127784,149.5,25
1719463128479,150.8,75
1719463128958,151.8,25
1719463129440,153.05,25
1719463130086,153.45,25
1719463130508,152.9,425
1719463131277,154.3,375
1719463131277,154.3,375
1719463132154,154.1,25
1719463132349,154.35,125
1719463133293,154.4,25
1719463133293,154.4,25
1719463133293,154.4,25
1719463134315,153.35,25
1719463134844,153.55,250
1719463135421,153.65,175
1719463136060,154.05,50
1719463136305,153.8,175
1719463136969,152.6,50
1719463137543,153.65,25
1719463137867,153.35,25
1719463137867,153.35,25
1719463139421,151.3,25
1719463139822,151.05,75
1719463140390,151.85,100
1719463141320,151.2,175
1719463141555,151.0,25
1719463142369,150.85,25
1719463142654,151.25,125
1719463143577,151.9,25
1719463143790,152.2,25
1719463144489,152.9,25
1719463144880,153.45,100
1719463145521,153.05,25
1719463145720,152.9,25
1719463145720,152.9,25
1719463146997,151.75,250
1719463146997,151.75,250
1719463148113,151.9,150
1719463148113,151.9,150
1719463149311,152.15,25
1719463149410,152.35,25
1719463150206,153.05,75
1719463150206,153.05,75
1719463151276,153.2,75
1719463151276,153.2,75
1719463152534,152.5,100
1719463152613,152.1,100
1719463153526,152.15,25
1719463153868,150.65,125
1719463154373,151.45,250
1719463154373,151.45,250
1719463155283,149.2,375
1719463155866,150.95,25
1719463156519,151.1,125
1719463156771,150.65,25
1719463157362,150.4,25
1719463157362,150.4,25
1719463158188,152.05,25
1719463158694,151.8,25
1719463159246,152.65,50
1719463159936,152.3,25
1719463160340,151.7,25
1719463160874,152.15,25
1719463161330,151.55,25
1719463162002,151.3,25
1719463162526,150.95,50
1719463163016,151.4,50
1719463163297,151.25,75
1719463163297,151.25,75
1719463164316,151.0,175
1719463165141,150.75,25
1719463165476,150.8,25
1719463165971,150.95,150
1719463166287,151.1,25
1719463167155,151.2,25
1719463167505,151.5,25
1719463168217,150.65,75
1719463168217,150.65,75
1719463169364,152.0,75
1719463169382,152.55,25
1719463169984,153.0,25
1719463170345,151.85,25
1719463170345,151.85,25
1719463171277,152.65,25
1719463171277,152.65,25
1719463171619,151.9,25
1719463172161,152.6,25
1719463173017,152.0,50
1719463173473,152.15,75
1719463173773,151.85,25
1719463174209,151.9,25
1719463174209,151.9,25
1719463175515,153.05,50
1719463175938,153.35,100
1719463176428,152.1,25
1719463176722,152.45,25
1719463177517,152.3,25
1719463177959,152.85,25
1719463178500,153.05,25
1719463178817,152.35,25
1719463179560,152.95,50
1719463180180,153.9,75
1719463180554,153.35,50
1719463181215,152.2,25
1719463181506,152.6,25
1719463182318,150.9,25
1719463182403,151.0,25
1719463183189,150.15,25
1719463183468,150.55,25
1719463184120,151.0,250
1719463184529,150.95,25
1719463185117,151.3,25
1719463185414,151.3,25
1719463186559,152.2,25
1719463186664,152.6,25
1719463187555,152.7,275
1719463187892,152.85,25
1719463188451,152.8,50
1719463188821,152.8,25
1719463189253,153.6,25
1719463189991,153.1,150
1719463190386,154.35,25
1719463191020,154.1,25
1719463191544,154.05,25
1719463192536,153.25,50
1719463192644,153.1,100
1719463193531,153.65,25
1719463193768,153.2,225
1719463194221,153.85,275
1719463194837,153.55,100
1719463195391,153.7,50
1719463195976,154.35,100
1719463196067,153.7,25
1719463196683,153.7,25
1719463197077,153.4,75
1719463197788,153.5,25
1719463198440,153.2,25
1719463198975,153.25,50
1719463199240,152.55,25
1719463200004,153.2,25
1719463200187,152.9,25
1719463200590,152.95,75
1719463201296,152.65,1125
1719463201558,152.85,50
1719463202047,151.9,25
1719463202047,151.9,25
1719463203065,152.65,25
1719463203791,154.35,25
1719463204403,152.7,25
1719463204666,152.85,25
1719463205395,153.55,25
1719463205395,153.55,25
1719463206429,153.65,25
1719463206429,153.65,25
1719463207548,152.65,25
1719463207648,152.0,25
1719463208221,152.7,25
1719463208685,153.5,100
1719463209567,153.8,25
1719463209567,153.8,25
1719463210317,152.1,25
1719463211182,151.5,125
1719463211593,151.15,125
1719463212354,150.0,25
1719463212556,150.0,25
1719463213203,150.45,25
1719463213683,150.7,25
1719463214180,150.2,200
1719463214591,150.15,25
1719463215133,151.2,25
1719463215133,151.2,25
1719463215682,152.2,25
1719463215682,152.2,25
1719463216624,151.05,25
1719463217239,151.3,25
1719463217788,151.1,100
1719463218560,152.5,25
1719463218560,152.5,25
1719463219131,152.45,75
1719463219704,152.2,25
1719463219704,152.2,25
1719463220937,152.15,100
1719463221483,152.25,50
1719463221660,152.15,50
1719463222573,151.55,25
1719463223514,151.45,25
1719463223801,151.65,300
1719463224588,149.9,25
1719463224667,150.25,25
1719463225570,149.4,25
1719463226016,149.7,25
1719463226497,149.2,75
1719463226912,149.7,125
1719463227576,147.35,25
1719463228015,147.1,25
1719463228477,147.0,50
1719463229228,148.35,200
1719463229592,148.95,50
1719463229989,150.3,375
1719463230120,150.25,100
1719463230607,149.9,25
1719463231059,150.5,25
1719463231324,151.35,25
1719463232018,149.65,125
1719463232539,149.0,25
1719463232952,150.1,125
1719463233530,150.35,50
1719463233883,151.0,900
1719463234318,150.9,75
1719463235245,150.95,25
1719463235358,151.15,25
1719463236042,152.6,25
1719463236333,151.7,50
1719463236632,151.7,75
1719463237407,152.4,100
1719463237676,151.65,25
1719463238607,152.4,150
1719463239597,152.3,25
1719463239840,152.35,25
1719463240407,151.9,375
1719463240407,151.9,375
1719463241101,152.7,25
1719463241778,152.8,25
1719463242172,153.0,25
1719463242752,152.95,25
1719463243436,152.9,25
1719463243742,152.65,25
1719463244479,152.8,25
1719463245237,152.75,25
1719463245602,152.95,175
1719463246077,152.35,300
1719463246557,151.85,25
1719463247299,152.05,25
1719463247547,152.35,25
1719463248204,152.45,100
1719463248579,152.2,25
1719463249308,152.1,25
1719463249591,153.05,25
1719463250304,152.65,25
1719463250304,152.65,25
1719463251599,152.7,25
1719463252425,152.7,300
1719463252425,152.7,300
1719463253626,151.65,75
1719463253826,151.8,25
1719463253826,151.8,25
1719463255224,151.9,25
1719463255584,151.5,250
1719463256445,152.0,25
1719463256445,152.0,25
1719463257426,153.2,25
1719463257426,153.2,25
1719463258254,153.2,25
1719463258900,153.5,25
1719463258957,153.5,450
1719463259670,153.6,75
1719463259670,153.6,75
1719463259670,153.6,75
1719463260946,153.35,25
1719463261520,152.65,100
1719463262004,150.95,25
1719463262802,150.55,25
1719463263298,151.3,50
1719463263437,151.8,75
1719463264208,152.4,100
1719463264208,152.4,100
1719463265553,151.85,25
1719463265755,151.75,25
1719463265755,151.75,25
1719463267132,151.45,125
1719463267132,151.45,125
1719463268612,150.5,25
1719463268905,151.45,25
1719463269171,151.25,50
1719463269171,151.25,50
1719463270435,151.85,25
1719463270435,151.85,25
1719463271608,150.85,25
1719463271818,150.9,25
1719463272387,151.95,25
1719463273076,151.25,100
1719463273437,151.15,25
1719463273983,151.85,100
1719463274514,151.0,25
1719463275086,149.75,25
1719463275619,149.35,25
1719463276309,146.8,100
1719463276608,144.65,25
1719463277612,144.65,75
1719463278566,143.7,25
1719463278672,144.1,75
1719463278926,143.4,75
1719463279789,142.8,25
1719463280238,144.45,100
1719463280540,144.25,250
1719463281315,145.25,200
1719463281581,145.85,175
1719463282306,145.65,350
1719463282522,145.55,150
1719463283520,146.55,100
1719463284498,148.1,25
1719463284572,148.3,25
1719463285410,148.2,125
1719463285565,148.15,125
1719463286449,148.4,25
1719463286449,148.4,25
1719463286926,148.2,25
1719463287578,149.25,250
1719463287578,149.25,250
1719463288546,149.9,125
1719463289131,149.25,25
1719463289593,149.0,25
1719463289884,148.45,25
1719463289884,148.45,25
1719463290605,149.05,50
1719463290605,149.05,50
1719463291552,148.35,25
1719463292318,148.6,25
1719463292617,148.15,25
1719463293240,149.05,25
1719463293587,148.85,25
1719463294502,149.45,125
1719463294608,149.35,25
1719463295515,147.0,150
1719463295691,147.4,50
1719463295895,147.55,50
1719463296609,148.0,25
1719463297075,148.2,25
1719463297643,148.05,25
1719463298136,147.4,25
1719463298813,147.05,200
1719463299317,147.2,25
1719463299637,147.45,25
1719463300355,146.15,25
1719463300458,147.0,100
1719463301155,147.05,25
1719463301515,147.1,25
1719463302255,146.95,25
1719463302624,147.25,25
1719463303469,148.3,25
1719463303469,148.3,25
1719463304586,148.05,50
1719463304739,148.25,100
1719463304947,148.25,25
1719463305644,149.0,25
1719463305824,149.1,25
1719463306614,148.35,25
1719463306967,148.95,25
1719463307651,149.15,25
1719463307975,149.4,25
1719463308494,148.55,25
1719463309111,148.95,25
1719463309832,149.15,50
1719463310121,149.75,75
1719463310208,149.45,25
1719463310791,149.05,50
1719463311638,148.7,25
1719463311891,148.35,200
1719463312388,147.75,25
1719463313350,147.0,25
1719463313508,147.0,25
1719463313986,147.6,25
1719463313986,147.6,25
1719463315363,147.65,75
1719463315363,147.65,75
1719463315936,147.45,25
1719463316601,147.85,25
1719463316941,148.15,25
1719463317603,148.25,300
1719463318018,148.25,25
1719463318589,148.7,25
1719463319168,149.25,25
1719463319668,148.85,25
1719463320040,147.8,25
1719463320104,148.0,25
1719463320661,148.5,25
1719463321374,148.0,50
1719463321374,148.0,50
1719463322639,146.1,25
1719463323441,146.7,25
1719463323747,146.3,25
1719463323897,146.8,25
1719463324603,146.95,25
1719463324911,146.85,50
1719463325663,146.3,25
1719463326156,147.0,250
1719463326545,146.65,25
1719463327027,147.05,25
1719463327600,147.45,25
1719463328373,148.05,25
1719463328641,148.2,100
1719463329392,147.3,75
1719463329647,147.05,25
1719463330347,147.6,25
1719463330752,148.0,25
1719463331497,148.8,25
1719463331497,148.8,25
1719463358672,144.3,25
1719463359166,144.4,100
1719463359681,144.45,75
1719463360150,143.95,25
1719463360522,143.65,25
1719463361623,143.8,200
1719463361623,143.8,200
1719463362294,144.85,100
1719463362642,145.1,50
1719463363521,146.7,25
1719463363521,146.7,25
1719463364026,146.4,150
1719463364682,145.4,250
1719463365027,144.9,25
1719463365600,145.3,25
1719463366421,145.35,75
1719463366421,145.35,75
1719463367429,145.6,25
1719463367553,145.95,25
1719463368382,145.75,25
1719463368820,145.5,25
1719463369033,144.5,25
1719463370599,145.3,175
1719463371676,144.15,25
1719463372559,144.5,25
1719463372790,143.6,75
1719463372898,143.8,250
1719463373696,144.5,50
1719463374117,143.5,125
1719463374504,143.9,125
1719463379006,145.2,25
1719463379675,146.85,50
1719463380063,146.5,25
1719463380231,146.55,25
1719463380231,146.55,25
1719463381271,148.0,25
1719463381685,148.5,50
1719463381727,148.5,25
1719463382643,147.8,500
1719463383169,148.75,125
1719463383540,148.95,50
1719463384324,148.85,25
1719463384675,148.0,500
1719463385453,148.05,50
1719463386609,147.8,25
1719463386794,147.8,175
1719463387003,146.85,100
1719463387003,146.85,100
1719463387975,147.55,50
1719463388629,148.0,25
1719463389148,148.0,100
1719463389703,148.0,25
1719463390407,148.4,350
1719463390681,148.5,50
1719463391338,148.95,100
1719463391338,148.95,100
1719463391846,149.3,75
1719463392248,149.4,25
1719463392920,149.75,25
1719463393660,149.4,25
1719463394433,149.95,125
1719463394745,150.2,125
1719463395571,150.15,25
1719463396634,150.55,175
1719463397596,150.15,350
1719463397999,150.6,75
1719463398704,150.6,200
1719463399202,150.15,25
1719463399675,150.0,125
1719463400243,150.2,25
1719463400629,149.85,25
1719463401338,150.75,25
1719463401338,150.75,25
1719463401846,150.65,25
1719463402614,150.9,75
1719463403310,150.45,25
1719463403664,150.4,25
1719463404482,151.45,50
1719463404703,151.25,25
1719463405457,151.0,25
1719463405699,151.05,100
1719463406536,152.4,50
1719463406830,152.95,25
1719463407301,154.6,25
1719463407703,154.35,200
1719463408403,153.9,100
1719463408643,154.75,25
1719463409483,154.45,25
1719463409679,155.25,100
1719463410012,155.15,125
1719463410500,156.25,25
1719463410687,156.3,25
1719463411656,154.85,25
1719463412544,155.0,75
1719463413670,154.75,25
1719463414535,154.1,150
1719463414721,154.15,25
1719463415080,154.85,225
1719463415657,155.4,200
1719463416096,155.1,50
1719463416661,155.45,25
1719463417035,155.75,100
1719463417626,155.7,75
1719463417626,155.7,75
1719463418635,155.75,125
1719463419106,155.65,25
1719463419810,155.6,25
1719463420253,156.15,175
1719463420642,156.25,175
1719463421258,155.6,150
1719463421641,155.65,25
1719463422271,156.3,50
1719463422605,156.15,25
1719463423221,156.8,25
1719463423570,157.0,125
1719463424446,156.0,25
1719463424633,156.1,100
1719463425522,156.25,50
1719463425688,156.25,150
1719463426637,156.5,50
1719463427709,156.85,25
1719463427889,156.9,50
1719463428151,158.1,500
1719463428910,163.5,25
1719463429514,164.2,50
1719463429704,164.05,300
1719463430535,161.6,125
1719463430731,161.5,25
1719463431721,161.5,150
1719463432748,165.8,25
1719463433708,164.0,25
1719463433937,163.1,25
1719463434940,163.3,75
1719463435095,163.8,50
1719463435727,163.65,175
1719463436064,163.35,25
1719463436660,162.85,275
1719463437326,163.35,25
1719463437693,163.2,300
1719463438534,162.7,375
1719463438654,162.75,75
1719463439749,162.8,75
1719463439954,162.25,100
1719463440067,162.9,25
1719463440731,161.95,75
1719463440929,161.5,75
1719463441052,161.5,50
1719463441735,161.5,75
1719463442102,162.3,25
1719463442624,160.35,50
1719463443297,160.5,25
1719463443579,159.7,125
1719463444239,159.35,25
1719463444727,160.1,75
1719463445336,158.8,375
1719463445722,160.0,150
1719463466534,160.55,25
1719463466637,160.6,125
1719463467600,159.8,200
1719463468614,159.65,125
1719463468614,159.65,125
1719463469721,159.1,50
1719463469815,159.45,25
1719463469815,159.45,25
1719463470746,156.3,50
1719463471074,155.7,25
1719463471570,156.75,150
1719463472424,155.65,150
1719463472424,155.65,150
1719463472900,155.45,50
1719463473594,155.7,125
1719463474219,155.15,75
1719463474710,155.2,100
1719463475493,156.0,50
1719463475493,156.0,50
1719463476583,155.7,50
1719463476583,155.7,50
1719463477768,156.3,25
1719463478712,157.65,25
1719463478818,158.25,100
1719463478818,158.25,100
1719463479665,158.0,50
1719463479665,158.0,50
1719463480610,159.55,25
1719463481148,159.65,50
1719463481673,160.25,25
1719463482402,159.8,100
1719463482719,159.8,25
1719463483605,160.95,200
1719463483799,160.75,75
1719463484556,160.25,75
1719463484807,160.6,25
1719463485739,160.5,200
1719463485839,160.75,25
1719463486561,159.85,25
1719463486895,160.4,25
1719463487122,160.75,25
1719463487606,160.3,250
1719463488378,160.8,25
1719463488720,160.65,100
1719463489379,160.8,75
1719463489379,160.8,75
1719463490178,160.65,25
1719463490178,160.65,25
1719463491798,161.6,25
1719463491921,161.4,25
1719463492772,162.5,225
1719463493011,161.95,25
1719463493209,161.2,25
1719463493725,161.8,25
1719463495375,162.25,225
1719463495728,162.3,75
1719463496375,161.9,75
1719463496375,161.9,75
1719463497745,161.0,100
1719463498592,161.55,50
1719463498592,161.55,50
1719463499754,161.8,25
1719463500071,161.25,50
1719463500071,161.25,50
1719463500746,160.6,25
1719463501431,160.95,175
1719463501690,160.95,150
1719463502425,161.2,25
1719463502477,161.05,75
1719463503258,160.45,50
1719463503948,161.65,50
1719463504630,161.05,25
1719463504706,160.8,125
1719463505616,161.45,50
1719463505755,162.45,25
1719463506809,163.05,375
1719463507753,162.25,25
1719463507895,161.9,25
1719463508161,161.95,50
1719463508780,161.75,100
1719463509612,160.85,25
1719463509739,161.05,25
1719463510158,161.9,75
1719463510738,161.95,100
1719463511755,163.7,50
1719463512670,163.0,50
1719463513791,162.85,200
1719463514878,163.15,75
1719463515190,163.1,25
1719463515722,163.45,50
1719463516374,163.8,25
1719463516781,164.8,25
1719463517404,164.0,50
1719463517662,163.7,25
1719463518409,163.6,25
1719463518661,163.25,175
1719463519464,163.0,25
1719463519792,162.15,100
1719463520623,161.7,25
1719463520766,161.2,25
1719463521543,161.25,25
1719463521772,161.05,25
1719463522633,160.95,75
1719463522728,160.7,50
1719463523706,159.65,50
1719463524702,158.45,50
1719463524827,158.45,275
1719463525775,158.65,125
1719463526702,159.05,25
1719463526702,159.05,25
1719463527750,159.0,25
1719463527750,159.0,25
1719463528358,159.0,100
1719463528358,159.0,100
1719463529189,158.45,100
1719463529770,158.45,50
1719463529770,158.45,50
1719463530377,157.5,25
1719463530802,156.55,25
1719463531420,157.1,125
1719463531768,156.65,25
1719463532777,156.05,25
1719463533583,157.5,175
1719463533583,157.5,175
1719463534317,157.0,25
1719463535722,156.25,175
1719463535864,156.65,25
1719463536813,156.2,50
1719463536813,156.2,50
1719463537750,155.0,50
1719463538056,155.2,25
1719463538160,155.2,100
1719463538681,154.8,25
1719463539267,155.3,150
1719463539772,155.55,100
1719463540368,155.35,25
1719463540579,155.6,50
1719463541727,156.65,25
1719463542758,155.7,25
1719463542758,155.7,25
1719463543725,155.65,25
1719463544450,155.7,25
1719463544898,156.0,100
1719463545176,155.9,25
1719463545725,155.15,50
1719463546189,155.0,25
1719463546587,155.5,25
1719463547771,154.8,25
1719463549746,152.4,25
1719463550755,152.0,50
1719463551814,153.9,400
1719463552085,153.45,150
1719463552308,153.45,25
1719463552539,154.1,200
1719463553273,154.7,50
1719463553673,155.1,150
1719463554200,156.0,150
1719463554808,157.2,300
1719463555285,157.25,50
1719463555752,157.2,325
1719463556285,156.45,25
1719463556818,157.55,25
1719463557498,157.2,25
1719463558565,157.15,25
1719463558903,157.45,150
1719463559718,156.45,25
1719463559718,156.45,25
1719463560040,156.65,25
1719463560576,157.75,225
1719463560576,157.75,225
1719463561678,158.4,25
1719463561678,158.4,25
1719463562377,157.25,100
1719463562639,157.3,25
1719463563491,157.3,75
1719463563801,157.75,200
1719463564400,158.65,25
1719463564749,159.25,25
1719463565729,158.35,50
1719463566610,159.85,50
1719463567448,159.45,25
1719463567448,159.45,25
1719463568712,159.3,25
1719463569461,159.6,50
1719463569743,159.7,25
1719463570303,160.2,25
1719463570781,160.3,50
1719463571688,160.35,125
1719463571804,160.5,25
1719463571804,160.5,25
1719463572930,160.95,150
1719463573572,161.65,25
1719463573572,161.65,25
1719463574590,160.9,100
1719463574590,160.9,100
1719463575590,160.8,25
1719463576080,161.1,675
1719463576828,160.9,25
1719463576927,160.75,50
1719463576927,160.75,50
1719463577481,161.1,50
1719463578289,161.8,50
1719463578709,162.05,25
1719463578709,162.05,25
1719463579720,162.45,25
1719463580434,161.9,25
1719463580762,162.25,25
1719463581566,162.45,250
1719463582688,163.1,250
1719463582807,162.75,100
1719463583362,163.3,150
1719463583796,163.55,25
1719463584518,164.55,25
1719463584730,164.4,50
1719463585497,164.85,50
1719463585809,164.7,25
1719463586547,164.1,100
1719463586695,163.15,50
1719463587399,162.9,25
1719463587684,162.75,25
1719463588474,163.05,25
1719463588881,162.65,25
1719463589561,163.0,50
1719463589667,162.95,50
1719463590047,162.75,50
1719463590047,162.75,50
1719463590746,162.4,50
1719463591825,162.5,25
1719463592556,163.8,100
1719463592556,163.8,100
1719463593801,162.6,125
1719463593980,162.25,100
1719463594633,163.6,25
1719463594928,163.55,100
1719463595827,162.8,25
1719463596120,163.4,25
1719463596120,163.4,25
1719463596584,163.8,375
1719463597386,163.65,25
1719463597838,164.3,50
1719463598763,164.35,25
1719463598763,164.35,25
1719463599803,163.75,25
1719463599994,163.3,175
1719463600343,163.5,25
1719463600774,164.0,200
1719463601363,164.65,50
1719463601756,164.9,25
1719463609242,159.75,25
1719463609242,159.75,25
1719463611685,160.4,100
1719463611998,160.6,25
1719463612741,160.7,250
1719463612741,160.7,250
1719463612741,160.7,250
1719463613512,161.25,200
1719463614389,161.45,25
1719463614744,161.05,25
1719463615165,161.25,25
1719463615772,160.85,250
1719463616558,160.6,25
1719463616558,160.6,25
1719463617483,160.0,25
1719463617783,160.0,275
1719463618448,160.7,25
1719463618847,161.1,50
1719463619366,161.65,50
1719463619749,161.8,25
1719463620037,162.0,100
1719463620504,161.35,25
1719463620708,162.45,25
1719463621124,163.0,50
1719463621831,163.2,100
1719463622566,162.8,150
1719463622566,162.8,150
1719463623798,163.2,25
1719463624811,163.6,50
1719463625763,164.3,25
1719463626782,163.95,25
1719463626991,163.9,25
1719463627409,163.55,50
1719463627409,163.55,50
1719463628549,162.95,25
1719463628549,162.95,25
1719463629337,163.0,50
1719463629815,162.25,75
1719463630605,161.75,25
1719463630660,161.75,25
1719463631474,162.3,25
1719463631474,162.3,25
1719463632478,162.45,25
1719463632478,162.45,25
1719463633543,161.75,150
1719463633817,161.8,75
1719463634601,161.4,50
1719463634668,161.65,25
1719463635676,161.95,25
1719463636747,161.55,25
1719463638002,160.8,25
1719463638450,160.95,25
1719463639658,160.6,25
1719463639658,160.6,25
1719463640310,159.85,275
1719463640796,159.9,25
1719463641339,159.6,25
1719463641836,159.0,475
1719463642614,159.15,50
1719463642614,159.15,50
1719463643757,159.35,75
1719463644708,158.75,25
1719463644855,158.5,50
1719463645783,158.7,100
1719463646671,159.0,50
1719463646671,159.0,50
1719463647778,160.3,50
1719463648073,161.55,25
1719463648257,161.1,25
1719463648862,161.35,25
1719463649309,161.75,25
1719463649741,162.15,25
1719463649741,162.15,25
1719463649741,162.15,25
1719463650851,162.3,25
1719463651160,160.85,25
1719463651160,160.85,25
1719463652627,161.55,25
1719463652627,161.55,25
1719463653860,162.15,25
1719463654788,162.6,75
1719463655010,162.95,25
1719463655862,163.35,175
1719463656032,163.25,50
1719463656453,164.0,100
1719463656604,163.8,125
1719463657660,163.3,50
1719463657823,163.55,25
1719463658637,163.9,75
1719463659589,163.3,100
1719463659589,163.3,100
1719463660604,164.0,100
1719463661948,163.25,100
1719463662464,164.0,175
1719463662780,164.0,50
1719463663396,163.8,100
1719463663721,163.5,25
1719463668866,165.4,75
1719463668910,165.25,50
1719463669262,165.05,25
1719463669842,164.75,25
1719463670432,164.9,25
1719463670652,164.2,25
1719463671647,164.4,500
1719463671735,164.0,25
1719463672629,163.3,75
1719463672826,163.05,25
1719463673847,161.7,100
1719463674806,162.2,25
1719463675860,163.75,200
1719463676387,164.0,50
1719463676387,164.0,50
1719463688551,162.35,25
1719463688740,162.8,25
1719463754834,157.45,25
1719463755543,157.4,150
1719463755822,157.2,25
1719463760840,152.85,75
1719463761021,152.9,25
1719463761530,152.85,225
1719463761827,153.25,75
1719463762779,152.95,50
1719463762888,153.25,25
1719463763977,153.8,25
1719463764912,154.3,25
1719463764970,154.65,150
1719463765936,154.2,25
1719463765936,154.2,25
1719463766735,155.95,25
1719463767087,155.85,25
1719463767920,156.0,25
1719463768391,157.25,25
1719463768391,157.25,25
1719463768391,157.25,25
1719463769060,156.65,25
1719463769755,156.0,25
1719463770015,156.15,100
1719463770015,156.15,100
1719463770894,156.1,150
1719463776936,153.0,75
1719463777059,152.0,25
1719463777946,153.85,200
1719463778239,154.25,50
1719463778705,154.25,25
1719463778990,153.6,25
1719463779663,153.9,100
1719463779663,153.9,100
1719463780471,154.85,25
1719463781182,155.5,25
1719463781182,155.5,25
1719463781182,155.5,25
1719463782701,155.05,25
1719463782950,155.5,125
1719463783511,154.7,50
1719463784884,154.4,25
1719463784956,154.7,25
1719463785830,155.3,50
1719463786157,155.3,25
1719463786157,155.3,25
1719463786157,155.3,25
1719463787637,155.05,25
1719463787637,155.05,25
1719463788731,154.95,25
1719463788731,154.95,25
1719463789789,155.05,25
1719463789789,155.05,25
1719463790799,153.95,25
1719463791886,153.45,75
1719463792163,154.0,25
1719463792901,154.4,125
1719463793256,154.6,25
1719463793934,152.75,25
1719463794053,152.85,25
1719463794053,152.85,25
1719463795258,153.0,300
1719463795521,152.85,50
1719463795732,153.35,25
1719463795732,153.35,25
1719463797097,154.1,25
1719463797934,153.75,50
1719463798781,153.35,75
1719463798781,153.35,75
1719463799392,154.3,25
1719463800072,154.05,25
1719463800536,154.15,125
1719463801208,154.15,25
1719463801877,153.4,100
1719463802279,153.3,25
1719463802830,154.6,25
1719463803228,155.2,200
1719463803578,154.95,25
1719463803944,154.15,25
1719463804545,153.55,325
1719463804960,153.95,75
1719463805915,154.85,75
1719463806796,154.9,25
1719463807294,155.05,25
1719463807294,155.05,25
1719463808438,154.25,50
1719463809180,154.0,150
1719463809875,153.8,50
1719463810008,153.75,75
1719463810951,152.55,75
1719463810951,152.55,75
1719463811962,153.45,125
1719463811962,153.45,125
1719463811962,153.45,125
1719463815944,150.05,25
1719463816016,150.1,25
1719463816950,150.65,100
1719463816950,150.65,100
1719463817852,151.75,25
1719463818291,151.75,75
1719463818596,152.4,50
1719463819304,152.9,25
1719463819920,151.95,25
1719463820192,152.5,25
1719463820663,152.7,75
1719463820663,152.7,75
1719463821198,152.9,250
1719463821838,152.05,125
1719463822887,151.85,25
1719463823248,151.95,25
1719463823248,151.95,25
1719463824964,151.4,25
1719463824964,151.4,25
1719463824964,151.4,25
1719463826521,152.35,25
1719463826521,152.35,25
1719463827501,153.15,25
1719463828043,153.15,25
1719463828884,154.0,725
1719463828884,154.0,725
1719463830066,155.25,50
1719463830309,155.55,100
1719463830867,155.45,25
1719463830867,155.45,25
1719463831835,153.6,75
1719463832233,153.95,250
1719463832680,153.45,100
1719463833042,153.7,25
1719463833933,154.65,25
1719463833933,154.65,25
1719463834405,154.9,25
1719463835285,154.3,25
1719463835608,154.4,425
1719463835608,154.4,425
1719463836518,154.2,75
1719463837557,155.0,50
1719463837557,155.0,50
1719463838902,154.6,75
1719463839285,155.0,100
1719463839993,155.5,25
1719463840293,155.0,25
1719463840507,155.3,25
1719463840507,155.3,25
1719463841953,156.4,125
1719463842302,156.55,150
1719463842302,156.55,150
1719463842824,156.55,25
1719463843701,157.25,25
1719463844544,157.75,50
1719463845170,156.65,100
1719463845863,156.4,175
1719463846587,156.95,50
1719463847890,156.6,25
1719463847890,156.6,25
1719463847890,156.6,25
1719463848919,156.55,125
1719463849816,156.9,75
1719463850143,157.0,75
1719463850984,157.25,25
1719463851136,157.3,50
1719463851852,157.3,75
1719463852884,157.35,50
1719463853942,157.15,100
1719463853942,157.15,100
1719463854529,158.0,25
1719463854529,158.0,25
1719463855942,158.05,50
1719463856327,157.55,25
1719463856964,157.8,25
1719463857493,157.55,25
1719463857726,157.1,25
1719463857999,156.65,25
1719463858765,156.95,25
1719463859158,154.3,275
1719463859884,153.7,25
1719463859884,153.7,25
1719463860972,153.95,25
1719463860972,153.95,25
1719463861992,152.55,25
1719463862101,152.6,25
1719463862964,151.75,50
1719463863159,152.15,25
1719463863961,153.0,150
1719463864094,152.85,25
1719463864794,152.7,50
1719463866002,153.85,75
1719463866573,154.35,25
1719463867983,154.8,25
1719463868105,154.9,25
1719463868996,154.8,25
1719463869642,154.75,100
1719463870943,154.25,100
1719463870943,154.25,100
1719463871823,154.2,25
1719463871823,154.2,25
1719463872985,154.05,100
1719463873106,154.3,50
1719463873106,154.3,50
1719463874032,153.55,150
1719463874578,154.45,50
1719463875058,154.95,75
1719463875884,155.45,125
1719463876468,156.0,50
1719463876673,156.0,25
1719463876959,155.4,25
1719463877858,154.2,25
1719463878998,153.4,100
1719463879847,153.65,25
1719463880046,153.6,25
1719463880922,152.6,250
1719463880922,152.6,250
1719463881768,152.75,75
1719463881768,152.75,75
1719463924840,152.9,225
1719463925992,153.6,50
1719463925992,153.6,50
1719463926946,153.65,50
1719463927082,153.5,25
1719463928026,153.35,25
1719463928419,153.8,225
1719463928419,153.8,225
1719463928419,153.8,225
1719463929408,153.85,25
1719463930197,153.0,25
1719463930485,152.35,25
1719463930485,152.35,25
1719463931876,153.25,25
1719463932955,152.65,200
1719463933183,152.75,50
1719463933903,151.4,25
1719463933903,151.4,25
1719463935026,150.55,75
1719463935077,150.8,175
1719463936053,149.0,25
1719463936922,151.6,25
1719463936922,151.6,25
1719463937746,152.5,25
1719463937869,153.0,25
1719463938654,152.2,25
1719463944924,153.5,500
1719463945183,153.3,25
1719463945183,153.3,25
1719463946218,152.25,25
1719463946525,153.0,75
1719463947253,153.1,150
1719463947540,153.15,25
1719463948399,153.45,50
1719463948399,153.45,50
1719463952472,154.3,75
1719463954072,154.5,25
1719463954789,154.1,125
1719463954914,154.85,25
1719463955919,155.15,150
1719463957054,156.2,525
1719463957194,156.1,25
1719463957964,155.55,25
1719463958208,155.7,100
1719463958979,156.0,50
1719463959300,156.0,25
1719463959867,156.15,100
1719463960427,156.6,200
1719463961027,157.0,300
1719463961884,157.25,25
1719463961884,157.25,25
1719463963084,156.9,25
1719463963751,156.9,275
1719463963751,156.9,275
1719463964481,157.05,75
1719463965268,156.0,25
1719463965929,156.0,25
1719463966118,156.3,50
1719463967162,155.1,25
1719463967546,154.75,25
1719463967814,154.6,25
1719463967814,154.6,25
1719463968603,155.0,50
1719463968603,155.0,50
1719463969824,156.05,50
1719463971035,156.4,125
1719463971035,156.4,125
1719463972115,156.55,250
1719463972783,156.45,25
1719463973261,156.55,175
1719463973564,156.85,125
1719463973564,156.85,125
1719463974534,156.3,225
1719463975820,156.55,125
1719463976148,156.0,100
1719463976148,156.0,100
1719463976148,156.0,100
1719463977362,155.75,25
1719463978088,156.0,25
1719463979012,155.05,50
1719463979129,154.35,200
1719463980018,153.45,100
1719463980233,154.0,25
1719463980233,154.0,25
1719463981231,154.3,50
1719463981231,154.3,50
1719463981231,154.3,50
1719463982393,154.25,50
1719463982393,154.25,50
1719463983932,154.6,25
1719463984006,154.8,100
1719463984006,154.8,100
1719463985553,155.15,25
1719463985553,155.15,25
1719463986447,155.1,50
1719463986447,155.1,50
1719463987777,155.85,25
1719463988100,156.0,100
1719463988840,155.7,100
1719463988840,155.7,100
1719463988840,155.7,100
1719463988840,155.7,100
1719463991006,155.2,75
1719463991348,155.15,100
1719463992024,155.8,100
1719463992852,155.7,25
1719463992996,155.5,25
1719463993698,156.7,75
1719463994346,157.25,500
1719463994346,157.25,500
1719463994346,157.25,500
1719463995838,156.5,75
1719463996257,156.1,50
1719463996800,156.05,25
1719463997297,157.2,50
1719463997591,156.7,25
1719463997591,156.7,25
1719463999080,157.3,50
1719463999296,157.9,25
1719464000061,157.7,25
1719464000251,157.45,50
1719464001049,158.5,275
1719464001539,159.25,125
1719464001878,157.65,175
1719464002590,156.75,25
1719464003099,156.65,200
1719464005012,157.9,100
1719464005012,157.9,100
1719464005860,158.7,25
1719464007073,158.2,25
1719464008047,158.0,100
1719464008158,158.15,75
1719464008980,158.1,25
1719464009695,158.05,25
1719464009695,158.05,25
1719464011051,157.8,25
1719464011170,158.05,50
1719464012090,158.85,25
1719464012090,158.85,25
1719464012852,158.8,150
1719464012852,158.8,150
1719464014075,159.0,50
1719464015855,158.1,200
1719464016889,158.55,75
1719464017107,159.4,75
1719464017427,158.05,100
1719464017427,158.05,100
1719464018960,157.4,25
1719464018960,157.4,25
1719464019621,157.8,25
1719464019621,157.8,25
1719464020925,157.05,25
1719464021488,155.3,25
1719464021897,155.9,25
1719464022335,155.5,25
1719464023259,155.2,1000
1719464023259,155.2,1000
1719464023857,155.8,25
1719464024965,156.8,125
1719464025865,156.95,50
1719464025865,156.95,50
1719464027124,157.9,25
1719464027818,158.25,75
1719464027818,158.25,75
1719464027818,158.25,75
1719464030024,157.7,50
1719464030442,157.25,25
1719464031377,157.8,200
1719464031777,157.95,50
1719464031777,157.95,50
1719464033237,158.35,225
1719464033561,158.55,250
1719464034036,158.4,125
1719464034036,158.4,125
1719464035010,159.0,25
1719464035557,158.8,25
1719464035946,159.1,50
1719464036088,159.45,225
1719464037048,159.5,25
1719464037828,159.0,75
1719464039049,159.85,25
1719464039174,160.35,25
1719464040069,160.05,50
1719464040069,160.05,50
1719464040394,160.35,25
1719464040929,160.0,500
1719464040929,160.0,500
1719464042072,160.35,100
1719464042616,160.05,200
1719464043098,160.1,75
1719464043357,160.55,100
1719464043944,160.0,75
1719464044827,162.0,375
1719464044971,161.25,25
1719464045043,161.15,25
1719464046093,160.35,25
1719464047106,161.1,75
1719464047416,161.0,75
1719464048105,160.95,75
1719464048445,161.15,50
1719464048781,161.2,125
1719464049388,161.35,200
1719464049953,161.0,50
1719464050579,162.25,25
1719464051016,161.95,200
1719464051330,162.0,100
1719464051330,162.0,100
1719464052355,162.05,25
1719464052654,161.3,25
1719464053728,162.45,25
1719464053728,162.45,25
1719464055036,161.0,25
1719464055036,161.0,25
1719464055978,159.1,25
1719464055978,159.1,25
1719464056867,158.3,50
1719464057251,157.4,150
1719464057762,158.85,25
1719464057762,158.85,25
1719464059009,159.4,50
1719464060198,160.15,25
1719464061118,160.65,200
1719464061291,161.05,25
1719464061970,161.4,50
1719464061970,161.4,50
1719464063202,162.2,250
1719464064094,162.4,25
1719464064443,163.0,100
1719464074674,162.9,25
1719464075047,163.0,175
1719464075469,162.1,100
1719464076034,163.05,25
1719464076034,163.05,25
1719464076832,162.6,75
1719464077147,162.65,125
1719464078102,162.2,75
1719464078255,162.55,100
1719464078663,162.4,100
1719464079246,162.1,425
1719464080073,163.05,50
1719464080652,162.9,150
1719464080963,162.3,175
1719464081386,162.4,225
1719464081965,163.0,25
1719464082527,163.1,25
1719464082994,162.8,50
1719464083271,163.5,25
1719464084024,164.0,125
1719464088630,164.8,25
1719464089046,164.35,50
1719464089318,164.4,100
1719464089991,164.45,25
1719464090657,163.75,50
1719464091005,163.6,25
1719464091715,163.6,25
1719464091715,163.6,25
1719464093009,161.0,100
1719464094156,160.2,25
1719464094301,159.25,25
1719464095096,159.7,50
1719464095384,159.75,25
1719464096216,160.0,25
1719464096677,159.95,50
1719464097045,159.2,25
1719464097792,160.05,75
1719464098060,159.9,25
1719464098518,160.65,50
1719464098518,160.65,50
1719464099598,161.8,125
1719464099960,161.8,25
1719464099960,161.8,25
1719464100199,161.3,50
1719464101380,161.2,25
1719464102053,160.4,50
1719464102053,160.4,50
1719464102812,160.45,50
1719464120981,158.2,200
1719464121308,158.05,200
1719464122110,159.05,25
1719464122225,159.25,50
1719464122225,159.25,50
1719464123512,159.25,50
1719464124152,160.75,50
1719464124587,160.35,50
1719464125147,160.2,25
1719464125554,159.75,75
1719464125554,159.75,75
1719464126359,159.9,100
1719464127153,160.15,250
1719464127303,159.6,125
1719464127303,159.6,125
1719464127303,159.6,125
1719464127303,159.6,125
1719464129475,159.25,50
1719464129805,159.5,150
1719464129805,159.5,150
1719464130248,159.2,50
1719464130950,159.4,25
1719464168147,161.0,25
1719464168275,160.95,25
1719464168956,160.5,100
1719464169444,160.2,100
1719464170077,159.55,25
1719464170372,159.95,25
1719464171144,159.6,25
1719464171665,159.3,525
1719464171930,159.6,100
1719464172730,159.9,50
1719464173074,159.9,25
1719464173769,159.85,75
1719464173853,160.0,450
1719464174869,159.9,50
1719464175033,159.75,50
1719464176122,160.1,100
1719464177120,161.2,50
1719464177382,160.65,75
1719464178314,160.15,50
1719464178601,159.95,100
1719464178997,160.35,25
1719464179584,160.2,50
1719464180102,159.95,100
1719464180616,159.0,50
1719464181147,158.9,25
1719464181290,158.8,125
1719464182165,158.4,50
1719464182545,158.3,25
1719464183031,158.75,50
1719464183762,157.8,50
1719464205755,159.5,50
1719464206196,159.3,50
1719464206196,159.3,50
1719464207088,159.3,25
1719464207088,159.3,25
1719464208133,158.45,200
1719464208454,158.25,50
1719464209105,158.5,125
1719464209619,158.35,25
1719464210153,157.85,25
1719464210719,157.8,50
1719464211143,157.6,25
1719464211858,158.15,50
1719464211858,158.15,50
1719464213003,158.55,50
1719464213003,158.55,50
1719464213618,158.6,50
1719464214415,158.75,25
1719464215197,158.35,475
1719464215272,158.2,25
1719464216181,158.8,25
1719464216482,158.8,25
1719464217141,157.2,25
1719464218017,156.65,25
1719464218017,156.65,25
1719464219269,154.5,125
1719464220084,154.2,25
1719464220084,154.2,25
1719464220434,153.35,100
1719464221034,154.85,50
1719464221455,154.5,125
1719464222377,154.45,100
1719464222636,154.05,100
1719464223006,154.05,25
1719464223671,153.7,25
1719464224213,152.75,25
1719464224872,154.05,25
1719464225120,153.95,25
1719464225721,153.55,25
1719464226095,152.75,125
1719464226284,152.45,50
1719464227056,152.25,25
1719464228393,151.45,175
1719464228817,150.4,25
1719464229220,151.1,25
1719464229870,150.7,25
1719464230213,150.0,50
1719464231186,149.25,75
1719464232035,148.9,25
1719464233254,151.1,25
1719464234260,150.05,25
1719464235199,150.25,25
1719464235661,150.85,50
1719464236147,150.65,25
1719464236535,149.75,25
1719464237231,150.55,25
1719464237438,150.55,25
1719464238154,150.0,250
1719464238507,149.4,25
1719464239214,150.05,25
1719464239502,150.2,25
1719464240221,149.7,100
1719464240539,150.45,150
1719464241002,150.35,25
1719464241785,150.3,25
1719464242214,150.5,25
1719464243074,150.3,25
1719464243143,150.4,25
1719464244229,149.65,25
1719464244527,148.8,50
1719464245106,149.45,25
1719464245513,149.45,25
1719464246175,149.35,25
1719464246722,147.55,25
1719464247231,146.05,25
1719464247619,146.65,50
1719464248222,143.8,50
1719464249304,141.7,200
1719464250091,142.9,100
1719464250343,144.1,25
1719464250402,143.65,25
1719464251232,141.3,25
1719464251479,142.1,25
1719464252231,143.25,50
1719464252682,142.35,25
1719464253210,142.15,25
1719464253704,140.95,75
1719464254220,139.65,50
1719464254929,140.6,75
1719464255216,141.7,75
1719464256223,141.55,500
1719464256272,141.5,50
1719464257128,141.85,25
1719464257531,141.05,25
1719464258229,140.2,25
1719464258501,140.05,25
1719464260197,141.0,25
1719464260502,141.4,50
1719464261295,141.75,25
1719464261502,141.9,25
1719464262171,141.25,25
1719464262515,141.4,50
1719464263149,141.45,25
1719464263520,140.75,25
1719464264237,141.0,50
1719464264555,141.1,425
1719464265239,140.7,50
1719464265883,140.55,250
1719464266224,140.15,50
1719464266958,141.2,25
1719464267175,141.1,50
1719464267957,140.75,25
1719464268134,140.65,25
1719464268953,140.55,25
1719464269243,140.6,150
1719464269473,140.65,50
1719464270149,140.25,25
1719464270302,140.4,25
1719464271161,140.25,25
1719464271316,140.25,25
1719464272241,142.0,50
1719464272482,142.1,125
1719464273264,141.15,25
1719464273685,141.65,25
1719464274243,142.3,100
1719464274794,141.95,75
1719464275111,142.3,75
1719464275111,142.3,75
1719464291221,141.8,75
1719464291977,139.9,75
1719464292255,137.65,75
1719464293150,137.8,25
1719464293150,137.8,25
1719464294221,138.65,50
1719464294591,138.15,25
1719464295117,137.7,25
1719464295790,138.8,100
1719464296205,138.75,25
1719464296697,139.4,25
1719464297374,139.35,25
1719464297756,138.9,25
1719464298202,138.95,175
1719464298717,139.3,25
1719464299224,138.1,25
1719464299536,137.7,100
1719464300255,139.15,25
1719464300255,139.15,25
1719464301227,139.35,25
1719464301720,139.65,25
1719464302207,139.35,25
1719464302605,139.7,650
1719464303178,139.15,100
1719464303797,138.85,25
1719464303797,138.85,25
1719464304647,138.85,25
1719464305145,139.15,25
1719464305984,139.2,50
1719464306221,139.9,175
1719464306955,140.2,75
1719464307208,139.1,25
1719464308114,138.3,125
1719464308114,138.3,125
1719464309225,138.15,25
1719464309225,138.15,25
1719464309979,137.65,50
1719464310200,137.2,25
1719464310669,135.15,25
1719464311259,136.0,25
1719464311816,136.55,150
1719464312217,136.45,25
1719464313016,135.85,200
1719464313175,136.3,25
1719464313740,135.6,25
1719464314284,134.3,25
1719464315013,134.85,25
1719464315179,135.25,100
1719464316013,134.8,75
1719464316269,134.95,400
1719464317016,133.65,25
1719464317278,134.1,25
1719464318016,134.1,25
1719464318214,134.85,75
1719464318539,134.95,75
1719464319233,134.9,25
1719464319802,134.3,75
1719464320214,134.3,75
1719464320711,134.4,75
1719464321283,134.55,50
1719464321801,134.15,50
1719464322100,134.15,25
1719464322741,134.15,25
1719464323286,133.75,25
1719464324019,133.3,225
1719464324259,133.95,100
1719464325027,133.85,50
1719464325269,134.35,50
1719464325422,134.8,50
1719464326193,134.65,25
1719464326388,134.65,50
1719464327250,135.7,25
1719464327740,136.6,100
1719464328292,137.25,150
1719464328318,137.2,50
1719464329445,139.0,50
1719464329579,139.05,50
1719464330289,138.45,25
1719464330730,137.55,75
1719464331154,137.05,50
1719464367076,136.25,150
1719464367815,136.75,25
1719464368203,136.45,175
1719464368908,136.5,25
1719464369165,136.25,25
1719464369971,136.9,150
1719464370312,137.0,175
1719464370992,136.05,25
1719464371365,136.05,50
1719464371606,136.0,325
1719464372150,136.55,25
1719464372651,136.5,25
1719464373194,135.95,250
1719464373855,136.0,25
1719464377886,136.25,25
1719464378357,135.75,50
1719464379173,137.0,250
1719464379635,136.55,75
1719464380187,137.35,150
1719464380541,136.6,25
1719464381215,136.1,250
1719464381546,136.25,25
1719464382311,136.5,100
1719464382994,136.3,25
1719464383224,136.3,25
1719464384079,137.8,25
1719464384271,137.3,25
1719464384708,137.1,25
1719464385293,137.25,175
1719464386213,138.05,50
1719464386434,137.8,25
1719464387020,137.85,25
1719464387020,137.85,25
1719464388332,137.4,100
1719464388871,137.0,25
1719464389323,136.9,25
1719464389433,136.8,25
1719464390002,137.4,25
1719464390675,137.05,25
1719464391312,136.05,25
1719464391496,136.0,75
1719464392318,136.75,50
1719464392518,136.7,75
1719464393303,136.9,25
1719464393525,136.6,1575
1719464394054,135.4,75
1719464394451,135.55,250
1719464395179,136.9,100
1719464395499,136.9,50
1719464396318,136.85,225
1719464396433,136.45,25
1719464398207,135.1,925
1719464398518,135.2,125
1719464399188,135.3,50
1719464399711,135.9,125
1719464400050,135.35,50
1719464400404,135.3,25
1719464400586,136.05,75
1719464401306,137.0,50
1719464401708,137.05,25
1719464402303,137.75,25
1719464402691,137.6,25
1719464403172,137.5,25
1719464403753,136.65,25
1719464404027,136.95,50
1719464404714,136.65,25
1719464405101,136.6,50
