time,price,volume
1719461501866,305.2,50
1719461501866,305.2,50
1719461501866,305.2,50
1719461506273,306.6,25
1719461507153,306.45,25
1719461507153,306.45,25
1719461508142,307.85,50
1719461508142,307.85,50
1719461509528,307.0,25
1719461510268,306.8,100
1719461510268,306.8,100
1719461512738,307.05,25
1719461512857,306.95,25
1719461513576,306.85,25
1719461513576,306.85,25
1719461513576,306.85,25
1719461515663,308.6,25
1719461515848,310.85,450
1719461516327,311.0,100
1719461516327,311.0,100
1719461517914,307.9,25
1719461517914,307.9,25
1719461518575,307.4,50
1719461519171,306.4,25
1719461519537,306.2,25
1719461520166,307.9,400
1719461520166,307.9,400
1719461521148,307.7,25
1719461521691,307.35,25
1719461521767,306.9,50
1719461521767,306.9,50
1719461523141,306.25,25
1719461523923,305.0,50
1719461524243,302.0,25
1719461524770,303.25,150
1719461525871,303.6,25
1719461525871,303.6,25
1719461526676,301.8,50
1719461527120,302.85,200
1719461527517,300.0,25
1719461527517,300.0,25
1719461527517,300.0,25
1719461527517,300.0,25
1719461531803,301.1,25
1719461532444,302.4,25
1719461532444,302.4,25
1719461533912,302.45,25
1719461534757,302.3,25
1719461534757,302.3,25
1719461535482,301.95,25
1719461535482,301.95,25
1719461537120,301.55,25
1719461537120,301.55,25
1719461537767,301.85,50
1719461537767,301.85,50
1719461537767,301.85,50
1719461539992,301.25,75
1719461540592,299.5,25
1719461540592,299.5,25
1719461541913,300.45,250
1719461543136,298.6,25
1719461544142,298.2,25
1719461544547,297.55,25
1719461545718,296.1,25
1719461546181,295.0,125
1719461546181,295.0,125
1719461547958,298.2,25
1719461547958,298.2,25
1719461548672,299.4,25
1719461548672,299.4,25
1719461550081,298.95,25
1719461550081,298.95,25
1719461551026,298.8,50
1719461551026,298.8,50
1719461552108,299.1,350
1719461552273,298.6,100
1719461552273,298.6,100
1719461552273,298.6,100
1719461554006,298.1,25
1719461554553,299.2,25
1719461555183,300.0,75
1719461555183,300.0,75
1719461555183,300.0,75
1719461556752,299.35,25
1719461556752,299.35,25
1719461557472,300.0,125
1719461557472,300.0,125
1719461557472,300.0,125
1719461557472,300.0,125
1719461561745,298.95,100
1719461561745,298.95,100
1719461561745,298.95,100
1719461563716,297.1,25
1719461563716,297.1,25
1719461565541,295.1,200
1719461565541,295.1,200
1719461566892,296.55,25
1719461567085,295.95,25
1719461567085,295.95,25
1719461567085,295.95,25
1719461568708,296.25,25
1719461568708,296.25,25
1719461568708,296.25,25
1719461571417,298.8,125
1719461572364,297.85,100
1719461573487,297.4,25
1719461573487,297.4,25
1719461573487,297.4,25
1719461576599,298.9,25
1719461577410,300.0,250
1719461577410,300.0,250
1719461577933,300.0,175
1719461578019,300.4,25
1719461579003,300.35,25
1719461579003,300.35,25
1719461579003,300.35,25
1719461581040,299.0,125
1719461581040,299.0,125
1719461581040,299.0,125
1719461581040,299.0,125
1719461583280,301.0,25
1719461584232,300.3,25
1719461584232,300.3,25
1719461584232,300.3,25
1719461584232,300.3,25
1719461588217,296.5,25
1719461588217,296.5,25
1719461588217,296.5,25
1719461588217,296.5,25
1719461590925,296.5,25
1719461590925,296.5,25
1719461590925,296.5,25
1719461592814,295.95,25
1719461592814,295.95,25
1719461592814,295.95,25
1719461596111,299.75,25
1719461596111,299.75,25
1719461596751,299.4,450
1719461596751,299.4,450
1719461597986,299.9,25
1719461597986,299.9,25
1719461600110,300.15,50
1719461600110,300.15,50
1719461600756,300.1,25
1719461600756,300.1,25
1719461601530,300.7,25
1719461601530,300.7,25
1719461601530,300.7,25
1719461601530,300.7,25
1719461605585,299.2,25
1719461606144,300.15,25
1719461606750,299.75,25
1719461606750,299.75,25
1719461606750,299.75,25
1719461608487,296.65,25
1719461608487,296.65,25
1719461608487,296.65,25
1719461608487,296.65,25
1719461608487,296.65,25
1719461608487,296.65,25
1719461608487,296.65,25
1719461614696,298.35,25
1719461614696,298.35,25
1719461616843,297.55,25
1719461617093,298.2,225
1719461617093,298.2,225
1719461617093,298.2,225
1719461617093,298.2,225
1719461621388,300.55,25
1719461621388,300.55,25
1719461622610,299.75,25
1719461622610,299.75,25
1719461623736,300.85,25
1719461624404,301.85,50
1719461624515,303.15,25
1719461624680,302.9,50
1719461625732,304.25,150
1719461626557,302.8,25
1719461626557,302.8,25
1719461628064,305.0,25
1719461628064,305.0,25
1719461629087,304.25,25
1719461629635,303.65,25
1719461629635,303.65,25
1719461629635,303.65,25
1719461630904,304.2,200
1719461631620,302.55,150
1719461632827,304.2,25
1719461632827,304.2,25
1719461634194,304.7,25
1719461634194,304.7,25
1719461634194,304.7,25
1719461634194,304.7,25
1719461636716,303.45,125
1719461636716,303.45,125
1719461636716,303.45,125
1719461636716,303.45,125
1719461636716,303.45,125
1719461636716,303.45,125
1719461641755,301.65,25
1719461642518,302.3,25
1719461642732,302.7,75
1719461642732,302.7,75
1719461642732,302.7,75
1719461643794,302.55,175
1719461644404,303.4,25
1719461644404,303.4,25
1719461644404,303.4,25
1719461644404,303.4,25
1719461644404,303.4,25
1719461647807,301.8,475
1719461647807,301.8,475
1719461647807,301.8,475
1719461650465,302.5,50
1719461650465,302.5,50
1719461652427,303.15,150
1719461653133,304.8,500
1719461653611,305.7,75
1719461654354,306.75,25
1719461654489,306.25,50
1719461655421,305.25,25
1719461655819,305.4,25
1719461656134,304.95,225
1719461656134,304.95,225
1719461657684,305.65,125
1719461657684,305.65,125
1719461658918,303.15,350
1719461658918,303.15,350
1719461659833,303.15,425
1719461659833,303.15,425
1719461661238,301.75,50
1719461661238,301.75,50
1719461662770,300.25,50
1719461662886,299.4,50
1719461663927,300.75,75
1719461664180,300.15,25
1719461664180,300.15,25
1719461665387,300.4,150
1719461665387,300.4,150
1719461665387,300.4,150
1719461665387,300.4,150
1719461665387,300.4,150
1719461665387,300.4,150
1719461665387,300.4,150
1719461665387,300.4,150
1719461665387,300.4,150
1719461665387,300.4,150
1719461673691,302.05,100
1719461674164,301.3,25
1719461674164,301.3,25
1719461674164,301.3,25
1719461674164,301.3,25
1719461674164,301.3,25
1719461674164,301.3,25
1719461679877,300.25,25
1719461679877,300.25,25
1719461679877,300.25,25
1719461682104,303.6,50
1719461682104,303.6,50
1719461682104,303.6,50
1719461682104,303.6,50
1719461682104,303.6,50
1719461682104,303.6,50
1719461682104,303.6,50
1719461689553,303.3,25
1719461689553,303.3,25
1719461689553,303.3,25
1719461690995,305.0,25
1719461690995,305.0,25
1719461692647,304.5,25
1719461692647,304.5,25
1719461692647,304.5,25
1719461692647,304.5,25
1719461694941,304.55,75
1719461695238,304.7,25
1719461695238,304.7,25
1719461695238,304.7,25
1719461696844,303.9,50
1719461696844,303.9,50
1719461698178,303.6,75
1719461699008,301.3,25
1719461699315,300.6,450
1719461699315,300.6,450
1719461699315,300.6,450
1719461701249,304.1,50
1719461701410,305.45,25
1719461701410,305.45,25
1719461701410,305.45,25
1719461702413,307.05,75
1719461702801,306.0,25
1719461702801,306.0,25
1719461704181,305.85,25
1719461704181,305.85,25
1719461705290,303.6,25
1719461705290,303.6,25
1719461706475,301.15,25
1719461706475,301.15,25
1719461707811,298.95,25
1719461707811,298.95,25
1719461708966,301.05,25
1719461709142,300.75,25
1719461709142,300.75,25
1719461709142,300.75,25
1719461711061,304.6,75
1719461711061,304.6,75
1719461711061,304.6,75
1719461711061,304.6,75
1719461713719,301.95,25
1719461713719,301.95,25
1719461715028,301.15,25
1719461715028,301.15,25
1719461715609,301.85,25
1719461716353,302.0,25
1719461716923,301.6,25
1719461716923,301.6,25
1719461717890,301.85,25
1719461717890,301.85,25
1719461719641,303.0,25
1719461719641,303.0,25
1719461719641,303.0,25
1719461722165,304.6,25
1719461722165,304.6,25
1719461724443,305.0,25
1719461724443,305.0,25
1719461724998,305.95,25
1719461724998,305.95,25
1719461726620,305.3,25
1719461726620,305.3,25
1719461726620,305.3,25
1719461728122,304.4,350
1719461728981,304.4,25
1719461728981,304.4,25
1719461729766,305.35,25
1719461730482,305.35,25
1719461730482,305.35,25
1719461730482,305.35,25
1719461731748,307.0,25
1719461731748,307.0,25
1719461732446,309.8,25
1719461732446,309.8,25
1719461734213,313.8,50
1719461734962,314.85,25
1719461735998,317.4,25
1719461736338,317.25,25
1719461736751,316.7,50
1719461738036,313.2,175
1719461738036,313.2,175
1719461738791,312.95,50
1719461739809,312.3,25
1719461739809,312.3,25
1719461741231,310.05,200
1719461741231,310.05,200
1719461742199,310.75,50
1719461742199,310.75,50
1719461742199,310.75,50
1719461744515,311.35,75
1719461744515,311.35,75
1719461744515,311.35,75
1719461746738,311.65,50
1719461747434,314.1,25
1719461747434,314.1,25
1719461747434,314.1,25
1719461747434,314.1,25
1719461751235,315.05,50
1719461751350,315.6,50
1719461751350,315.6,50
1719461751350,315.6,50
1719461754152,315.55,50
1719461754152,315.55,50
1719461755072,315.4,25
1719461755715,315.05,50
1719461756039,316.05,25
1719461756039,316.05,25
1719461757575,314.4,25
1719461758591,314.7,50
1719461759237,314.75,25
1719461759237,314.75,25
1719461760751,315.0,25
1719461760751,315.0,25
1719461761525,315.6,75
1719461761525,315.6,75
1719461762339,316.5,50
1719461762339,316.5,50
1719461768277,314.3,50
1719461768277,314.3,50
1719461770664,316.1,50
1719461770664,316.1,50
1719461771055,316.35,50
1719461771743,315.5,25
1719461772445,313.15,25
1719461773131,313.8,150
1719461773131,313.8,150
1719461774777,313.3,25
1719461774777,313.3,25
1719461776100,313.8,25
1719461776426,313.15,25
1719461776426,313.15,25
1719461777385,313.6,50
1719461778264,313.5,25
1719461778451,313.8,25
1719461792494,319.65,75
1719461792494,319.65,75
1719461794568,318.5,25
1719461794568,318.5,25
1719461794568,318.5,25
1719461796837,318.85,25
1719461797389,318.9,50
1719461797389,318.9,50
1719461797837,319.45,175
1719461797837,319.45,175
1719461799475,320.2,25
1719461800067,319.65,25
1719461800067,319.65,25
1719461801012,319.8,50
1719461801986,319.65,25
1719461802473,320.1,25
1719461802870,320.3,25
1719461803813,321.45,50
1719461804054,320.45,25
1719461804956,320.05,50
1719461805017,319.7,25
1719461805252,318.95,25
1719461805252,318.95,25
1719461806943,320.45,25
1719461807533,319.4,75
1719461807533,319.4,75
1719461807533,319.4,75
1719461809132,320.2,75
1719461809132,320.2,75
1719461810805,320.1,25
1719461810805,320.1,25
1719461811542,320.5,25
1719461811585,319.7,100
1719461811585,319.7,100
1719461816994,316.35,25
1719461817916,316.05,25
1719461817916,316.05,25
1719461861492,312.5,50
1719461861492,312.5,50
1719461862717,313.05,25
1719461862717,313.05,25
1719461864085,313.4,25
1719461864085,313.4,25
1719461864085,313.4,25
1719461871886,312.0,75
1719461871886,312.0,75
1719461874910,310.0,25
1719461875022,309.45,200
1719461875480,309.9,25
1719461875480,309.9,25
1719461875480,309.9,25
1719461878241,310.0,25
1719461878241,310.0,25
1719461879338,310.35,25
1719461879338,310.35,25
1719461880483,309.6,25
1719461880483,309.6,25
1719461880483,309.6,25
1719461881855,309.0,25
1719461882394,308.0,225
1719461882485,308.45,25
1719461882877,309.55,150
1719461884081,310.25,25
1719461884081,310.25,25
1719461884081,310.25,25
1719461885374,310.25,50
1719461885374,310.25,50
1719461885374,310.25,50
1719461885374,310.25,50
1719461888930,310.95,25
1719461889684,310.85,25
1719461890075,310.25,25
1719461890075,310.25,25
1719461890075,310.25,25
1719461891470,309.45,25
1719461892380,308.8,25
1719461892380,308.8,25
1719461892952,307.65,50
1719461893437,308.85,25
1719461893437,308.85,25
1719461893437,308.85,25
1719461895417,308.8,25
1719461895417,308.8,25
1719461896434,308.3,25
1719461896434,308.3,25
1719461897469,308.65,25
1719461898117,309.15,25
1719461898899,308.2,25
1719461898899,308.2,25
1719461899562,308.95,25
1719461900919,309.05,25
1719461900919,309.05,25
1719461900919,309.05,25
1719461903065,310.8,50
1719461903065,310.8,50
1719461903065,310.8,50
1719461903065,310.8,50
1719461905862,310.0,25
1719461906317,309.45,25
1719461906502,308.45,25
1719461906935,308.2,25
1719461906935,308.2,25
1719461908634,309.05,25
1719461908634,309.05,25
1719461909492,309.1,25
1719461910080,309.2,25
1719461910966,307.0,250
1719461910966,307.0,250
1719461911309,306.0,500
1719461911309,306.0,500
1719461911309,306.0,500
1719461913895,307.0,50
1719461913895,307.0,50
1719461914458,306.3,25
1719461914458,306.3,25
1719461915233,306.05,25
1719461915233,306.05,25
1719461916349,306.1,25
1719461916965,305.0,25
1719461916965,305.0,25
1719461918014,306.55,25
1719461918014,306.55,25
1719461918014,306.55,25
1719461920144,306.9,25
1719461920610,307.5,25
1719461920610,307.5,25
1719461920610,307.5,25
1719461921887,309.1,25
1719461922676,309.0,25
1719461922676,309.0,25
1719461922676,309.0,25
1719461924964,309.1,25
1719461924964,309.1,25
1719461924964,309.1,25
1719461926498,311.0,25
1719461926498,311.0,25
1719461928002,310.1,25
1719461928349,310.4,25
1719461928349,310.4,25
1719461928960,310.0,25
1719461928960,310.0,25
1719461930112,310.2,25
1719461930112,310.2,25
1719461931292,311.3,25
1719461931292,311.3,25
1719461932854,310.3,25
1719461933126,310.0,25
1719461933126,310.0,25
1719461933940,309.35,25
1719461933940,309.35,25
1719461933940,309.35,25
1719461935898,310.4,25
1719461936032,310.25,25
1719461936032,310.25,25
1719461936980,308.55,25
1719461937883,309.65,25
1719461937883,309.65,25
1719461939207,309.4,25
1719461939805,310.55,25
1719461939805,310.55,25
1719461939805,310.55,25
1719461941885,310.1,25
1719461942170,310.0,25
1719461942819,309.85,25
1719461942819,309.85,25
1719461942819,309.85,25
1719461942819,309.85,25
1719461942819,309.85,25
1719461946862,311.6,25
1719461946862,311.6,25
1719461946862,311.6,25
1719461946862,311.6,25
1719461946862,311.6,25
1719461946862,311.6,25
1719461946862,311.6,25
1719461953293,312.9,100
1719461953919,314.3,75
1719461953919,314.3,75
1719461955127,312.85,25
1719461955127,312.85,25
1719461955127,312.85,25
1719461957890,314.3,225
1719461958567,315.6,25
1719461958567,315.6,25
1719461959890,316.55,25
1719461959890,316.55,25
1719461961369,320.5,25
1719461961969,319.95,50
1719461962736,320.35,100
1719461962736,320.35,100
1719461962736,320.35,100
1719461966084,320.05,25
1719461966084,320.05,25
1719461967113,319.95,25
1719461967431,320.15,25
1719461967431,320.15,25
1719461967431,320.15,25
1719461969628,320.2,25
1719461969665,319.9,25
1719461969665,319.9,25
1719461971482,320.8,25
1719461971482,320.8,25
1719461971482,320.8,25
1719461972059,321.3,500
1719461972777,320.7,25
1719461972777,320.7,25
1719461972777,320.7,25
1719461975141,319.85,75
1719461975321,319.95,100
1719461977021,319.5,25
1719461977316,319.0,25
1719461977316,319.0,25
1719461977316,319.0,25
1719461979601,318.4,25
1719461979601,318.4,25
1719461980986,318.7,25
1719461981986,319.0,175
1719461981986,319.0,175
1719461983433,321.95,50
1719461984242,323.05,25
1719461984772,323.2,25
1719461984772,323.2,25
1719461984772,323.2,25
1719461987438,322.6,25
1719461987983,322.2,25
1719461989038,322.15,75
1719461989038,322.15,75
1719461989038,322.15,75
1719461991091,321.1,25
1719461991091,321.1,25
1719461991091,321.1,25
1719461994032,322.25,25
1719461995023,322.8,75
1719461995023,322.8,75
1719461995806,322.8,425
1719461995931,323.25,75
1719461996791,320.0,50
1719461996791,320.0,50
1719461996791,320.0,50
1719461999773,320.7,375
1719461999773,320.7,375
1719462000664,321.1,50
1719462000664,321.1,50
1719462000664,321.1,50
1719462001744,322.0,25
1719462002213,322.65,25
1719462003171,322.2,25
1719462003768,321.55,175
1719462003974,322.4,50
1719462005311,322.9,25
1719462005573,322.95,25
1719462007048,325.8,150
1719462007226,324.75,25
1719462008099,325.6,25
1719462008493,326.4,25
1719462008818,326.1,25
1719462010280,325.8,25
1719462010799,325.45,150
1719462012097,323.05,100
1719462012190,323.25,25
1719462013183,323.55,25
1719462013183,323.55,25
1719462014098,324.5,25
1719462014790,324.0,125
1719462015025,323.85,25
1719462016291,324.9,25
1719462016291,324.9,25
1719462017107,324.3,50
1719462017678,324.45,75
1719462017839,325.0,125
1719462019080,324.9,25
1719462019080,324.9,25
1719462019964,324.8,125
1719462019964,324.8,125
1719462021354,325.15,200
1719462021354,325.15,200
1719462022380,321.55,75
1719462022764,322.0,25
1719462023386,321.4,25
1719462023999,321.7,25
1719462024619,320.0,175
1719462025013,319.85,25
1719462025493,320.9,25
1719462025493,320.9,25
1719462026552,321.25,25
1719462026552,321.25,25
1719462027835,319.9,25
1719462028365,319.85,25
1719462029012,321.1,25
1719462029012,321.1,25
1719462029012,321.1,25
1719462031657,322.0,50
1719462032066,322.4,25
1719462032066,322.4,25
1719462032529,322.6,50
1719462032529,322.6,50
1719462032529,322.6,50
1719462035173,321.1,75
1719462036681,322.45,300
1719462036870,322.45,175
1719462037032,322.0,50
1719462038049,321.05,50
1719462038049,321.05,50
1719462038755,321.55,25
1719462040192,322.0,100
1719462040540,322.4,25
1719462040540,322.4,25
1719462040540,322.4,25
1719462042139,320.3,25
1719462042682,320.5,25
1719462043997,320.0,25
1719462044576,319.9,25
1719462044576,319.9,25
1719462044576,319.9,25
1719462047237,320.35,25
1719462048302,321.25,25
1719462048302,321.25,25
1719462048302,321.25,25
1719462049579,321.5,225
1719462050201,322.0,250
1719462050201,322.0,250
1719462050201,322.0,250
1719462050201,322.0,250
1719462053706,324.3,25
1719462053706,324.3,25
1719462053706,324.3,25
1719462056215,322.3,25
1719462056597,321.55,25
1719462057444,321.35,25
1719462059009,319.9,25
1719462059907,320.7,25
1719462060013,320.95,25
1719462060013,320.95,25
1719462061466,322.15,25
1719462062607,322.5,25
1719462062607,322.5,25
1719462063746,321.2,50
1719462063746,321.2,50
1719462065135,320.05,75
1719462065578,320.0,25
1719462065578,320.0,25
1719462066631,320.15,25
1719462066631,320.15,25
1719462067822,319.8,25
1719462067822,319.8,25
1719462067822,319.8,25
1719462067822,319.8,25
1719462067822,319.8,25
1719462073002,319.65,100
1719462073002,319.65,100
1719462074215,320.3,25
1719462074215,320.3,25
1719462074215,320.3,25
1719462076891,319.65,300
1719462076891,319.65,300
1719462076891,319.65,300
1719462076891,319.65,300
1719462080367,320.3,25
1719462080367,320.3,25
1719462080642,319.85,25
1719462080642,319.85,25
1719462082755,317.1,75
1719462082755,317.1,75
1719462082755,317.1,75
1719462082755,317.1,75
1719462082755,317.1,75
1719462088719,318.55,25
1719462088719,318.55,25
1719462088719,318.55,25
1719462088719,318.55,25
1719462091662,317.65,25
1719462091662,317.65,25
1719462091837,317.85,25
1719462091837,317.85,25
1719462093665,316.55,25
1719462094168,315.9,25
1719462094168,315.9,25
1719462094168,315.9,25
1719462095895,317.45,25
1719462096139,317.35,25
1719462096139,317.35,25
1719462097205,316.1,50
1719462097205,316.1,50
1719462099111,316.8,25
1719462099111,316.8,25
1719462099111,316.8,25
1719462101890,317.1,25
1719462102589,317.0,75
1719462103722,317.1,25
1719462103722,317.1,25
1719462103722,317.1,25
1719462105706,316.35,200
1719462106372,316.6,25
1719462106372,316.6,25
1719462106372,316.6,25
1719462106372,316.6,25
1719462110517,320.0,25
1719462110517,320.0,25
1719462110517,320.0,25
1719462113180,321.5,25
1719462113180,321.5,25
1719462113180,321.5,25
1719462113180,321.5,25
1719462113180,321.5,25
1719462113180,321.5,25
1719462119327,316.6,25
1719462119327,316.6,25
1719462119878,316.95,25
1719462119878,316.95,25
1719462122085,315.0,75
1719462122085,315.0,75
1719462122085,315.0,75
1719462124583,314.85,25
1719462124583,314.85,25
1719462124583,314.85,25
1719462127422,315.75,50
1719462127422,315.75,50
1719462127422,315.75,50
1719462129374,315.3,25
1719462129374,315.3,25
1719462131039,313.75,100
1719462131039,313.75,100
1719462131807,314.85,25
1719462131807,314.85,25
1719462131807,314.85,25
1719462131807,314.85,25
1719462131807,314.85,25
1719462131807,314.85,25
1719462138234,315.05,25
1719462138872,313.75,25
1719462138872,313.75,25
1719462138872,313.75,25
1719462140195,313.8,25
1719462140752,313.65,25
1719462141481,314.0,25
1719462141481,314.0,25
1719462143286,312.6,25
1719462144606,312.45,25
1719462144606,312.45,25
1719462145081,312.0,25
1719462145639,313.1,50
1719462145639,313.1,50
1719462146851,314.05,25
1719462147411,315.0,175
1719462148340,315.65,25
1719462148340,315.65,25
1719462149977,315.9,25
1719462149977,315.9,25
1719462149977,315.9,25
1719462149977,315.9,25
1719462152314,313.95,25
1719462152454,314.25,25
1719462152914,314.4,100
1719462152914,314.4,100
1719462152914,314.4,100
1719462155899,316.0,25
1719462155899,316.0,25
1719462155899,316.0,25
1719462157980,314.5,25
1719462157980,314.5,25
1719462157980,314.5,25
1719462157980,314.5,25
1719462157980,314.5,25
1719462162560,313.75,25
1719462162560,313.75,25
1719462162560,313.75,25
1719462164645,312.55,50
1719462164802,312.0,100
1719462164802,312.0,100
1719462165926,312.7,25
1719462165926,312.7,25
1719462166920,312.9,25
1719462166920,312.9,25
1719462167831,311.9,25
1719462167831,311.9,25
1719462169751,309.0,25
1719462169751,309.0,25
1719462170821,310.65,25
1719462171718,311.2,25
1719462171718,311.2,25
1719462172248,311.25,25
1719462172248,311.25,25
1719462173361,312.55,25
1719462173361,312.55,25
1719462173361,312.55,25
1719462173361,312.55,25
1719462173361,312.55,25
1719462177656,311.9,25
1719462177656,311.9,25
1719462178126,311.05,25
1719462178762,310.0,25
1719462178762,310.0,25
1719462178762,310.0,25
1719462180467,311.2,150
1719462180467,311.2,150
1719462180467,311.2,150
1719462183019,310.45,25
1719462183019,310.45,25
1719462184687,310.2,25
1719462184687,310.2,25
1719462184687,310.2,25
1719462186575,310.45,50
1719462187003,308.7,50
1719462187003,308.7,50
1719462187003,308.7,50
1719462190317,309.15,25
1719462190317,309.15,25
1719462190317,309.15,25
1719462190317,309.15,25
1719462190317,309.15,25
1719462190317,309.15,25
1719462190317,309.15,25
1719462198034,310.55,25
1719462198034,310.55,25
1719462198034,310.55,25
1719462198034,310.55,25
1719462201486,311.4,125
1719462201486,311.4,125
1719462202532,312.9,325
1719462202532,312.9,325
1719462204407,314.35,25
1719462204407,314.35,25
1719462204407,314.35,25
1719462204407,314.35,25
1719462206598,315.4,25
1719462206598,315.4,25
1719462206942,315.05,25
1719462206942,315.05,25
1719462208401,313.75,25
1719462208634,313.0,25
1719462208634,313.0,25
1719462209842,313.2,125
1719462209842,313.2,125
1719462209842,313.2,125
1719462209842,313.2,125
1719462214006,312.95,50
1719462214006,312.95,50
1719462215448,311.8,75
1719462215767,311.7,25
1719462215767,311.7,25
1719462217037,312.05,125
1719462217037,312.05,125
1719462218030,312.35,25
1719462218030,312.35,25
1719462218030,312.35,25
1719462221471,312.35,25
1719462221471,312.35,25
1719462222165,311.55,75
1719462222517,312.25,50
1719462222517,312.25,50
1719462223794,312.55,25
1719462223794,312.55,25
1719462223794,312.55,25
1719462223794,312.55,25
1719462223794,312.55,25
1719462228041,312.5,25
1719462228041,312.5,25
1719462228041,312.5,25
1719462231258,310.75,25
1719462231258,310.75,25
1719462233476,310.6,75
1719462233476,310.6,75
1719462234912,311.55,25
1719462234912,311.55,25
1719462236223,310.75,25
1719462236644,310.3,75
1719462236644,310.3,75
1719462236644,310.3,75
1719462237800,310.0,100
1719462237800,310.0,100
1719462239426,311.05,25
1719462239426,311.05,25
1719462240219,311.55,125
1719462240219,311.55,125
1719462240219,311.55,125
1719462240219,311.55,125
1719462242156,311.8,25
1719462242156,311.8,25
1719462242156,311.8,25
1719462242156,311.8,25
1719462242156,311.8,25
1719462245581,313.65,25
1719462245581,313.65,25
1719462246712,315.0,75
1719462246932,315.9,25
1719462246932,315.9,25
1719462248225,315.2,25
1719462248225,315.2,25
1719462248225,315.2,25
1719462251035,313.65,175
1719462251543,314.15,25
1719462251543,314.15,25
1719462252350,314.3,25
1719462253044,312.45,100
1719462253044,312.45,100
1719462253044,312.45,100
1719462253044,312.45,100
1719462253044,312.45,100
1719462253044,312.45,100
1719462253044,312.45,100
1719462253044,312.45,100
1719462253044,312.45,100
1719462261293,313.6,25
1719462261293,313.6,25
1719462261293,313.6,25
1719462263975,314.8,125
1719462264167,315.2,125
1719462264167,315.2,125
1719462264167,315.2,125
1719462264167,315.2,125
1719462264167,315.2,125
1719462264167,315.2,125
1719462270307,315.15,25
1719462270307,315.15,25
1719462270307,315.15,25
1719462270307,315.15,25
1719462271983,315.35,25
1719462271983,315.35,25
1719462273587,314.55,200
1719462273587,314.55,200
1719462274981,314.85,25
1719462274981,314.85,25
1719462276689,315.35,25
1719462277365,316.45,125
1719462277500,318.05,75
1719462277500,318.05,75
1719462279460,318.45,50
1719462279460,318.45,50
1719462279460,318.45,50
1719462279460,318.45,50
1719462279460,318.45,50
1719462284191,317.95,25
1719462284360,318.25,25
1719462285032,316.85,350
1719462285032,316.85,350
1719462286187,317.15,25
1719462286187,317.15,25
1719462287350,317.7,25
1719462287350,317.7,25
1719462287350,317.7,25
1719462289856,320.0,25
1719462289856,320.0,25
1719462290775,320.6,400
1719462291831,321.5,75
1719462292096,321.95,175
1719462292096,321.95,175
1719462292096,321.95,175
1719462292096,321.95,175
1719462296484,319.05,25
1719462296484,319.05,25
1719462296484,319.05,25
1719462298326,319.05,250
1719462299122,320.55,25
1719462299122,320.55,25
1719462300566,321.3,25
1719462300940,320.0,50
1719462300940,320.0,50
1719462303534,319.55,25
1719462303534,319.55,25
1719462304424,319.65,25
1719462305069,320.2,25
1719462305069,320.2,25
1719462305069,320.2,25
1719462305069,320.2,25
1719462308210,320.9,25
1719462308749,320.4,25
1719462308749,320.4,25
1719462309466,320.0,50
1719462309858,319.0,100
1719462310450,320.05,25
1719462310450,320.05,25
1719462310450,320.05,25
1719462312171,323.85,25
1719462312171,323.85,25
1719462313231,325.75,50
1719462328016,323.9,25
1719462328399,325.7,25
1719462328399,325.7,25
1719462330439,325.55,75
1719462330439,325.55,75
1719462332540,325.0,100
1719462333104,323.6,25
1719462333104,323.6,25
1719462333623,324.5,25
1719462333623,324.5,25
1719462335675,324.3,225
1719462335675,324.3,225
1719462337300,325.0,25
1719462337300,325.0,25
1719462338140,322.9,175
1719462338140,322.9,175
1719462338140,322.9,175
1719462339962,324.7,100
1719462339962,324.7,100
1719462341126,323.55,50
1719462341126,323.55,50
1719462347633,323.6,25
1719462347633,323.6,25
1719462347633,323.6,25
1719462351992,323.9,50
1719462351992,323.9,50
1719462352745,322.75,1050
1719462352745,322.75,1050
1719462354101,322.0,25
1719462354101,322.0,25
1719462355053,322.8,100
1719462355053,322.8,100
1719462355053,322.8,100
1719462355053,322.8,100
1719462355053,322.8,100
1719462355053,322.8,100
1719462360540,322.6,25
1719462360540,322.6,25
1719462360540,322.6,25
1719462362154,322.8,25
1719462362154,322.8,25
1719462362154,322.8,25
1719462364490,321.15,75
1719462364996,320.85,75
1719462365204,320.95,75
1719462365204,320.95,75
1719462366414,320.4,25
1719462366414,320.4,25
1719462368248,320.2,25
1719462368396,319.35,25
1719462368396,319.35,25
1719462369264,319.8,25
1719462369637,320.0,50
1719462370290,320.85,25
1719462370290,320.85,25
1719462372146,322.35,25
1719462372146,322.35,25
1719462373341,322.9,25
1719462405366,331.7,25
1719462405838,332.85,25
1719462406363,333.1,100
1719462407478,335.0,25
1719462408505,339.0,25
1719462408505,339.0,25
1719462409520,338.1,50
1719462410250,337.4,25
1719462410250,337.4,25
1719462411208,336.55,25
1719462411896,338.3,175
1719462412466,337.95,25
1719462412466,337.95,25
1719462413565,337.6,75
1719462414190,339.45,25
1719462414808,340.0,100
1719462415106,341.85,25
1719462415106,341.85,25
1719462416401,343.9,25
1719462417708,344.2,25
1719462417708,344.2,25
1719462418210,344.9,50
1719462419410,346.6,25
1719462420418,347.95,75
1719462421084,349.0,25
1719462421469,348.55,50
1719462422629,354.15,25
1719462422879,353.5,25
1719462423486,352.0,25
1719462424444,353.1,25
1719462425289,351.25,25
1719462425557,351.0,50
1719462426519,349.95,25
1719462427413,350.2,25
1719462428431,347.25,125
1719462428431,347.25,125
1719462428431,347.25,125
1719462430070,347.8,25
1719462430574,347.85,25
1719462431303,350.0,25
1719462431303,350.0,25
1719462432243,350.0,25
1719462432243,350.0,25
1719462433533,347.9,25
1719462433776,348.0,25
1719462434602,350.4,25
1719462434830,350.0,200
1719462434830,350.0,200
1719462435814,352.6,25
1719462435814,352.6,25
1719462437510,351.45,250
1719462438635,351.1,100
1719462439455,352.75,25
1719462439818,351.15,50
1719462440216,350.05,25
1719462441427,350.9,25
1719462442404,351.2,25
1719462442404,351.2,25
1719462442404,351.2,25
1719462445479,353.85,325
1719462446539,355.0,25
1719462446539,355.0,25
1719462447184,352.3,25
1719462448071,352.75,25
1719462448071,352.75,25
1719462448843,352.05,50
1719462448843,352.05,50
1719462450123,351.55,25
1719462450564,351.1,25
1719462451197,350.8,25
1719462451197,350.8,25
1719462452854,349.1,75
1719462452854,349.1,75
1719462453215,350.55,25
1719462454196,351.55,25
1719462454196,351.55,25
1719462456429,350.75,175
1719462456429,350.75,175
1719462456429,350.75,175
1719462458131,351.55,25
1719462458212,351.0,175
1719462458605,350.7,25
1719462458605,350.7,25
1719462458605,350.7,25
1719462460055,352.05,75
1719462460055,352.05,75
1719462461630,350.9,25
1719462462265,354.0,200
1719462462265,354.0,200
1719462463218,354.25,50
1719462463218,354.25,50
1719462464229,356.5,25
1719462465039,354.95,25
1719462465642,355.9,25
1719462466463,359.55,25
1719462467075,360.0,25
1719462467507,360.0,50
1719462468549,362.05,50
1719462469206,361.1,25
1719462469968,363.05,100
1719462470400,364.0,50
1719462471452,364.0,50
1719462472030,365.35,25
1719462472030,365.35,25
1719462473632,365.8,25
1719462474657,364.55,25
1719462474657,364.55,25
1719462475383,363.5,50
1719462475960,365.6,25
1719462475960,365.6,25
1719462477233,368.95,25
1719462477233,368.95,25
1719462478740,366.25,25
1719462478785,365.1,50
1719462478785,365.1,50
1719462480436,367.45,25
1719462481508,370.2,25
1719462481508,370.2,25
1719462482341,372.5,25
1719462483086,375.0,50
1719462483086,375.0,50
1719462486148,371.25,25
1719462486148,371.25,25
1719462487036,371.0,175
1719462488473,370.5,25
1719462488951,370.55,50
1719462489594,371.0,50
1719462489594,371.0,50
1719462490168,371.9,25
1719462490168,371.9,25
1719462492391,373.3,25
1719462492391,373.3,25
1719462493620,370.0,25
1719462494116,370.3,125
1719462494116,370.3,125
1719462495438,371.8,25
1719462495438,371.8,25
1719462495874,368.95,25
1719462497323,370.8,25
1719462497323,370.8,25
1719462498087,369.95,25
1719462498087,369.95,25
1719462499600,366.7,25
1719462500052,365.95,25
1719462500052,365.95,25
1719462501502,369.0,75
1719462501502,369.0,75
1719462503175,369.25,25
1719462509132,372.15,25
1719462509697,371.7,25
1719462510216,371.65,25
1719462511508,371.95,50
1719462511508,371.95,50
1719462512191,372.15,25
1719462512191,372.15,25
1719462513547,373.7,25
1719462513547,373.7,25
1719462515206,374.4,25
1719462515206,374.4,25
1719462517109,375.15,100
1719462517109,375.15,100
1719462517574,374.2,50
1719462518292,373.75,75
1719462518831,371.8,50
1719462518831,371.8,50
1719462519685,371.45,50
1719462520799,373.7,25
1719462520940,372.9,25
1719462522272,370.0,25
1719462522767,370.7,25
1719462523327,370.7,25
1719462523327,370.7,25
1719462523327,370.7,25
1719462525620,370.7,50
1719462525620,370.7,50
1719462527211,371.65,150
1719462527211,371.65,150
1719462527944,370.0,50
1719462528684,368.65,25
1719462528878,368.55,25
1719462534542,370.7,100
1719462534980,369.8,50
1719462536543,370.7,25
1719462543123,371.95,25
1719462546457,370.4,25
1719462548121,370.0,50
1719462548448,369.9,25
1719462548448,369.9,25
1719462549391,372.7,25
1719462550248,371.95,25
1719462550248,371.95,25
1719462551315,373.05,25
1719462551315,373.05,25
1719462559094,375.95,25
1719462560899,374.2,25
1719462560899,374.2,25
1719462562716,376.55,75
1719462563102,375.0,25
1719462563275,373.7,100
1719462563779,373.9,50
1719462563779,373.9,50
1719462563779,373.9,50
1719462563779,373.9,50
1719462567836,376.4,25
1719462567836,376.4,25
1719462574963,377.75,25
1719462574963,377.75,25
1719462574963,377.75,25
1719462576841,373.9,25
1719462577101,373.95,150
1719462600996,380.55,25
1719462603606,377.35,50
1719462603958,376.85,25
1719462604408,378.35,50
1719462604408,378.35,50
1719462605943,376.65,25
1719462605943,376.65,25
1719462607729,375.6,25
1719462607729,375.6,25
1719462608557,377.3,25
1719462608557,377.3,25
1719462608557,377.3,25
1719462608557,377.3,25
1719462608557,377.3,25
1719462608557,377.3,25
1719462608557,377.3,25
1719462616090,377.6,25
1719462616831,376.65,75
1719462616831,376.65,75
1719462616831,376.65,75
1719462618453,376.55,25
1719462618453,376.55,25
1719462619443,374.35,25
1719462619443,374.35,25
1719462620587,373.5,25
1719462620587,373.5,25
1719462621368,373.6,25
1719462622514,372.6,25
1719462623826,373.45,50
1719462623826,373.45,50
1719462623826,373.45,50
1719462625336,372.6,50
1719462626818,373.6,25
1719462627659,374.3,25
1719462627659,374.3,25
1719462628353,376.4,25
1719462628904,376.2,50
1719462628904,376.2,50
1719462628904,376.2,50
1719462631220,377.75,100
1719462631220,377.75,100
1719462631961,377.0,25
1719462631961,377.0,25
1719462633747,378.4,25
1719462634354,378.65,25
1719462634354,378.65,25
1719462634354,378.65,25
1719462634354,378.65,25
1719462634354,378.65,25
1719462638992,378.8,50
1719462638992,378.8,50
1719462638992,378.8,50
1719462638992,378.8,50
1719462642798,378.0,25
1719462642798,378.0,25
1719462643791,376.85,300
1719462643791,376.85,300
1719462644588,376.95,25
1719462644588,376.95,25
1719462646120,378.35,225
1719462647232,380.0,50
1719462647232,380.0,50
1719462647232,380.0,50
1719462649317,379.15,25
1719462649837,379.85,25
1719462649837,379.85,25
1719462651184,378.55,25
1719462651184,378.55,25
1719462651184,378.55,25
1719462657937,382.0,25
1719462658461,382.85,25
1719462658461,382.85,25
1719462659819,384.0,50
1719462660025,385.1,25
1719462660931,387.0,50
1719462661445,387.45,25
1719462661445,387.45,25
1719462661774,386.5,125
1719462661774,386.5,125
1719462663906,389.0,50
1719462664228,386.8,25
1719462664454,386.8,25
1719462665315,387.8,125
1719462665804,389.2,25
1719462666873,390.0,200
1719462666987,390.0,25
1719462666987,390.0,25
1719462668748,388.3,25
1719462669380,389.8,25
1719462669380,389.8,25
1719462670626,387.6,175
1719462670626,387.6,175
1719462670626,387.6,175
1719462672913,389.3,25
1719462673079,388.15,25
1719462673079,388.15,25
1719462675060,387.3,50
1719462675084,388.2,25
1719462675861,388.1,25
1719462676263,387.0,25
1719462676263,387.0,25
1719462676263,387.0,25
1719462676263,387.0,25
1719462678370,385.6,50
1719462678618,385.55,25
1719462678796,386.0,25
1719462678796,386.0,25
1719462680117,388.5,25
1719462681330,392.2,25
1719462682188,394.55,25
1719462682188,394.55,25
1719462683918,390.2,75
1719462684525,389.6,25
1719462684917,388.2,50
1719462684917,388.2,50
1719462686706,390.4,25
1719462686706,390.4,25
1719462687337,391.2,25
1719462687337,391.2,25
1719462688398,390.4,25
1719462689281,389.4,25
1719462689281,389.4,25
1719462690729,390.1,25
1719462690729,390.1,25
1719462691170,391.3,25
1719462691170,391.3,25
1719462691170,391.3,25
1719462691170,391.3,25
1719462693821,388.6,25
1719462694034,388.05,100
1719462695335,390.0,25
1719462695335,390.0,25
1719462695335,390.0,25
1719462702862,393.1,25
1719462702862,393.1,25
1719462704256,392.0,25
1719462704304,392.0,100
1719462704304,392.0,100
1719462705740,392.8,25
1719462735524,403.15,25
1719462736644,401.75,50
1719462737314,402.2,25
1719462737314,402.2,25
1719462739423,402.25,25
1719462739761,400.4,25
1719462739761,400.4,25
1719462739984,402.0,25
1719462740829,401.5,225
1719462740829,401.5,225
1719462740829,401.5,225
1719462745653,402.8,25
1719462745653,402.8,25
1719462746373,402.55,25
1719462746373,402.55,25
1719462748611,403.0,150
1719462748611,403.0,150
1719462749513,403.25,25
1719462749513,403.25,25
1719462751430,400.35,25
1719462751430,400.35,25
1719462751589,401.4,25
1719462752687,403.25,25
1719462752687,403.25,25
1719462752687,403.25,25
1719462752687,403.25,25
1719462756947,405.0,150
1719462756947,405.0,150
1719462758605,403.3,25
1719462758605,403.3,25
1719462758605,403.3,25
1719462766840,402.0,25
1719462766840,402.0,25
1719462768430,402.2,200
1719462769079,403.3,1800
1719462769378,402.05,25
1719462769378,402.05,25
1719462770656,403.85,25
1719462771704,407.0,25
1719462771704,407.0,25
1719462772921,410.0,100
1719462772921,410.0,100
1719462774916,410.8,50
1719462775064,410.05,25
1719462775680,410.5,25
1719462776194,409.55,25
1719462776194,409.55,25
1719462776947,408.3,25
1719462778592,407.75,50
1719462778592,407.75,50
1719462779642,407.3,25
1719462780141,408.6,25
1719462780852,409.5,50
1719462781440,410.95,25
1719462781621,412.15,25
1719462782051,411.5,100
1719462783656,412.05,25
1719462784500,412.9,25
1719462785201,413.9,25
1719462786277,412.65,25
1719462786929,413.1,100
1719462786929,413.1,100
1719462788106,414.5,25
1719462788106,414.5,25
1719462790033,415.55,25
1719462790279,416.0,200
1719462790279,416.0,200
1719462791069,417.2,25
1719462791069,417.2,25
1719462792428,416.4,50
1719462792428,416.4,50
1719462793649,414.9,125
1719462794162,414.5,25
1719462795013,414.75,25
1719462795950,414.0,25
1719462795950,414.0,25
1719462797328,413.25,25
1719462797788,414.05,25
1719462798341,412.5,150
1719462798341,412.5,150
1719462799249,411.5,25
1719462799249,411.5,25
1719462800814,416.25,125
1719462801595,415.4,25
1719462801932,415.7,25
1719462801932,415.7,25
1719462801932,415.7,25
1719462805594,415.0,25
1719462805594,415.0,25
1719462805594,415.0,25
1719462808469,411.0,175
1719462808885,410.7,25
1719462808885,410.7,25
1719462809550,410.0,100
1719462810408,410.25,25
1719462810408,410.25,25
1719462810408,410.25,25
1719462813373,409.75,25
1719462813373,409.75,25
1719462815269,409.5,50
1719462815269,409.5,50
1719462816562,410.0,25
1719462816562,410.0,25
1719462816562,410.0,25
1719462816562,410.0,25
1719462820612,405.65,25
1719462821280,405.05,25
1719462821868,404.6,50
1719462822697,404.1,25
1719462823353,404.65,50
1719462823353,404.65,50
1719462824820,404.9,25
1719462825482,406.2,25
1719462826520,405.0,50
1719462826520,405.0,50
1719462827217,406.4,25
1719462827217,406.4,25
1719462827217,406.4,25
1719462827217,406.4,25
1719462832131,406.1,50
1719462832131,406.1,50
1719462832131,406.1,50
1719462835973,407.0,25
1719462835973,407.0,25
1719462835973,407.0,25
1719462835973,407.0,25
1719462839655,409.0,75
1719462839655,409.0,75
1719462840067,409.75,25
1719462840067,409.75,25
1719462841537,409.95,75
1719462841537,409.95,75
1719462842016,408.6,25
1719462842016,408.6,25
1719462843327,410.45,25
1719462845136,410.95,25
1719462845136,410.95,25
1719462845913,410.0,25
1719462845913,410.0,25
1719462846982,408.5,25
1719462846982,408.5,25
1719462848744,406.1,25
1719462848933,407.3,25
1719462848933,407.3,25
1719462848933,407.3,25
1719462851739,408.95,50
1719462851739,408.95,50
1719462852517,408.25,25
1719462852517,408.25,25
1719462854122,406.6,50
1719462854122,406.6,50
1719462854122,406.6,50
1719462857270,406.6,50
1719462857270,406.6,50
1719462857270,406.6,50
1719462857270,406.6,50
1719462862450,408.6,25
1719462862450,408.6,25
1719462862450,408.6,25
1719462862450,408.6,25
1719462865373,410.0,50
1719462865639,411.0,75
1719462865639,411.0,75
1719462866926,410.3,75
1719462867223,408.95,50
1719462868136,410.4,100
1719462868136,410.4,100
1719462868997,409.5,25
1719462870411,407.35,25
1719462870411,407.35,25
1719462871684,408.6,125
1719462871684,408.6,125
1719462871684,408.6,125
1719462871684,408.6,125
1719462871684,408.6,125
1719462876814,410.35,25
1719462876814,410.35,25
1719462876814,410.35,25
1719462876814,410.35,25
1719462876814,410.35,25
1719462880757,410.3,50
1719462881515,412.0,50
1719462881515,412.0,50
1719462882780,411.1,25
1719462882780,411.1,25
1719462883110,411.4,50
1719462883110,411.4,50
1719462885061,411.2,25
1719462885061,411.2,25
1719462885591,410.35,25
1719462885591,410.35,25
1719462887981,411.0,25
1719462888478,411.0,50
1719462888478,411.0,50
1719462888478,411.0,50
1719462888478,411.0,50
1719462888478,411.0,50
1719462894256,412.2,25
1719462895011,413.65,25
1719462895011,413.65,25
1719462895806,412.6,25
1719462895806,412.6,25
1719462897124,414.5,25
1719462898087,415.0,25
1719462898087,415.0,25
1719462898807,418.7,25
1719462898990,418.75,75
1719462898990,418.75,75
1719462900991,419.65,25
1719462901149,418.25,25
1719462901719,417.3,25
1719462902475,416.2,25
1719462902475,416.2,25
1719462902475,416.2,25
1719462904507,412.35,100
1719462905518,410.4,25
1719462905853,410.0,100
1719462905853,410.0,100
1719462907156,412.45,25
1719462907156,412.45,25
1719462908775,414.5,25
1719462908775,414.5,25
1719462909706,414.05,25
1719462909706,414.05,25
1719462910579,413.95,125
1719462910579,413.95,125
1719462912633,411.85,25
1719462912633,411.85,25
1719462912633,411.85,25
1719462914924,411.95,25
1719462914924,411.95,25
1719462914924,411.95,25
1719462916999,413.3,150
1719462917306,413.05,50
1719462917306,413.05,50
1719462919227,413.0,25
1719462920142,413.8,50
1719462920142,413.8,50
1719462921644,414.8,25
1719462922075,416.2,25
1719462922865,416.0,25
1719462923433,415.1,125
1719462923433,415.1,125
1719462924737,414.7,25
1719462924737,414.7,25
1719462925949,415.85,25
1719462925949,415.85,25
1719462925949,415.85,25
1719462925949,415.85,25
1719462925949,415.85,25
1719462925949,415.85,25
1719462925949,415.85,25
1719462925949,415.85,25
1719462925949,415.85,25
1719462934541,414.65,25
1719462934957,414.5,25
1719462935096,413.25,25
1719462935096,413.25,25
1719462936101,413.4,50
1719462936101,413.4,50
1719462939110,420.0,25
1719462939110,420.0,25
1719462940229,419.85,100
1719462940229,419.85,100
1719462940229,419.85,100
1719462941708,421.1,25
1719462941708,421.1,25
1719462943251,422.2,50
1719462943251,422.2,50
1719462944193,425.0,100
1719462944494,425.55,25
1719462944494,425.55,25
1719462945658,422.4,50
1719462946093,423.2,25
1719462946093,423.2,25
1719462946093,423.2,25
1719462947762,421.0,125
1719462948824,419.8,50
1719462949490,420.2,75
1719462949490,420.2,75
1719462950507,418.35,50
1719462951268,417.6,50
1719462951268,417.6,50
1719462951268,417.6,50
1719462951268,417.6,50
1719462955221,418.0,25
1719462955766,418.6,25
1719462955766,418.6,25
1719462956833,417.2,50
1719462957624,415.65,50
1719462957624,415.65,50
1719462958702,416.1,25
1719462958702,416.1,25
1719462959002,415.0,250
1719462960121,415.0,250
1719462960121,415.0,250
1719462960121,415.0,250
1719462962058,420.0,25
1719462962058,420.0,25
1719462962058,420.0,25
1719462964024,416.1,25
1719462964553,415.25,200
1719462965276,415.0,25
1719462965276,415.0,25
1719462965276,415.0,25
1719462966859,416.15,25
1719462966859,416.15,25
1719462966859,416.15,25
1719462969484,415.7,25
1719462969484,415.7,25
1719462969484,415.7,25
1719462969484,415.7,25
1719462973432,418.4,25
1719462973432,418.4,25
1719462973432,418.4,25
1719462975080,417.5,50
1719462975080,417.5,50
1719462975080,417.5,50
1719462975080,417.5,50
1719462979135,416.0,800
1719462979484,415.1,25
1719462979484,415.1,25
1719462979484,415.1,25
1719462981080,415.65,50
1719462981080,415.65,50
1719462981080,415.65,50
1719462981080,415.65,50
1719462981080,415.65,50
1719462985915,415.0,25
1719462985915,415.0,25
1719462986972,414.7,75
1719462986972,414.7,75
1719462987847,415.0,150
1719462987847,415.0,150
1719462988797,414.25,50
1719462989442,414.2,50
1719462989442,414.2,50
1719462989442,414.2,50
1719462991529,413.6,25
1719462991529,413.6,25
1719462991529,413.6,25
1719462992224,412.6,25
1719462992722,414.4,25
1719462992927,413.4,50
1719462993686,413.4,25
1719462993686,413.4,25
1719462995113,413.15,25
1719462995113,413.15,25
1719462995113,413.15,25
1719462997438,413.1,75
1719462997438,413.1,75
1719462998271,413.05,25
1719462999057,413.7,25
1719462999057,413.7,25
1719462999644,414.4,25
1719462999644,414.4,25
1719462999644,414.4,25
1719463012306,415.5,25
1719463012306,415.5,25
1719463018414,419.1,100
1719463019429,420.0,25
1719463019429,420.0,25
1719463019920,420.0,75
1719463020094,420.0,25
1719463021255,422.0,125
1719463021917,422.65,25
1719463022261,422.7,25
1719463022261,422.7,25
1719463023906,421.1,25
1719463023906,421.1,25
1719463023906,421.1,25
1719463023906,421.1,25
1719463026861,422.45,25
1719463027976,422.5,25
1719463028832,425.0,25
1719463029636,425.0,50
1719463029636,425.0,50
1719463030579,425.3,25
1719463031765,428.2,25
1719463033059,428.75,75
1719463033659,426.8,25
1719463034115,425.0,25
1719463034892,423.2,25
1719463035826,419.8,50
1719463036871,419.2,150
1719463038079,419.25,75
1719463038079,419.25,75
1719463039031,417.95,25
1719463039226,418.1,25
1719463039226,418.1,25
1719463039226,418.1,25
1719463039226,418.1,25
1719463039226,418.1,25
1719463043755,417.85,100
1719463044299,418.5,25
1719463044299,418.5,25
1719463045691,419.45,25
1719463045691,419.45,25
1719463046339,418.85,25
1719463046339,418.85,25
1719463046339,418.85,25
1719463046339,418.85,25
1719463050145,418.35,25
1719463050145,418.35,25
1719463052401,415.5,25
1719463052589,415.0,100
1719463052969,415.2,100
1719463052969,415.2,100
1719463054674,415.0,50
1719463054931,415.0,125
1719463054931,415.0,125
1719463054931,415.0,125
1719463057018,415.95,100
1719463057018,415.95,100
1719463058241,414.0,25
1719463058337,413.1,50
1719463058337,413.1,50
1719463060922,413.1,25
1719463060922,413.1,25
1719463062607,416.4,50
1719463062607,416.4,50
1719463062607,416.4,50
1719463062607,416.4,50
1719463062607,416.4,50
1719463067021,413.0,25
1719463067317,414.45,25
1719463067317,414.45,25
1719463067317,414.45,25
1719463067317,414.45,25
1719463071150,417.2,50
1719463071582,416.15,50
1719463071582,416.15,50
1719463071582,416.15,50
1719463071582,416.15,50
1719463071582,416.15,50
1719463071582,416.15,50
1719463071582,416.15,50
1719463078369,416.15,25
1719463078597,416.55,25
1719463078597,416.55,25
1719463079483,415.0,75
1719463079483,415.0,75
1719463081095,413.4,100
1719463081095,413.4,100
1719463081095,413.4,100
1719463081095,413.4,100
1719463081095,413.4,100
1719463081095,413.4,100
1719463081095,413.4,100
1719463081095,413.4,100
1719463086948,416.65,25
1719463087295,417.35,25
1719463087295,417.35,25
1719463087295,417.35,25
1719463089552,417.0,75
1719463089552,417.0,75
1719463089552,417.0,75
1719463092247,417.35,25
1719463092247,417.35,25
1719463092247,417.35,25
1719463092247,417.35,25
1719463095325,416.75,25
1719463095325,416.75,25
1719463097703,417.3,50
1719463097703,417.3,50
1719463097703,417.3,50
1719463097703,417.3,50
1719463097703,417.3,50
1719463097703,417.3,50
1719463097703,417.3,50
1719463097703,417.3,50
1719463106848,418.5,25
1719463107066,418.75,25
1719463108011,417.0,25
1719463108011,417.0,25
1719463108011,417.0,25
1719463108011,417.0,25
1719463109584,417.35,75
1719463109584,417.35,75
1719463109584,417.35,75
1719463109584,417.35,75
1719463109584,417.35,75
1719463109584,417.35,75
1719463109584,417.35,75
1719463109584,417.35,75
1719463109584,417.35,75
1719463109584,417.35,75
1719463118239,416.85,50
1719463118239,416.85,50
1719463119091,416.7,25
1719463120079,417.35,25
1719463121429,420.0,25
1719463121479,420.55,25
1719463122680,422.0,125
1719463123023,420.8,25
1719463123023,420.8,25
1719463123023,420.8,25
1719463125855,421.6,25
1719463125855,421.6,25
1719463127136,425.0,25
1719463127573,424.5,25
1719463127573,424.5,25
1719463129158,421.8,200
1719463130341,420.25,25
1719463130341,420.25,25
1719463130341,420.25,25
1719463130341,420.25,25
1719463130341,420.25,25
1719463135836,418.7,25
1719463135836,418.7,25
1719463136942,420.7,25
1719463136942,420.7,25
1719463137961,420.6,25
1719463137961,420.6,25
1719463139033,421.3,25
1719463139640,423.2,25
1719463139640,423.2,25
1719463140669,422.4,25
1719463140669,422.4,25
1719463141613,422.5,25
1719463141613,422.5,25
1719463141613,422.5,25
1719463143652,420.9,25
1719463143652,420.9,25
1719463143652,420.9,25
1719463143652,420.9,25
1719463143652,420.9,25
1719463147821,422.1,25
1719463148725,421.4,25
1719463148725,421.4,25
1719463149282,421.85,25
1719463149282,421.85,25
1719463149282,421.85,25
1719463149282,421.85,25
1719463149282,421.85,25
1719463154838,423.8,25
1719463155273,425.0,75
1719463156810,423.7,25
1719463156810,423.7,25
1719463156810,423.7,25
1719463156810,423.7,25
1719463158694,422.25,25
1719463158694,422.25,25
1719463159681,421.2,50
1719463159681,421.2,50
1719463159681,421.2,50
1719463159681,421.2,50
1719463162855,422.0,25
1719463163208,423.05,25
1719463163208,423.05,25
1719463165738,423.2,25
1719463165949,423.7,100
1719463165949,423.7,100
1719463167212,423.2,25
1719463167637,422.0,25
1719463168291,422.0,25
1719463168291,422.0,25
1719463169385,421.0,25
1719463169385,421.0,25
1719463170602,422.05,25
1719463170602,422.05,25
1719463170602,422.05,25
1719463170602,422.05,25
1719463170602,422.05,25
1719463172956,421.4,25
1719463173017,422.15,25
1719463173017,422.15,25
1719463173017,422.15,25
1719463175967,420.0,75
1719463176306,421.25,25
1719463176306,421.25,25
1719463176306,421.25,25
1719463177465,421.75,25
1719463178113,419.5,50
1719463178775,420.75,25
1719463178775,420.75,25
1719463179965,418.0,25
1719463179965,418.0,25
1719463179965,418.0,25
1719463183059,424.2,25
1719463183059,424.2,25
1719463184059,421.9,50
1719463184059,421.9,50
1719463184059,421.9,50
1719463184059,421.9,50
1719463184059,421.9,50
1719463188415,421.2,100
1719463188415,421.2,100
1719463189150,420.4,25
1719463189150,420.4,25
1719463189150,420.4,25
1719463189150,420.4,25
1719463191976,419.15,25
1719463191976,419.15,25
1719463191976,419.15,25
1719463191976,419.15,25
1719463195649,419.1,25
1719463195649,419.1,25
1719463195649,419.1,25
1719463195649,419.1,25
1719463198759,419.4,25
1719463198759,419.4,25
1719463199107,419.4,25
1719463199107,419.4,25
1719463199107,419.4,25
1719463199107,419.4,25
1719463201703,420.7,25
1719463201703,420.7,25
1719463203328,420.1,25
1719463204284,418.5,50
1719463204284,418.5,50
1719463205503,418.3,50
1719463205503,418.3,50
1719463205503,418.3,50
1719463207512,420.05,25
1719463207512,420.05,25
1719463207512,420.05,25
1719463207512,420.05,25
1719463207512,420.05,25
1719463210879,422.0,200
1719463210879,422.0,200
1719463210879,422.0,200
1719463212795,423.5,25
1719463212795,423.5,25
1719463212795,423.5,25
1719463215256,421.75,25
1719463215256,421.75,25
1719463217017,422.25,25
1719463217017,422.25,25
1719463217017,422.25,25
1719463217017,422.25,25
1719463220138,421.35,25
1719463220138,421.35,25
1719463220138,421.35,25
1719463221745,421.65,25
1719463221745,421.65,25
1719463221745,421.65,25
1719463224390,423.4,50
1719463224390,423.4,50
1719463225327,425.0,150
1719463225989,424.25,25
1719463225989,424.25,25
1719463225989,424.25,25
1719463227443,426.9,75
1719463227443,426.9,75
1719463227443,426.9,75
1719463229621,424.25,25
1719463229907,424.05,25
1719463230574,423.05,25
1719463230574,423.05,25
1719463231339,421.95,25
1719463231339,421.95,25
1719463231339,421.95,25
1719463231339,421.95,25
1719463231339,421.95,25
1719463231339,421.95,25
1719463237671,421.35,25
1719463237954,422.0,25
1719463237954,422.0,25
1719463238604,421.2,25
1719463253002,421.0,100
1719463253002,421.0,100
1719463253002,421.0,100
1719463253002,421.0,100
1719463253002,421.0,100
1719463253002,421.0,100
1719463253002,421.0,100
1719463253002,421.0,100
1719463253002,421.0,100
1719463253002,421.0,100
1719463253002,421.0,100
1719463253002,421.0,100
1719463253002,421.0,100
1719463280508,429.2,25
1719463281679,428.6,25
1719463282242,427.85,50
1719463282788,427.6,25
1719463282788,427.6,25
1719463284799,426.2,25
1719463284799,426.2,25
1719463284799,426.2,25
1719463287044,426.1,25
1719463287044,426.1,25
1719463287044,426.1,25
1719463288840,425.05,25
1719463288840,425.05,25
1719463291298,426.2,200
1719463291298,426.2,200
1719463292424,426.1,25
1719463292444,426.1,25
1719463292734,426.65,25
1719463292734,426.65,25
1719463294997,425.05,25
1719463295401,427.6,25
1719463295401,427.6,25
1719463296857,426.6,25
1719463296857,426.6,25
1719463297874,426.95,25
1719463297874,426.95,25
1719463298530,428.2,75
1719463298530,428.2,75
1719463300335,428.2,25
1719463300335,428.2,25
1719463301299,426.4,50
1719463301299,426.4,50
1719463305015,425.95,25
1719463305015,425.95,25
1719463305015,425.95,25
1719463307789,424.1,25
1719463309924,424.0,25
1719463309924,424.0,25
1719463309924,424.0,25
1719463309924,424.0,25
1719463309924,424.0,25
1719463315179,427.05,25
1719463315179,427.05,25
1719463315179,427.05,25
1719463315179,427.05,25
1719463315179,427.05,25
1719463315179,427.05,25
1719463328950,426.1,25
1719463328950,426.1,25
1719463328950,426.1,25
1719463358567,429.95,175
1719463358567,429.95,175
1719463360152,430.3,125
1719463360152,430.3,125
1719463360152,430.3,125
1719463360152,430.3,125
1719463363442,428.05,25
1719463363442,428.05,25
1719463364198,428.65,25
1719463364198,428.65,25
1719463364198,428.65,25
1719463366565,428.65,25
1719463366565,428.65,25
1719463366565,428.65,25
1719463366565,428.65,25
1719463370376,429.8,25
1719463370376,429.8,25
1719463371384,430.25,150
1719463371384,430.25,150
1719463371384,430.25,150
1719463371384,430.25,150
1719463378637,428.65,25
1719463380111,427.35,25
1719463380111,427.35,25
1719463381197,426.35,25
1719463381197,426.35,25
1719463381197,426.35,25
1719463381197,426.35,25
1719463384205,424.75,50
1719463384205,424.75,50
1719463384205,424.75,50
1719463386472,426.15,25
1719463386846,426.5,25
1719463386846,426.5,25
1719463387833,426.35,25
1719463387833,426.35,25
1719463387833,426.35,25
1719463389634,425.4,25
1719463389634,425.4,25
1719463389634,425.4,25
1719463389634,425.4,25
1719463393497,423.65,50
1719463393497,423.65,50
1719463395392,423.25,25
1719463395392,423.25,25
1719463397117,423.6,25
1719463397117,423.6,25
1719463397117,423.6,25
1719463397117,423.6,25
1719463397117,423.6,25
1719463397117,423.6,25
1719463397117,423.6,25
1719463403950,421.9,25
1719463404838,422.0,25
1719463404838,422.0,25
1719463404838,422.0,25
1719463406784,419.1,25
1719463407045,420.0,75
1719463407391,418.05,25
1719463407391,418.05,25
1719463407391,418.05,25
1719463409645,417.0,25
1719463409733,417.2,25
1719463409733,417.2,25
1719463411310,416.0,25
1719463411310,416.0,25
1719463411310,416.0,25
1719463411310,416.0,25
1719463413287,416.5,75
1719463413287,416.5,75
1719463413287,416.5,75
1719463416290,417.25,25
1719463416290,417.25,25
1719463416899,416.25,25
1719463416899,416.25,25
1719463418207,416.7,25
1719463418896,416.85,25
1719463418896,416.85,25
1719463420205,415.4,25
1719463420205,415.4,25
1719463420981,415.9,25
1719463420981,415.9,25
1719463422843,415.85,25
1719463424247,414.9,125
1719463425031,415.75,25
1719463425031,415.75,25
1719463426512,414.55,25
1719463426699,414.2,100
1719463426699,414.2,100
1719463428131,413.0,25
1719463428444,408.75,25
1719463429179,407.1,25
1719463429829,406.05,25
1719463430769,409.1,25
1719463431401,407.45,50
1719463431401,407.45,50
1719463432948,402.9,25
1719463432948,402.9,25
1719463433682,406.0,25
1719463434521,405.05,25
1719463434521,405.05,25
1719463435811,405.95,25
1719463435811,405.95,25
1719463437124,405.55,25
1719463437419,406.6,25
1719463437419,406.6,25
1719463437419,406.6,25
1719463439208,405.6,25
1719463440042,406.1,25
1719463440354,407.0,25
1719463440354,407.0,25
1719463440354,407.0,25
1719463440354,407.0,25
1719463440354,407.0,25
1719463440354,407.0,25
1719463440354,407.0,25
1719463465371,411.0,25
1719463465371,411.0,25
1719463465371,411.0,25
1719463470254,413.45,25
1719463470568,414.9,25
1719463470568,414.9,25
1719463471980,413.7,25
1719463471980,413.7,25
1719463472626,415.0,50
1719463472626,415.0,50
1719463472626,415.0,50
1719463475304,414.95,25
1719463475304,414.95,25
1719463475304,414.95,25
1719463478249,413.15,25
1719463478723,413.45,50
1719463478723,413.45,50
1719463478723,413.45,50
1719463480510,411.45,25
1719463480510,411.45,25
1719463480510,411.45,25
1719463483296,408.05,25
1719463483808,410.15,25
1719463483808,410.15,25
1719463483808,410.15,25
1719463483808,410.15,25
1719463487547,409.8,50
1719463487547,409.8,50
1719463487547,409.8,50
1719463490858,408.6,25
1719463491015,408.0,25
1719463491015,408.0,25
1719463492672,407.0,50
1719463492672,407.0,50
1719463493193,408.25,25
1719463493193,408.25,25
1719463497292,408.0,25
1719463497292,408.0,25
1719463497716,408.85,25
1719463497716,408.85,25
1719463497716,408.85,25
1719463497716,408.85,25
1719463497716,408.85,25
1719463502463,408.0,25
1719463502463,408.0,25
1719463502463,408.0,25
1719463504838,408.0,25
1719463504838,408.0,25
1719463506135,405.6,50
1719463506135,405.6,50
1719463507882,406.85,25
1719463507882,406.85,25
1719463507882,406.85,25
1719463510907,406.0,25
1719463511111,406.0,25
1719463511111,406.0,25
1719463511111,406.0,25
1719463511111,406.0,25
1719463511111,406.0,25
1719463517377,405.2,75
1719463517377,405.2,75
1719463518129,404.5,25
1719463518129,404.5,25
1719463518129,404.5,25
1719463518129,404.5,25
1719463523197,410.0,25
1719463523197,410.0,25
1719463523743,410.15,25
1719463523743,410.15,25
1719463525851,411.8,75
1719463525851,411.8,75
1719463525851,411.8,75
1719463525851,411.8,75
1719463530344,412.0,250
1719463530344,412.0,250
1719463530344,412.0,250
1719463532173,415.0,25
1719463532173,415.0,25
1719463532173,415.0,25
1719463532173,415.0,25
1719463532173,415.0,25
1719463538059,416.35,25
1719463538832,416.0,25
1719463540259,415.35,25
1719463540259,415.35,25
1719463540259,415.35,25
1719463540259,415.35,25
1719463540259,415.35,25
1719463540259,415.35,25
1719463540259,415.35,25
1719463549703,418.0,25
1719463549909,418.15,25
1719463549909,418.15,25
1719463550813,418.7,50
1719463550813,418.7,50
1719463553172,416.95,50
1719463553962,415.35,25
1719463554713,414.8,25
1719463554713,414.8,25
1719463554713,414.8,25
1719463554713,414.8,25
1719463554713,414.8,25
1719463554713,414.8,25
1719463554713,414.8,25
1719463554713,414.8,25
1719463554713,414.8,25
1719463554713,414.8,25
1719463565319,411.6,25
1719463565319,411.6,25
1719463565319,411.6,25
1719463567567,411.1,25
1719463567567,411.1,25
1719463568903,410.75,25
1719463568903,410.75,25
1719463568903,410.75,25
1719463568903,410.75,25
1719463568903,410.75,25
1719463574606,409.55,25
1719463574606,409.55,25
1719463576416,408.0,25
1719463576416,408.0,25
1719463576416,408.0,25
1719463579841,407.5,25
1719463580342,407.7,25
1719463581125,407.0,125
1719463581460,407.1,50
1719463581460,407.1,50
1719463581460,407.1,50
1719463581460,407.1,50
1719463584460,405.0,25
1719463584985,404.0,50
1719463584985,404.0,50
1719463585957,405.0,50
1719463585957,405.0,50
1719463588480,407.1,75
1719463588480,407.1,75
1719463589900,407.45,25
1719463589900,407.45,25
1719463589900,407.45,25
1719463589900,407.45,25
1719463589900,407.45,25
1719463593708,407.25,25
1719463593708,407.25,25
1719463595078,405.8,25
1719463595078,405.8,25
1719463595078,405.8,25
1719463598072,405.55,75
1719463598766,405.0,25
1719463598766,405.0,25
1719463599932,406.4,25
1719463600460,405.2,50
1719463600460,405.2,50
1719463609890,411.2,50
1719463610062,410.0,25
1719463610557,409.35,25
1719463610557,409.35,25
1719463612965,409.2,75
1719463613784,409.55,75
1719463613784,409.55,75
1719463613784,409.55,75
1719463613784,409.55,75
1719463613784,409.55,75
1719463613784,409.55,75
1719463613784,409.55,75
1719463613784,409.55,75
1719463622246,406.35,25
1719463622246,406.35,25
1719463623892,406.7,25
1719463623892,406.7,25
1719463623892,406.7,25
1719463623892,406.7,25
1719463623892,406.7,25
1719463623892,406.7,25
1719463632049,406.9,25
1719463632049,406.9,25
1719463632929,406.9,25
1719463633517,408.95,25
1719463633517,408.95,25
1719463633517,408.95,25
1719463633517,408.95,25
1719463633517,408.95,25
1719463633517,408.95,25
1719463633517,408.95,25
1719463633517,408.95,25
1719463633517,408.95,25
1719463633517,408.95,25
1719463633517,408.95,25
1719463633517,408.95,25
1719463668162,405.0,25
1719463668162,405.0,25
1719463668162,405.0,25
1719463668162,405.0,25
1719463674326,409.55,25
1719463674326,409.55,25
1719463674326,409.55,25
1719463674326,409.55,25
1719463688166,407.15,25
1719463688166,407.15,25
1719463688166,407.15,25
1719463688166,407.15,25
1719463688166,407.15,25
1719463695695,406.5,25
1719463695997,405.0,50
1719463695997,405.0,50
1719463697721,406.9,25
1719463697721,406.9,25
1719463698854,408.0,50
1719463698854,408.0,50
1719463698854,408.0,50
1719463701846,407.9,25
1719463702474,408.55,25
1719463702474,408.55,25
1719463702474,408.55,25
1719463702474,408.55,25
1719463706671,410.0,50
1719463706671,410.0,50
1719463706671,410.0,50
1719463709264,408.8,25
1719463709865,409.5,25
1719463709865,409.5,25
1719463709865,409.5,25
1719463709865,409.5,25
1719463711727,410.5,25
1719463711727,410.5,25
1719463712852,412.1,25
1719463712852,412.1,25
1719463712852,412.1,25
1719463712852,412.1,25
1719463717106,413.15,25
1719463718269,412.5,25
1719463718354,412.75,25
1719463718354,412.75,25
1719463718354,412.75,25
1719463720217,414.55,25
1719463720217,414.55,25
1719463721439,414.9,75
1719463722079,415.0,25
1719463722079,415.0,25
1719463723602,414.65,25
1719463723930,415.25,25
1719463723930,415.25,25
1719463724928,415.0,25
1719463724928,415.0,25
1719463726365,413.2,50
1719463726365,413.2,50
1719463726630,412.8,25
1719463726630,412.8,25
1719463727899,412.4,25
1719463727899,412.4,25
1719463729239,409.5,175
1719463729814,410.0,50
1719463729814,410.0,50
1719463730376,410.1,75
1719463731538,411.05,25
1719463731538,411.05,25
1719463732345,409.85,25
1719463732345,409.85,25
1719463733642,409.9,25
1719463733642,409.9,25
1719463734970,410.75,25
1719463736053,411.2,25
1719463736053,411.2,25
1719463737621,413.05,25
1719463737621,413.05,25
1719463738836,412.5,25
1719463738836,412.5,25
1719463738836,412.5,25
1719463738836,412.5,25
1719463738836,412.5,25
1719463738836,412.5,25
1719463744150,411.2,250
1719463744150,411.2,250
1719463745745,411.85,100
1719463745745,411.85,100
1719463745745,411.85,100
1719463748880,412.0,75
1719463748880,412.0,75
1719463748880,412.0,75
1719463752500,414.0,25
1719463752500,414.0,25
1719463752500,414.0,25
1719463756363,412.3,50
1719463756363,412.3,50
1719463760072,418.0,25
1719463762450,417.35,25
1719463763003,418.0,25
1719463763003,418.0,25
1719463763003,418.0,25
1719463763003,418.0,25
1719463763003,418.0,25
1719463767602,413.85,25
1719463768654,414.15,25
1719463768654,414.15,25
1719463768654,414.15,25
1719463768654,414.15,25
1719463776549,417.65,150
1719463776549,417.65,150
1719463777219,418.45,75
1719463777725,417.55,25
1719463779678,417.7,25
1719463779678,417.7,25
1719463779678,417.7,25
1719463779678,417.7,25
1719463779678,417.7,25
1719463779678,417.7,25
1719463787627,416.55,25
1719463787627,416.55,25
1719463787627,416.55,25
1719463787627,416.55,25
1719463787627,416.55,25
1719463793589,416.85,25
1719463793902,417.6,25
1719463793902,417.6,25
1719463793902,417.6,25
1719463793902,417.6,25
1719463793902,417.6,25
1719463793902,417.6,25
1719463793902,417.6,25
1719463793902,417.6,25
1719463793902,417.6,25
1719463793902,417.6,25
1719463793902,417.6,25
1719463793902,417.6,25
1719463793902,417.6,25
1719463793902,417.6,25
1719463793902,417.6,25
1719463809791,416.4,25
1719463810239,416.1,25
1719463810239,416.1,25
1719463813940,421.0,175
1719463816654,421.0,25
1719463816654,421.0,25
1719463818364,418.95,25
1719463818364,418.95,25
1719463819079,417.9,50
1719463819079,417.9,50
1719463821713,418.8,25
1719463821713,418.8,25
1719463822853,419.75,25
1719463822853,419.75,25
1719463823847,419.1,25
1719463824182,419.8,25
1719463824182,419.8,25
1719463824182,419.8,25
1719463827065,418.8,25
1719463827065,418.8,25
1719463828740,417.5,25
1719463828740,417.5,25
1719463831111,415.7,25
1719463831111,415.7,25
1719463831651,415.65,25
1719463832635,417.1,25
1719463832635,417.1,25
1719463832635,417.1,25
1719463832635,417.1,25
1719463832635,417.1,25
1719463832635,417.1,25
1719463832635,417.1,25
1719463832635,417.1,25
1719463832635,417.1,25
1719463842303,414.15,25
1719463843055,413.55,25
1719463843055,413.55,25
1719463843055,413.55,25
1719463847530,414.25,25
1719463847530,414.25,25
1719463847530,414.25,25
1719463847530,414.25,25
1719463847530,414.25,25
1719463847530,414.25,25
1719463847530,414.25,25
1719463847530,414.25,25
1719463847530,414.25,25
1719463858777,413.95,25
1719463858894,416.4,25
1719463858894,416.4,25
1719463858894,416.4,25
1719463858894,416.4,25
1719463858894,416.4,25
1719463858894,416.4,25
1719463858894,416.4,25
1719463858894,416.4,25
1719463858894,416.4,25
1719463858894,416.4,25
1719463858894,416.4,25
1719463858894,416.4,25
1719463858894,416.4,25
1719463858894,416.4,25
1719463858894,416.4,25
1719463858894,416.4,25
1719463858894,416.4,25
1719463880917,418.2,25
1719463918614,420.55,25
1719463918614,420.55,25
1719463918614,420.55,25
1719463930399,418.4,25
1719463930399,418.4,25
1719463930399,418.4,25
1719463930399,418.4,25
1719463930399,418.4,25
1719463935013,421.0,75
1719463935541,423.5,75
1719463935541,423.5,75
1719463935541,423.5,75
1719463937969,418.05,25
1719463937969,418.05,25
1719463937969,418.05,25
1719463937969,418.05,25
1719463937969,418.05,25
1719463937969,418.05,25
1719463952219,416.6,50
1719463952219,416.6,50
1719463952219,416.6,50
1719463956289,415.0,25
1719463956289,415.0,25
1719463956289,415.0,25
1719463956289,415.0,25
1719463956289,415.0,25
1719463962304,412.95,25
1719463962304,412.95,25
1719463962304,412.95,25
1719463962304,412.95,25
1719463966889,415.0,100
1719463966889,415.0,100
1719463966889,415.0,100
1719463966889,415.0,100
1719463966889,415.0,100
1719463974181,414.85,25
1719463974181,414.85,25
1719463975401,414.0,100
1719463975401,414.0,100
1719463975401,414.0,100
1719463975401,414.0,100
1719463975401,414.0,100
1719463975401,414.0,100
1719463975401,414.0,100
1719463975401,414.0,100
1719463975401,414.0,100
1719463975401,414.0,100
1719463975401,414.0,100
1719463975401,414.0,100
1719463988072,414.9,25
1719463988072,414.9,25
1719463988072,414.9,25
1719463988072,414.9,25
1719463988072,414.9,25
1719463993614,413.6,25
1719463993614,413.6,25
1719463993614,413.6,25
1719463993614,413.6,25
1719463993614,413.6,25
1719463993614,413.6,25
1719464000757,410.9,25
1719464000757,410.9,25
1719464002620,412.65,100
1719464003363,412.5,175
1719464003363,412.5,175
1719464003363,412.5,175
1719464003363,412.5,175
1719464008708,412.3,75
1719464008708,412.3,75
1719464008708,412.3,75
1719464008708,412.3,75
1719464008708,412.3,75
1719464012501,411.1,25
1719464012501,411.1,25
1719464014261,410.4,75
1719464014261,410.4,75
1719464017205,410.85,25
1719464017205,410.85,25
1719464018486,412.95,25
1719464018486,412.95,25
1719464020180,412.8,25
1719464020180,412.8,25
1719464021490,415.4,175
1719464021588,414.25,25
1719464021588,414.25,25
1719464022688,415.9,25
1719464022688,415.9,25
1719464024926,413.15,25
1719464024926,413.15,25
1719464026513,412.35,25
1719464026513,412.35,25
1719464028099,412.0,25
1719464028099,412.0,25
1719464028550,412.4,50
1719464028550,412.4,50
1719464029662,412.25,50
1719464029762,412.25,25
1719464029762,412.25,25
1719464031378,412.25,25
1719464031378,412.25,25
1719464032860,411.45,25
1719464032860,411.45,25
1719464034465,411.0,25
1719464034465,411.0,25
1719464036090,410.3,25
1719464036090,410.3,25
1719464037644,410.45,25
1719464037644,410.45,25
1719464039344,409.0,25
1719464039344,409.0,25
1719464039344,409.0,25
1719464039344,409.0,25
1719464039344,409.0,25
1719464044700,408.0,25
1719464044700,408.0,25
1719464047474,408.4,25
1719464047474,408.4,25
1719464047474,408.4,25
1719464047474,408.4,25
1719464047474,408.4,25
1719464051868,406.8,25
1719464051868,406.8,25
1719464051868,406.8,25
1719464054165,407.9,25
1719464054165,407.9,25
1719464055370,410.0,150
1719464055370,410.0,150
1719464055370,410.0,150
1719464055370,410.0,150
1719464055370,410.0,150
1719464055370,410.0,150
1719464055370,410.0,150
1719464062802,407.6,25
1719464062802,407.6,25
1719464063926,407.0,25
1719464074594,406.95,25
1719464074594,406.95,25
1719464074594,406.95,25
1719464074594,406.95,25
1719464078202,407.55,25
1719464078202,407.55,25
1719464078202,407.55,25
1719464081185,408.0,25
1719464081574,407.75,175
1719464081574,407.75,175
1719464081574,407.75,175
1719464082685,406.8,25
1719464082685,406.8,25
1719464084456,405.55,50
1719464088316,403.8,50
1719464088316,403.8,50
1719464088316,403.8,50
1719464088316,403.8,50
1719464088316,403.8,50
1719464088316,403.8,50
1719464088316,403.8,50
1719464097554,410.75,25
1719464098266,409.4,25
1719464098266,409.4,25
1719464098266,409.4,25
1719464098266,409.4,25
1719464098266,409.4,25
1719464098266,409.4,25
1719464119043,409.8,50
1719464121237,412.2,25
1719464122107,411.1,25
1719464122107,411.1,25
1719464122107,411.1,25
1719464124422,409.6,25
1719464124422,409.6,25
1719464125396,409.7,25
1719464125396,409.7,25
1719464125396,409.7,25
1719464125396,409.7,25
1719464129440,410.5,25
1719464129440,410.5,25
1719464129440,410.5,25
1719464131279,410.35,50
1719464160819,408.75,25
1719464160819,408.75,25
1719464170475,409.95,25
1719464170475,409.95,25
1719464170475,409.95,25
1719464172200,410.0,25
1719464172200,410.0,25
1719464172200,410.0,25
1719464172200,410.0,25
1719464172200,410.0,25
1719464179117,409.15,25
1719464179117,409.15,25
1719464179117,409.15,25
1719464179117,409.15,25
1719464179117,409.15,25
1719464198882,412.25,25
1719464198882,412.25,25
1719464198882,412.25,25
1719464198882,412.25,25
1719464211742,412.4,25
1719464211742,412.4,25
1719464211742,412.4,25
1719464211742,412.4,25
1719464211742,412.4,25
1719464211742,412.4,25
1719464211742,412.4,25
1719464219077,415.8,25
1719464219077,415.8,25
1719464220892,416.05,25
1719464220892,416.05,25
1719464220892,416.05,25
1719464222891,416.85,100
1719464222891,416.85,100
1719464222891,416.85,100
1719464222891,416.85,100
1719464228145,420.0,25
1719464228305,419.75,25
1719464228305,419.75,25
1719464230069,421.2,100
1719464230069,421.2,100
1719464231455,422.3,25
1719464231455,422.3,25
1719464231455,422.3,25
1719464231455,422.3,25
1719464237046,420.0,25
1719464237046,420.0,25
1719464237046,420.0,25
1719464240591,419.75,75
1719464240591,419.75,75
1719464241909,420.25,25
1719464241909,420.25,25
1719464241909,420.25,25
1719464241909,420.25,25
1719464246834,425.0,25
1719464247060,426.25,25
1719464248433,429.3,25
1719464248579,430.0,25
1719464249632,430.6,50
1719464249632,430.6,50
1719464249632,430.6,50
1719464251524,429.2,25
1719464251524,429.2,25
1719464251897,428.75,25
1719464251897,428.75,25
1719464252995,429.1,25
1719464252995,429.1,25
1719464254131,433.75,25
1719464254131,433.75,25
1719464254131,433.75,25
1719464254131,433.75,25
1719464254131,433.75,25
1719464254131,433.75,25
1719464263051,430.6,25
1719464263472,432.5,25
1719464263472,432.5,25
1719464265528,431.0,75
1719464265528,431.0,75
1719464268112,432.45,25
1719464268112,432.45,25
1719464268112,432.45,25
1719464268112,432.45,25
1719464268112,432.45,25
1719464268112,432.45,25
1719464268112,432.45,25
1719464268112,432.45,25
1719464291416,432.45,25
1719464291416,432.45,25
1719464292214,436.0,125
1719464292584,435.55,25
1719464292584,435.55,25
1719464293702,435.15,25
1719464294190,434.55,25
1719464294190,434.55,25
1719464295546,433.3,75
1719464295546,433.3,75
1719464295546,433.3,75
1719464295546,433.3,75
1719464299200,434.55,25
1719464299200,434.55,25
1719464300710,432.9,25
1719464300710,432.9,25
1719464300710,432.9,25
1719464300710,432.9,25
1719464304996,432.9,50
1719464304996,432.9,50
1719464306743,432.7,50
1719464306743,432.7,50
1719464307771,435.5,50
1719464307771,435.5,50
1719464309605,435.55,50
1719464309605,435.55,50
1719464310379,438.0,25
1719464310379,438.0,25
1719464310379,438.0,25
1719464312554,437.65,25
1719464313683,438.0,25
1719464314449,440.7,25
1719464315139,437.75,50
1719464315139,437.75,50
1719464316565,438.6,25
1719464316565,438.6,25
1719464316565,438.6,25
1719464318212,439.35,25
1719464318513,439.05,25
1719464319159,439.15,25
1719464319159,439.15,25
1719464320231,439.1,25
1719464320231,439.1,25
1719464321866,440.4,25
1719464322903,440.0,25
1719464322903,440.0,25
1719464323351,441.3,25
1719464324039,441.0,75
1719464324039,441.0,75
1719464324932,440.2,25
1719464324932,440.2,25
1719464326461,439.8,175
1719464326461,439.8,175
1719464327367,438.0,100
1719464327367,438.0,100
1719464329403,434.3,25
1719464329403,434.3,25
1719464364755,438.4,25
1719464364755,438.4,25
1719464364755,438.4,25
1719464370311,436.0,25
1719464370311,436.0,25
1719464370311,436.0,25
1719464372597,436.8,50
1719464372878,435.65,50
1719464373219,437.35,25
1719464378091,436.55,25
1719464378091,436.55,25
1719464379513,436.7,25
1719464379513,436.7,25
1719464379513,436.7,25
1719464379513,436.7,25
1719464382696,437.35,100
1719464384045,435.0,25
1719464384045,435.0,25
1719464385630,434.0,50
1719464386464,435.0,50
1719464386464,435.0,50
1719464388248,434.85,25
1719464388248,434.85,25
1719464388248,434.85,25
1719464388248,434.85,25
1719464388248,434.85,25
1719464393725,437.25,25
1719464393725,437.25,25
1719464393725,437.25,25
1719464396072,436.6,50
1719464396072,436.6,50
1719464398074,438.0,50
1719464398074,438.0,50
1719464399750,437.5,75
1719464399750,437.5,75
1719464399750,437.5,75
1719464402006,434.8,50
1719464403004,433.85,25
1719464403004,433.85,25
1719464404681,435.7,75
1719464404681,435.7,75
1719464404681,435.7,75
1719464404681,435.7,75
1719464404681,435.7,75
1719464404681,435.7,75
1719464404681,435.7,75
1719464411859,435.55,75
1719464412253,434.9,75
1719464412253,434.9,75
1719464413941,434.45,25
1719464413941,434.45,25
1719464413941,434.45,25
1719464413941,434.45,25
1719464413941,434.45,25
1719464413941,434.45,25
1719464413941,434.45,25
1719464421458,434.95,25
1719464421562,435.9,25
1719464421562,435.9,25
1719464421562,435.9,25
1719464421562,435.9,25
1719464421562,435.9,25
1719464421562,435.9,25
1719464428329,437.35,50
1719464428329,437.35,50
1719464428329,437.35,50
1719464428329,437.35,50
1719464428329,437.35,50
1719464433029,437.55,50
1719464433029,437.55,50
1719464433029,437.55,50
1719464435776,437.9,25
1719464435776,437.9,25
1719464436680,437.35,100
1719464437681,438.35,50
1719464437681,438.35,50
1719464438107,439.3,25
1719464439130,440.5,25
1719464439130,440.5,25
1719464439130,440.5,25
1719464440966,440.25,25
1719464441234,438.6,25
1719464442097,440.7,25
1719464442097,440.7,25
1719464442097,440.7,25
1719464445300,438.45,150
1719464445300,438.45,150
1719464445300,438.45,150
1719464448114,437.25,50
1719464448114,437.25,50
1719464449776,437.55,25
1719464449776,437.55,25
1719464451517,436.9,25
1719464453566,437.05,50
1719464453585,436.45,50
1719464465766,431.6,50
1719464467457,433.6,25
1719464467664,433.4,25
1719464467870,433.15,50
1719464468074,433.15,50
1719464468074,433.15,50
1719464468074,433.15,50
1719464472803,434.75,25
1719464472803,434.75,25
1719464472803,434.75,25
1719464475535,435.0,25
1719464476531,434.95,25
1719464476531,434.95,25
1719464477269,434.55,50
1719464477269,434.55,50
1719464477269,434.55,50
1719464502594,434.0,25
1719464502594,434.0,25
1719464502594,434.0,25
1719464502594,434.0,25
1719464519623,430.1,25
1719464519623,430.1,25
1719464521512,429.0,50
1719464521512,429.0,50
1719464522480,427.0,125
1719464522480,427.0,125
1719464523952,425.5,25
1719464524268,423.85,100
1719464524779,426.0,50
1719464535849,427.0,25
1719464537334,427.15,25
1719464537334,427.15,25
1719464537334,427.15,25
1719464537334,427.15,25
1719464537334,427.15,25
1719464537334,427.15,25
1719464537334,427.15,25
1719464537334,427.15,25
1719464537334,427.15,25
1719464549295,424.15,25
1719464564142,424.1,25
1719464565150,422.95,25
1719464565150,422.95,25
1719464565150,422.95,25
1719464567510,421.5,25
1719464567510,421.5,25
1719464567510,421.5,25
1719464571328,423.2,25
1719464571328,423.2,25
1719464572404,423.75,175
1719464572404,423.75,175
1719464573463,422.95,25
1719464573463,422.95,25
1719464573463,422.95,25
1719464573463,422.95,25
1719464582033,422.8,100
1719464582033,422.8,100
1719464588838,421.0,25
1719464589573,420.0,25
1719464590706,417.45,25
1719464591778,415.85,50
1719464591778,415.85,50
1719464593990,412.2,50
1719464594966,415.0,25
1719464595152,415.4,100
1719464596663,414.6,75
1719464596663,414.6,75
1719464596663,414.6,75
1719464599633,412.0,50
1719464599633,412.0,50
1719464600841,410.0,50
1719464601416,405.2,25
1719464601416,405.2,25
1719464602728,403.1,25
1719464603527,402.3,25
1719464603868,401.6,25
1719464603868,401.6,25
1719464605558,403.6,25
1719464606042,403.35,25
1719464606818,397.4,50
1719464607393,392.45,25
1719464607798,391.5,75
1719464608465,394.1,25
1719464608465,394.1,25
1719464609902,386.8,25
1719464610827,387.25,25
1719464610827,387.25,25
1719464611580,380.0,25
1719464611852,379.5,175
1719464611989,374.05,25
1719464612525,368.0,25
1719464613788,341.6,25
1719464626665,377.3,25
1719464627208,378.05,50
1719464627759,376.2,25
1719464627759,376.2,25
1719464629785,384.2,25
1719464630190,386.15,50
1719464630190,386.15,50
1719464631772,383.3,50
1719464631772,383.3,50
1719464633108,383.15,25
1719464633805,379.4,25
1719464633884,379.5,50
1719464635031,373.25,75
1719464635314,375.35,100
1719464635314,375.35,100
1719464636584,368.45,75
1719464636999,368.95,25
1719464636999,368.95,25
1719464639065,370.45,25
1719464639065,370.45,25
1719464639065,370.45,25
1719464641225,369.9,25
1719464641225,369.9,25
1719464641946,370.2,25
1719464641946,370.2,25
1719464643656,372.3,25
1719464643787,372.5,50
1719464643787,372.5,50
1719464644465,373.95,25
1719464645274,375.05,25
1719464645274,375.05,25
1719464646806,378.5,75
1719464647448,378.35,25
1719464648590,381.3,75
1719464648590,381.3,75
1719464650014,378.35,75
1719464650014,378.35,75
1719464650914,377.85,25
1719464651500,374.55,125
1719464651500,374.55,125
1719464651500,374.55,125
1719464653524,375.3,50
1719464653757,375.8,25
1719464654497,372.75,50
1719464655991,373.25,25
1719464655991,373.25,25
1719464656865,371.95,50
1719464656865,371.95,50
1719464656865,371.95,50
1719464660065,379.2,50
1719464660448,380.15,25
1719464660448,380.15,25
1719464660989,378.25,25
1719464662107,377.85,25
1719464662107,377.85,25
1719464663342,375.45,150
1719464663795,376.45,25
1719464665070,370.5,25
1719464665202,370.0,250
1719464665202,370.0,250
1719464667029,373.75,100
1719464667029,373.75,100
1719464667029,373.75,100
1719464669675,372.9,25
1719464670460,375.15,25
1719464670460,375.15,25
1719464670460,375.15,25
1719464670460,375.15,25
1719464672463,379.0,25
1719464672997,379.2,25
1719464672997,379.2,25
1719464674418,378.7,25
1719464674879,379.5,25
1719464674879,379.5,25
1719464675550,379.85,50
1719464676244,378.25,25
1719464676244,378.25,25
1719464676244,378.25,25
1719464677836,379.15,25
1719464678244,379.25,25
1719464678244,379.25,25
1719464679606,378.25,25
1719464680161,377.55,25
1719464680708,374.9,100
1719464680929,374.6,25
1719464680929,374.6,25
1719464680929,374.6,25
1719464680929,374.6,25
1719464684249,377.55,100
1719464684437,376.15,25
1719464684437,376.15,25
1719464686105,376.9,25
1719464686846,376.7,50
1719464686846,376.7,50
1719464687756,374.4,75
1719464688116,372.7,75
1719464688116,372.7,75
1719464688116,372.7,75
1719464690399,374.8,25
1719464690399,374.8,25
1719464690399,374.8,25
1719464692806,371.25,50
1719464694151,370.0,75
1719464694914,369.65,50
1719464695449,368.35,25
1719464696458,366.0,25
1719464696458,366.0,25
1719464698657,366.85,25
1719464702304,357.6,25
1719464702304,357.6,25
1719464703420,357.45,25
1719464703420,357.45,25
1719464704763,357.25,25
1719464705303,358.95,50
1719464705837,360.3,50
1719464712222,367.1,25
1719464712865,366.85,25
1719464712865,366.85,25
1719464714502,366.8,25
1719464714502,366.8,25
1719464715275,369.9,25
1719464715275,369.9,25
1719464717183,370.3,25
1719464717183,370.3,25
1719464718110,369.75,25
1719464718110,369.75,25
1719464719911,368.8,25
1719464719911,368.8,25
1719464721026,367.7,75
1719464721642,367.75,25
1719464722012,367.2,50
1719464723006,363.7,25
1719464723634,362.8,25
1719464724379,365.0,25
1719464724986,365.5,25
1719464725665,364.75,50
1719464725665,364.75,50
1719464726743,364.1,25
1719464727104,365.6,25
1719464727104,365.6,25
1719464728027,364.7,100
1719464729393,362.95,25
1719464729393,362.95,25
1719464730407,365.45,50
1719464730407,365.45,50
1719464730407,365.45,50
1719464731956,365.8,50
1719464731956,365.8,50
1719464733084,367.3,50
1719464733419,367.75,50
1719464734169,366.85,50
1719464734797,366.15,25
1719464734797,366.15,25
1719464735888,367.2,25
1719464735888,367.2,25
1719464737715,366.75,25
1719464737715,366.75,25
1719464737715,366.75,25
1719464741170,370.0,175
1719464742217,368.95,25
1719464742217,368.95,25
1719464742885,368.85,75
1719464743741,369.55,25
1719464744060,369.65,100
1719464744060,369.65,100
1719464744060,369.65,100
1719464744060,369.65,100
1719464748008,369.7,25
1719464748008,369.7,25
1719464749433,372.2,75
1719464749433,372.2,75
1719464751425,373.9,75
1719464751649,373.1,25
1719464751649,373.1,25
1719464753179,372.75,50
1719464753682,372.2,25
1719464753682,372.2,25
1719464753682,372.2,25
1719464757154,377.0,25
1719464757154,377.0,25
1719464757154,377.0,25
1719464779437,372.7,25
1719464779437,372.7,25
1719464783606,372.8,25
1719464783606,372.8,25
1719464784291,373.55,25
1719464784421,374.6,25
1719464784421,374.6,25
1719464785781,376.2,25
1719464785781,376.2,25
1719464786863,379.35,25
1719464786863,379.35,25
1719464786863,379.35,25
1719464790217,378.55,25
1719464790217,378.55,25
1719464790217,378.55,25
1719464790217,378.55,25
1719464801847,376.8,25
1719464810290,376.8,25
1719464811055,376.7,50
1719464811055,376.7,50
1719464811055,376.7,50
1719464811055,376.7,50
1719464811055,376.7,50
1719464811055,376.7,50
1719464811055,376.7,50
1719464819495,375.75,25
1719464820700,373.8,50
1719464820978,375.45,25
1719464820978,375.45,25
1719464822162,375.95,25
1719464822508,377.9,25
1719464822785,377.4,25
1719464822785,377.4,25
1719464822785,377.4,25
1719464822785,377.4,25
1719464822785,377.4,25
1719464829062,376.25,25
1719464829062,376.25,25
1719464829062,376.25,25
1719464832541,384.8,50
1719464833880,383.0,150
1719464833880,383.0,150
1719464833880,383.0,150
1719464833880,383.0,150
1719464839806,384.0,50
1719464839806,384.0,50
1719464840618,381.85,25
1719464840618,381.85,25
1719464840618,381.85,25
1719464840618,381.85,25
1719464845062,384.0,25
1719464845062,384.0,25
1719464849994,385.0,125
1719464849994,385.0,125
1719464852791,384.9,25
1719464853815,385.5,25
1719464853815,385.5,25
1719464855814,386.9,25
1719464855814,386.9,25
1719464857727,388.25,25
1719464858862,388.1,100
1719464858862,388.1,100
1719464859694,387.75,50
1719464859694,387.75,50
1719464859694,387.75,50
1719464859694,387.75,50
1719464863922,384.0,800
1719464864389,382.8,25
1719464864389,382.8,25
1719464864389,382.8,25
1719464864389,382.8,25
1719464869140,388.6,25
1719464869140,388.6,25
1719464869140,388.6,25
1719464871489,387.8,25
1719464871489,387.8,25
1719464871489,387.8,25
1719464874107,388.25,25
1719464874107,388.25,25
1719464874107,388.25,25
1719464878708,387.8,50
1719464879220,387.75,25
1719464879782,387.8,25
1719464879782,387.8,25
1719464880768,386.5,25
1719464880768,386.5,25
1719464880768,386.5,25
1719464880768,386.5,25
1719464883096,385.85,25
1719464883096,385.85,25
1719464883096,385.85,25
1719464886909,383.65,25
1719464886909,383.65,25
1719464886909,383.65,25
1719464886909,383.65,25
1719464886909,383.65,25
1719464892223,382.15,25
1719464892663,379.5,150
1719464892663,379.5,150
1719464893566,381.25,50
1719464893566,381.25,50
1719464895040,380.2,25
1719464895552,381.55,275
1719464895552,381.55,275
1719464895552,381.55,275
1719464895552,381.55,275
1719464899543,379.7,150
1719464899543,379.7,150
1719464899543,379.7,150
1719464899543,379.7,150
1719464899543,379.7,150
1719464899543,379.7,150
1719464899543,379.7,150
1719464899543,379.7,150
1719464899543,379.7,150
1719464899543,379.7,150
1719464899543,379.7,150
1719464899543,379.7,150
1719464915414,389.3,50
1719464915414,389.3,50
1719464916307,388.7,25
1719464916533,389.3,100
1719464918150,385.9,25
1719464918150,385.9,25
1719464919721,387.95,25
1719464919721,387.95,25
1719464920156,388.4,25
1719464920156,388.4,25
1719464921882,386.55,25
1719464921882,386.55,25
1719464923361,386.95,25
1719464923361,386.95,25
1719464924575,386.05,25
1719464924575,386.05,25
1719464924940,385.25,25
1719464925868,385.8,25
1719464925868,385.8,25
1719464925868,385.8,25
1719464925868,385.8,25
1719464928374,383.9,25
1719464928909,386.2,75
1719464929695,385.85,25
1719464929868,386.95,25
1719464930882,383.0,25
1719464930882,383.0,25
1719464931322,382.95,25
1719464932878,384.15,25
1719464932878,384.15,25
1719464934204,383.15,25
1719464934605,382.7,25
1719464934902,381.8,25
1719464935809,382.2,25
1719464936863,381.55,25
1719464936863,381.55,25
1719464937496,381.2,50
1719464937496,381.2,50
1719464938784,383.7,25
1719464939559,386.55,50
1719464939559,386.55,50
1719464939559,386.55,50
1719464942428,386.3,25
1719464942428,386.3,25
1719464942428,386.3,25
1719464944913,387.9,50
1719464944913,387.9,50
1719464944913,387.9,50
1719464944913,387.9,50
1719464948025,383.85,25
1719464949047,383.4,25
1719464949047,383.4,25
1719464949047,383.4,25
1719464949047,383.4,25
1719464952331,378.8,50
1719464952607,380.1,25
1719464952607,380.1,25
1719464952607,380.1,25
1719464955662,382.05,50
1719464955662,382.05,50
1719464955662,382.05,50
1719464957690,384.3,75
1719464957690,384.3,75
1719464957690,384.3,75
1719464957690,384.3,75
1719464962436,381.8,25
1719464962436,381.8,25
1719464962436,381.8,25
1719464962436,381.8,25
1719464962436,381.8,25
1719464962436,381.8,25
1719464962436,381.8,25
1719464970777,380.4,25
1719464970777,380.4,25
1719464970777,380.4,25
1719464972451,380.85,25
1719464972451,380.85,25
1719464973610,381.8,25
1719464973610,381.8,25
1719464974346,383.0,75
1719464974346,383.0,75
1719464974346,383.0,75
1719464974346,383.0,75
1719464978198,380.55,25
1719464979494,380.65,25
1719464980239,380.3,25
1719464980239,380.3,25
1719464980239,380.3,25
1719464980239,380.3,25
1719464984762,381.95,25
1719464984762,381.95,25
1719464986183,381.55,25
1719464986183,381.55,25
1719464987962,381.4,25
1719464987962,381.4,25
1719464987962,381.4,25
1719464990890,378.75,125
1719464990890,378.75,125
1719464990890,378.75,125
1719464994730,379.0,25
1719464995060,377.05,100
1719464995060,377.05,100
1719464995060,377.05,100
1719464998462,379.6,25
1719464998462,379.6,25
1719464998462,379.6,25
1719464998462,379.6,25
1719464998462,379.6,25
1719465002068,380.4,175
1719465002068,380.4,175
1719465004531,380.85,50
1719465004531,380.85,50
1719465004531,380.85,50
1719465004531,380.85,50
1719465008622,381.8,25
1719465008622,381.8,25
1719465009788,379.6,50
1719465009788,379.6,50
1719465009788,379.6,50
1719465009788,379.6,50
1719465014411,378.5,25
1719465014411,378.5,25
1719465015288,377.95,25
1719465015288,377.95,25
1719465015288,377.95,25
1719465015288,377.95,25
1719465015288,377.95,25
1719465018876,378.75,25
1719465018876,378.75,25
1719465021453,378.3,25
1719465021453,378.3,25
1719465023018,377.2,25
1719465023018,377.2,25
1719465024471,374.1,25
1719465031685,379.05,25
1719465044323,378.55,25
1719465046614,380.4,75
1719465046614,380.4,75
1719465047394,380.3,75
1719465047394,380.3,75
1719465047394,380.3,75
1719465049408,380.45,75
1719465049408,380.45,75
1719465049408,380.45,75
1719465049408,380.45,75
1719465073906,373.25,75
1719465073906,373.25,75
1719465073906,373.25,75
1719465073906,373.25,75
1719465079961,375.85,25
1719465079961,375.85,25
1719465084853,375.4,25
1719465090714,373.4,25
1719465090714,373.4,25
1719465091506,373.05,25
1719465097738,372.65,25
1719465098682,370.9,50
1719465098879,371.45,25
1719465098879,371.45,25
1719465098879,371.45,25
1719465101905,366.9,50
1719465101948,366.2,25
1719465101948,366.2,25
1719465104559,370.4,25
1719465104729,369.15,75
1719465107058,368.45,175
1719465108841,368.7,25
1719465108841,368.7,25
1719465110619,369.15,125
1719465111023,369.0,25
1719465111023,369.0,25
1719465111967,370.4,75
1719465111967,370.4,75
1719465111967,370.4,75
1719465114605,366.2,25
1719465114777,365.6,75
1719465114777,365.6,75
1719465114777,365.6,75
1719465117503,366.0,75
1719465117503,366.0,75
1719465117503,366.0,75
1719465117503,366.0,75
1719465117503,366.0,75
1719465121744,369.0,50
1719465121744,369.0,50
1719465123214,370.75,25
1719465123214,370.75,25
1719465124911,371.65,25
1719465124911,371.65,25
1719465126375,369.0,25
1719465126375,369.0,25
1719465126375,369.0,25
1719465126375,369.0,25
1719465130166,370.2,25
1719465130166,370.2,25
1719465130166,370.2,25
1719465130166,370.2,25
1719465134631,370.95,25
1719465134631,370.95,25
1719465134631,370.95,25
1719465134631,370.95,25
1719465134631,370.95,25
1719465139913,371.7,25
1719465140145,370.85,25
1719465140145,370.85,25
1719465140296,371.9,25
1719465140296,371.9,25
1719465140296,371.9,25
1719465143307,368.0,25
1719465143307,368.0,25
1719465144250,366.0,25
1719465145134,368.4,125
1719465145870,371.0,25
1719465145870,371.0,25
1719465145870,371.0,25
1719465145870,371.0,25
1719465150196,374.35,100
1719465150196,374.35,100
1719465150196,374.35,100
1719465150196,374.35,100
1719465150196,374.35,100
1719465150196,374.35,100
1719465150196,374.35,100
1719465150196,374.35,100
1719465150196,374.35,100
1719465150196,374.35,100
1719465150196,374.35,100
1719465150196,374.35,100
1719465162666,374.85,75
1719465162666,374.85,75
1719465162666,374.85,75
1719465162666,374.85,75
1719465162666,374.85,75
1719465167205,373.95,25
1719465167205,373.95,25
1719465168472,372.15,25
1719465169156,370.5,25
1719465169156,370.5,25
1719465170256,370.0,25
1719465170256,370.0,25
1719465170256,370.0,25
1719465170256,370.0,25
1719465170256,370.0,25
1719465170256,370.0,25
1719465176960,370.65,25
1719465176960,370.65,25
1719465176960,370.65,25
1719465176960,370.65,25
1719465176960,370.65,25
1719465176960,370.65,25
1719465176960,370.65,25
1719465176960,370.65,25
1719465176960,370.65,25
1719465176960,370.65,25
1719465176960,370.65,25
1719465189122,370.4,75
1719465189122,370.4,75
1719465189122,370.4,75
1719465189122,370.4,75
1719465189122,370.4,75
1719465189122,370.4,75
1719465195389,372.4,25
1719465195389,372.4,25
1719465196422,371.25,50
1719465196422,371.25,50
1719465196422,371.25,50
1719465196422,371.25,50
1719465196422,371.25,50
1719465201688,365.05,25
1719465201688,365.05,25
1719465202660,363.0,25
1719465203176,360.05,25
1719465203570,357.6,25
1719465204460,360.25,25
1719465204460,360.25,25
1719465204460,360.25,25
1719465207931,357.4,100
1719465208006,358.5,25
1719465208759,359.85,25
1719465208759,359.85,25
1719465210207,359.5,75
1719465210420,360.1,25
1719465210420,360.1,25
1719465210420,360.1,25
1719465210420,360.1,25
1719465213211,352.15,25
1719465213459,354.9,175
1719465213703,355.3,25
1719465213703,355.3,25
1719465215992,347.05,100
1719465216183,342.5,25
1719465216183,342.5,25
1719465216941,344.75,75
1719465218298,343.9,50
1719465218298,343.9,50
1719465218701,342.0,125
1719465219995,337.95,25
1719465220235,336.05,25
1719465221406,333.85,25
1719465221510,333.45,25
1719465222016,337.1,25
1719465222847,339.05,75
1719465222847,339.05,75
1719465223728,341.5,25
1719465225086,338.4,50
1719465225086,338.4,50
1719465226057,339.1,25
1719465226057,339.1,25
1719465226967,336.05,50
1719465228056,331.3,25
1719465229193,318.0,25
1719465229819,326.4,25
1719465230187,328.65,25
1719465231194,329.4,50
1719465231236,328.25,100
1719465232132,328.25,25
1719465232132,328.25,25
1719465234100,329.75,25
1719465234436,330.95,25
1719465235094,329.2,25
1719465235276,329.2,25
1719465236533,322.25,25
1719465236883,320.2,25
1719465236883,320.2,25
1719465238508,321.85,25
1719465239221,322.1,25
1719465239637,322.25,50
1719465239637,322.25,50
1719465240654,317.95,25
1719465241414,315.2,25
1719465242108,316.65,25
1719465242493,316.5,75
1719465244168,317.55,25
1719465244168,317.55,25
1719465245210,322.15,50
1719465245667,320.85,75
1719465245667,320.85,75
1719465245667,320.85,75
1719465249084,321.4,75
1719465249534,319.65,25
1719465249534,319.65,25
1719465251002,316.6,25
1719465251002,316.6,25
1719465251946,317.95,25
1719465252989,312.9,75
1719465253176,310.35,75
1719465253254,312.4,25
1719465254244,314.6,50
1719465254244,314.6,50
1719465256341,317.7,25
1719465257188,318.3,200
1719465257891,318.8,25
1719465257891,318.8,25
1719465259078,315.2,25
1719465259279,314.65,25
1719465259279,314.65,25
1719465261111,315.35,25
1719465262389,317.35,25
1719465262389,317.35,25
1719465263231,316.05,50
1719465263231,316.05,50
1719465264170,316.35,25
1719465265011,318.5,75
1719465265011,318.5,75
1719465266056,317.2,25
1719465266782,320.85,25
1719465267397,320.8,25
1719465267990,320.95,25
1719465267990,320.95,25
1719465269605,316.3,200
1719465269891,314.95,25
1719465270162,314.1,50
1719465271218,310.0,25
1719465271480,311.15,25
1719465271480,311.15,25
1719465271480,311.15,25
1719465273014,310.9,25
1719465273878,308.2,25
1719465274851,309.5,25
1719465274851,309.5,25
1719465275906,310.75,125
1719465276801,309.65,25
1719465276961,311.05,25
1719465277926,313.55,25
1719465277926,313.55,25
1719465279431,311.6,25
1719465279431,311.6,25
1719465280794,311.55,175
1719465281137,311.25,25
1719465281532,313.8,25
1719465282119,313.3,75
1719465283175,315.7,25
1719465283175,315.7,25
1719465283686,316.0,25
1719465283686,316.0,25
1719465285395,313.65,25
1719465285972,313.15,150
1719465285972,313.15,150
1719465286839,314.05,25
1719465287492,315.7,500
1719465287492,315.7,500
1719465289020,314.45,25
1719465289020,314.45,25
1719465289020,314.45,25
1719465290551,313.15,25
1719465290979,314.35,25
1719465291363,315.35,25
1719465291363,315.35,25
1719465292268,314.5,25
1719465294017,317.9,50
1719465294464,319.6,50
1719465295065,319.55,25
1719465295065,319.55,25
1719465296243,319.65,25
1719465296877,318.55,25
1719465297356,317.75,25
1719465298221,316.9,25
1719465298605,315.9,25
1719465299525,317.15,50
1719465300086,314.1,25
1719465313287,305.1,25
1719465313287,305.1,25
1719465313287,305.1,25
1719465315109,305.25,25
1719465315109,305.25,25
1719465317427,306.45,25
1719465317647,307.65,25
1719465319428,303.3,25
1719465319428,303.3,25
1719465320749,306.5,25
1719465320749,306.5,25
1719465320749,306.5,25
1719465323208,306.8,25
1719465324089,306.8,25
1719465324089,306.8,25
1719465324885,308.9,25
1719465325415,308.75,25
1719465325702,307.45,25
1719465325702,307.45,25
1719465327878,306.35,25
1719465328293,305.55,25
1719465328850,306.5,25
1719465331459,312.5,150
1719465331459,312.5,150
1719465332269,312.65,25
1719465332839,312.95,50
1719465334432,316.9,25
1719465334753,314.15,25
1719465334753,314.15,25
1719465336286,315.5,25
1719465336286,315.5,25
1719465336286,315.5,25
1719465337871,310.95,25
1719465337871,310.95,25
1719465339910,305.25,25
1719465339910,305.25,25
1719465340333,304.85,25
1719465340892,307.05,100
1719465340892,307.05,100
1719465342453,310.05,25
1719465342873,310.1,25
1719465342873,310.1,25
1719465343884,312.1,25
1719465343884,312.1,25
1719465345155,315.4,125
1719465346529,315.3,25
1719465346529,315.3,25
1719465346529,315.3,25
1719465349301,313.9,25
1719465349301,313.9,25
1719465349301,313.9,25
1719465349301,313.9,25
1719465352756,317.1,25
1719465352756,317.1,25
1719465353701,315.3,50
1719465353701,315.3,50
1719465355542,315.35,25
1719465355893,316.2,125
1719465355893,316.2,125
1719465357198,315.0,25
1719465357692,311.9,75
1719465358297,311.3,25
1719465358383,311.6,50
1719465358383,311.6,50
1719465360202,311.75,25
1719465360744,312.5,25
1719465360744,312.5,25
1719465360744,312.5,25
1719465360744,312.5,25
1719465362824,310.0,25
1719465363260,311.9,25
1719465363260,311.9,25
1719465364456,314.4,25
1719465364456,314.4,25
1719465364456,314.4,25
1719465364456,314.4,25
1719465368271,315.0,75
1719465368271,315.0,75
1719465368621,315.0,25
1719465368621,315.0,25
1719465370246,315.25,25
1719465370246,315.25,25
1719465375194,315.45,25
1719465375194,315.45,25
1719465375194,315.45,25
1719465408152,316.0,50
1719465408152,316.0,50
1719465408974,317.0,50
1719465416251,316.8,25
1719465416756,314.95,25
1719465417798,315.95,25
1719465418618,315.9,25
1719465418618,315.9,25
1719465418618,315.9,25
1719465420163,315.45,25
1719465420498,315.6,25
1719465420498,315.6,25
1719465420498,315.6,25
1719465422119,314.05,25
1719465422119,314.05,25
1719465424122,313.35,25
1719465424701,313.0,50
1719465424701,313.0,50
1719465424701,313.0,50
1719465424701,313.0,50
1719465428853,313.05,25
1719465429028,312.5,75
1719465430087,310.3,25
1719465430087,310.3,25
1719465432078,314.6,25
1719465432078,314.6,25
1719465432078,314.6,25
1719465433681,318.1,50
1719465433681,318.1,50
1719465433681,318.1,50
1719465433681,318.1,50
1719465438990,314.2,125
1719465441179,311.0,25
1719465441179,311.0,25
1719465441179,311.0,25
1719465444262,309.2,25
1719465444262,309.2,25
1719465445130,310.3,25
1719465445130,310.3,25
1719465445130,310.3,25
1719465447174,312.3,25
1719465447963,312.15,25
1719465447963,312.15,25
1719465450115,310.0,75
1719465450115,310.0,75
1719465450115,310.0,75
1719465451889,310.0,50
1719465451889,310.0,50
1719465451889,310.0,50
1719465454661,310.95,25
1719465454661,310.95,25
1719465454661,310.95,25
1719465454661,310.95,25
1719465459207,309.2,25
1719465459749,309.2,25
1719465460303,305.15,50
1719465461102,304.4,25
1719465462338,307.25,25
1719465462338,307.25,25
1719465462338,307.25,25
1719465464123,308.0,25
1719465465110,309.1,25
1719465465110,309.1,25
1719465465110,309.1,25
1719465467220,309.6,50
1719465467220,309.6,50
1719465468459,307.1,25
1719465468459,307.1,25
1719465468459,307.1,25
1719465471641,308.75,75
1719465471914,308.75,25
1719465471914,308.75,25
1719465471914,308.75,25
1719465474332,307.1,25
1719465474332,307.1,25
1719465475158,308.4,25
1719465475158,308.4,25
1719465475158,308.4,25
1719465478361,308.85,25
1719465479828,307.35,25
1719465479828,307.35,25
1719465481231,311.0,25
1719465481421,312.05,50
1719465481421,312.05,50
1719465481421,312.05,50
1719465483272,313.1,50
1719465483272,313.1,50
1719465484673,310.25,50
1719465484673,310.25,50
1719465486056,307.35,50
1719465486056,307.35,50
1719465487361,306.25,25
1719465488119,306.75,100
1719465488752,304.4,50
1719465488752,304.4,50
1719465489477,305.65,50
1719465489477,305.65,50
1719465491482,307.3,50
1719465491482,307.3,50
1719465491482,307.3,50
1719465493770,309.35,25
1719465493770,309.35,25
1719465494658,308.35,25
1719465495275,310.0,25
1719465495275,310.0,25
1719465496665,309.05,25
1719465496665,309.05,25
1719465498397,307.3,250
1719465498892,308.0,50
1719465499463,309.7,125
1719465499463,309.7,125
1719465499463,309.7,125
1719465502524,308.1,25
1719465502728,307.7,25
1719465502915,308.7,325
1719465502915,308.7,325
1719465504532,311.15,50
1719465504532,311.15,50
1719465506072,312.55,100
1719465506072,312.55,100
1719465507882,309.5,25
1719465507987,310.15,25
1719465507987,310.15,25
1719465509406,311.45,25
1719465509406,311.45,25
1719465509406,311.45,25
1719465509406,311.45,25
1719465509406,311.45,25
1719465512191,308.85,50
1719465512191,308.85,50
1719465512191,308.85,50
1719465514118,308.75,50
1719465514118,308.75,50
1719465515159,308.15,25
1719465515159,308.15,25
1719465517033,307.85,25
1719465517033,307.85,25
1719465517957,307.7,25
1719465517957,307.7,25
1719465519538,310.65,25
1719465519538,310.65,25
1719465519538,310.65,25
1719465521812,310.0,25
1719465521812,310.0,25
1719465522659,310.45,25
1719465523363,309.45,25
1719465523363,309.45,25
1719465527505,311.7,25
1719465527794,312.3,25
1719465529025,312.25,25
1719465538533,306.25,150
1719465538647,306.3,25
1719465539292,304.95,75
1719465540237,303.65,25
1719465540237,303.65,25
1719465540237,303.65,25
1719465540237,303.65,25
1719465543120,304.1,50
1719465543232,305.3,25
1719465543232,305.3,25
1719465543512,306.75,25
1719465543512,306.75,25
1719465547370,309.35,25
1719465550532,308.4,25
1719465550532,308.4,25
1719465550532,308.4,25
1719465550532,308.4,25
1719465550532,308.4,25
1719465555392,308.2,25
1719465555392,308.2,25
1719465556521,308.4,25
1719465556521,308.4,25
1719465558163,310.0,50
1719465558312,310.0,200
1719465559103,308.8,25
1719465559103,308.8,25
1719465559103,308.8,25
1719465559103,308.8,25
1719465564167,312.35,25
1719465564167,312.35,25
1719465565195,312.35,125
1719465565195,312.35,125
1719465565195,312.35,125
1719465565195,312.35,125
1719465565195,312.35,125
1719465565195,312.35,125
1719465565195,312.35,125
1719465565195,312.35,125
1719465565195,312.35,125
1719465565195,312.35,125
1719465565195,312.35,125
1719465577150,311.9,25
1719465577150,311.9,25
1719465577150,311.9,25
1719465579472,311.0,50
1719465579472,311.0,50
1719465579472,311.0,50
1719465590519,318.0,25
1719465592300,320.05,25
1719465593648,319.05,25
1719465593648,319.05,25
1719465596529,319.0,25
1719465596529,319.0,25
1719465597864,322.0,25
1719465598023,324.0,150
1719465598336,326.8,50
1719465598972,333.5,25
1719465598972,333.5,25
1719465602328,324.9,25
1719465606319,324.85,25
1719465606929,326.4,25
1719465606929,326.4,25
1719465606929,326.4,25
1719465608663,327.55,125
1719465608879,326.05,25
1719465609596,327.4,25
1719465609596,327.4,25
1719465609596,327.4,25
1719465611563,326.3,25
1719465611563,326.3,25
1719465611563,326.3,25
1719465615496,327.05,50
1719465616185,325.2,25
1719465616185,325.2,25
1719465617396,326.3,50
