time,price,volume
1719461503094,100.6,75
1719461504554,101.0,200
1719461504971,100.65,25
1719461505695,100.85,25
1719461506191,100.65,425
1719461506191,100.65,425
1719461507420,101.0,25
1719461508487,101.0,350
1719461508487,101.0,350
1719461509540,100.85,150
1719461509540,100.85,150
1719461510523,101.0,25
1719461511524,100.6,75
1719461511630,100.9,25
1719461512609,100.5,25
1719461513185,100.95,50
1719461513185,100.95,50
1719461515368,100.45,25
1719461515920,100.1,25
1719461516630,99.1,75
1719461517104,99.65,25
1719461517164,99.75,25
1719461518633,100.5,25
1719461518771,100.55,25
1719461519409,100.55,25
1719461520341,100.35,25
1719461520428,100.5,200
1719461520617,100.65,25
1719461521396,100.45,25
1719461522130,101.05,100
1719461522130,101.05,100
1719461523467,100.15,100
1719461523931,100.6,25
1719461524735,100.95,100
1719461525247,100.75,50
1719461525451,100.7,100
1719461526375,101.2,75
1719461526843,101.7,25
1719461527773,102.4,25
1719461528564,101.8,25
1719461528564,101.8,25
1719461529588,102.1,50
1719461529942,101.65,25
1719461529942,101.65,25
1719461530954,101.45,100
1719461530954,101.45,100
1719461532811,101.1,25
1719461532811,101.1,25
1719461533832,101.05,50
1719461534577,101.4,25
1719461535630,101.65,25
1719461536386,101.45,25
1719461537060,101.45,75
1719461537479,101.5,50
1719461537479,101.5,50
1719461539085,101.2,25
1719461540024,101.85,25
1719461540594,102.05,25
1719461541557,102.25,25
1719461541557,102.25,25
1719461542620,102.1,25
1719461543199,102.25,25
1719461543679,102.5,25
1719461544588,102.65,25
1719461545451,102.65,25
1719461545587,102.95,25
1719461546591,103.3,25
1719461546793,103.15,50
1719461546793,103.15,50
1719461548681,102.0,50
1719461549737,102.55,25
1719461550181,102.2,50
1719461550625,101.7,50
1719461550724,102.05,50
1719461552115,102.0,25
1719461552530,102.2,100
1719461553445,102.35,25
1719461553445,102.35,25
1719461553909,102.05,25
1719461555478,102.15,25
1719461556337,102.1,25
1719461556337,102.1,25
1719461557821,102.15,150
1719461558628,102.0,25
1719461558628,102.0,25
1719461559603,101.85,25
1719461559603,101.85,25
1719461560945,102.0,100
1719461561658,102.0,250
1719461561658,102.0,250
1719461562663,102.6,25
1719461563540,103.0,25
1719461564641,103.5,50
1719461565409,103.5,25
1719461566481,103.45,100
1719461567097,103.65,50
1719461567097,103.65,50
1719461568503,103.5,25
1719461568728,103.4,25
1719461569023,103.4,25
1719461570511,103.55,25
1719461570883,103.2,25
1719461572205,102.85,25
1719461572205,102.85,25
1719461573002,103.15,25
1719461573780,103.05,125
1719461573780,103.05,125
1719461575454,103.5,25
1719461576569,103.1,25
1719461576968,102.75,25
1719461576968,102.75,25
1719461578520,102.8,150
1719461578520,102.8,150
1719461579839,102.85,25
1719461579839,102.85,25
1719461580459,102.85,25
1719461581489,102.85,50
1719461581489,102.85,50
1719461582592,102.85,25
1719461583583,102.65,25
1719461583583,102.65,25
1719461584601,102.9,25
1719461585538,103.0,150
1719461585668,103.45,25
1719461586227,103.5,75
1719461586792,103.5,25
1719461586792,103.5,25
1719461588457,103.5,25
1719461588700,103.5,25
1719461589270,103.45,300
1719461590172,103.7,25
1719461591251,104.0,25
1719461591251,104.0,25
1719461592681,104.3,25
1719461593229,104.55,25
1719461593815,104.2,25
1719461594173,103.8,25
1719461595665,103.6,50
1719461596057,103.0,100
1719461597147,103.2,25
1719461597282,103.2,25
1719461598308,103.5,25
1719461598714,103.6,75
1719461599515,103.55,25
1719461599789,103.5,25
1719461599789,103.5,25
1719461601521,103.0,25
1719461601521,103.0,25
1719461602699,103.45,100
1719461603372,103.55,25
1719461603372,103.55,25
1719461604481,103.9,150
1719461604736,103.8,25
1719461606514,103.0,25
1719461606730,103.0,25
1719461607466,103.5,50
1719461608582,103.65,25
1719461608756,103.9,100
1719461608756,103.9,100
1719461608756,103.9,100
1719461608756,103.9,100
1719461608756,103.9,100
1719461613741,103.65,100
1719461614623,103.4,25
1719461615667,103.95,25
1719461615667,103.95,25
1719461616323,103.8,25
1719461616323,103.8,25
1719461618216,104.2,25
1719461618216,104.2,25
1719461619562,103.6,50
1719461619809,103.7,100
1719461621480,102.7,25
1719461622000,103.2,25
1719461622000,103.2,25
1719461623244,102.8,50
1719461623244,102.8,50
1719461624569,102.0,100
1719461624569,102.0,100
1719461626050,101.8,450
1719461626875,102.4,25
1719461626875,102.4,25
1719461627373,102.1,150
1719461627373,102.1,150
1719461628984,101.9,25
1719461630587,102.0,25
1719461631062,101.65,150
1719461632249,102.65,475
1719461632402,102.15,75
1719461633657,102.15,25
1719461633657,102.15,25
1719461634613,101.9,50
1719461635267,102.2,25
1719461636603,102.3,25
1719461636603,102.3,25
1719461637400,102.3,25
1719461638580,102.45,25
1719461638580,102.45,25
1719461640024,102.45,25
1719461640234,102.55,25
1719461640234,102.55,25
1719461640234,102.55,25
1719461640827,102.75,100
1719461642059,103.05,25
1719461642429,103.0,25
1719461643252,102.55,25
1719461643840,102.8,25
1719461643840,102.8,25
1719461645096,102.8,25
1719461646586,103.0,25
1719461647139,102.55,250
1719461647480,102.8,25
1719461647766,102.95,25
1719461647766,102.95,25
1719461649614,103.05,25
1719461650055,103.05,25
1719461651245,102.8,25
1719461651245,102.8,25
1719461652614,102.45,25
1719461653761,101.95,25
1719461653761,101.95,25
1719461655812,102.0,75
1719461656486,101.85,25
1719461656486,101.85,25
1719461657994,102.15,100
1719461658814,102.6,75
1719461659344,102.65,25
1719461659344,102.65,25
1719461661889,103.5,200
1719461661889,103.5,200
1719461662720,103.6,50
1719461663696,104.3,250
1719461663806,103.75,25
1719461664398,103.9,25
1719461665715,103.6,75
1719461666052,103.2,25
1719461667008,103.0,75
1719461667008,103.0,75
1719461668639,102.25,100
1719461668961,102.4,25
1719461669467,102.5,50
1719461669467,102.5,50
1719461670618,102.75,25
1719461670618,102.75,25
1719461672177,102.75,75
1719461672652,102.75,25
1719461673074,102.8,25
1719461673074,102.8,25
1719461674516,102.85,75
1719461675314,103.2,25
1719461675314,103.2,25
1719461678117,102.3,25
1719461678628,102.85,25
1719461678628,102.85,25
1719461678628,102.85,25
1719461681133,102.55,100
1719461682209,102.6,50
1719461683265,102.5,50
1719461683919,101.95,250
1719461684171,102.0,125
1719461685123,101.95,125
1719461686620,101.7,25
1719461687249,101.95,400
1719461687486,102.25,25
1719461689000,102.3,25
1719461689667,101.9,50
1719461689774,101.75,125
1719461691951,101.65,25
1719461691951,101.65,25
1719461693124,102.35,75
1719461693124,102.35,75
1719461694673,101.8,100
1719461694673,101.8,100
1719461695822,102.0,25
1719461696734,102.1,25
1719461697081,102.3,25
1719461697538,101.7,25
1719461698617,102.4,25
1719461698821,102.55,25
1719461699359,102.7,325
1719461699359,102.7,325
1719461699359,102.7,325
1719461701133,101.35,250
1719461701735,101.55,50
1719461702416,100.6,250
1719461702416,100.6,250
1719461703885,101.25,25
1719461703885,101.25,25
1719461704723,101.6,25
1719461705512,101.9,25
1719461705512,101.9,25
1719461707168,102.45,125
1719461707733,103.0,25
1719461707733,103.0,25
1719461709598,103.05,100
1719461709598,103.05,100
1719461710620,101.9,175
1719461711470,101.5,125
1719461712412,102.25,50
1719461712412,102.25,50
1719461713862,102.45,25
1719461714449,102.4,75
1719461715602,102.5,25
1719461715673,102.45,25
1719461717189,102.35,25
1719461717678,102.45,125
1719461717678,102.45,125
1719461719697,101.35,200
1719461720371,100.95,75
1719461720371,100.95,75
1719461722324,101.05,50
1719461722642,101.2,25
1719461723091,101.5,25
1719461723091,101.5,25
1719461748654,99.0,25
1719461748968,99.0,25
1719461749602,98.85,25
1719461750636,98.8,50
1719461750959,98.55,150
1719461751585,98.0,50
1719461752300,97.75,25
1719461752706,98.05,25
1719461753181,98.0,50
1719461753862,98.1,100
1719461753862,98.1,100
1719461755682,98.45,75
1719461755883,98.1,25
1719461756586,98.15,50
1719461757473,98.7,75
1719461757473,98.7,75
1719461758474,98.9,25
1719461758474,98.9,25
1719461759173,98.75,50
1719461759173,98.75,50
1719461760500,98.55,75
1719461760792,98.45,25
1719461761715,98.45,25
1719461762135,98.0,175
1719461762135,98.0,175
1719461762964,98.25,25
1719461763879,98.3,175
1719461764346,98.15,25
1719461765269,98.15,25
1719461766194,98.3,250
1719461767481,98.1,50
1719461767716,98.15,50
1719461768648,98.35,25
1719461768806,98.2,100
1719461769657,98.1,50
1719461770719,98.25,25
1719461770719,98.25,25
1719461771517,98.25,75
1719461772215,99.0,25
1719461772638,98.65,175
1719461773481,98.45,25
1719461773481,98.45,25
1719461774949,99.1,25
1719461775321,99.0,50
1719461775321,99.0,50
1719461776517,98.8,25
1719461777157,98.8,50
1719461777157,98.8,50
1719461778454,98.65,100
1719461779007,98.55,50
1719461779741,98.65,25
1719461780632,98.75,50
1719461781422,98.55,50
1719461781422,98.55,50
1719461782445,98.65,125
1719461783970,98.45,25
1719461784070,98.45,25
1719461784597,98.6,50
1719461785456,98.55,50
1719461785456,98.55,50
1719461787114,97.45,150
1719461787114,97.45,150
1719461787568,97.0,25
1719461788676,96.85,25
1719461788869,97.0,50
1719461789789,97.0,25
1719461790038,96.7,25
1719461790590,96.75,250
1719461791415,97.45,25
1719461792357,97.3,50
1719461792985,97.5,100
1719461793667,97.7,25
1719461794081,97.5,25
1719461794560,98.0,25
1719461795060,97.55,75
1719461795060,97.55,75
1719461796698,97.45,125
1719461797153,97.65,75
1719461797517,97.65,25
1719461798648,97.0,125
1719461798648,97.0,125
1719461799749,97.55,225
1719461800539,97.45,25
1719461801231,97.65,100
1719461801231,97.65,100
1719461802476,97.3,25
1719461803814,97.0,125
1719461804180,97.5,25
1719461804321,97.5,1475
1719461805770,97.2,25
1719461806718,97.6,50
1719461806718,97.6,50
1719461807757,97.25,25
1719461808648,97.5,125
1719461809136,97.2,125
1719461809480,97.3,50
1719461810783,97.7,25
1719461810783,97.7,25
1719461811766,97.2,25
1719461812333,97.6,25
1719461812884,97.65,25
1719461813716,97.5,125
1719461813716,97.5,125
1719461814475,97.4,100
1719461815567,98.2,25
1719461816518,97.8,25
1719461817392,98.75,50
1719461817392,98.75,50
1719461818517,98.65,25
1719461818517,98.65,25
1719461819679,98.65,475
1719461820376,98.75,25
1719461820643,98.4,25
1719461820876,98.7,25
1719461821532,98.6,25
1719461822260,98.8,25
1719461822260,98.8,25
1719461823774,98.95,25
1719461824060,99.0,25
1719461824775,99.35,25
1719461825420,98.75,25
1719461826744,99.0,25
1719461827150,99.4,25
1719461827775,99.3,25
1719461829010,98.9,25
1719461829589,99.0,25
1719461830671,99.15,25
1719461830671,99.15,25
1719461831762,99.7,25
1719461832082,99.45,25
1719461832082,99.45,25
1719461833966,98.7,50
1719461833966,98.7,50
1719461833966,98.7,50
1719461836762,98.75,25
1719461837359,99.2,200
1719461837536,99.2,50
1719461837949,99.15,150
1719461838976,99.35,25
1719461839684,100.0,25
1719461840106,100.0,25
1719461841560,99.85,50
1719461842044,100.35,25
1719461842798,99.8,25
1719461843649,99.5,75
1719461844190,99.95,50
1719461844396,99.7,50
1719461845454,99.7,50
1719461846754,99.8,50
1719461847013,99.7,50
1719461847013,99.7,50
1719461847013,99.7,50
1719461849587,99.6,50
1719461849824,100.0,50
1719461850451,100.3,50
1719461850498,100.3,200
1719461851215,100.15,50
1719461852411,100.4,25
1719461852668,100.55,150
1719461852668,100.55,150
1719461854803,100.15,100
1719461855654,100.4,25
1719461855993,100.0,475
1719461857360,100.0,150
1719461857588,100.35,25
1719461858918,100.2,50
1719461859130,100.55,25
1719461859130,100.55,25
1719461860411,100.7,25
1719461861902,100.4,50
1719461861902,100.4,50
1719461862784,100.6,50
1719461863283,100.35,25
1719461864191,100.7,25
1719461864191,100.7,25
1719461865130,100.25,100
1719461865130,100.25,100
1719461865130,100.25,100
1719461867538,100.2,50
1719461868758,100.65,50
1719461868758,100.65,50
1719461869359,100.8,50
1719461870357,100.95,100
1719461871374,100.9,25
1719461871900,101.0,25
1719461873033,101.1,100
1719461873190,100.85,25
1719461873190,100.85,25
1719461874721,101.55,25
1719461875037,101.55,25
1719461876980,101.3,25
1719461877436,101.75,50
1719461877436,101.75,50
1719461878455,101.7,50
1719461878455,101.7,50
1719461879685,101.5,25
1719461880281,101.6,25
1719461880858,101.55,25
1719461881026,101.5,50
1719461881805,101.7,100
1719461882268,101.8,200
1719461882268,101.8,200
1719461883755,101.55,225
1719461883755,101.55,225
1719461884716,101.5,25
1719461885410,101.45,25
1719461886224,101.45,25
1719461886224,101.45,25
1719461888010,101.45,50
1719461888190,101.55,200
1719461889166,101.35,25
1719461889818,101.4,25
1719461890298,101.6,25
1719461891167,101.5,25
1719461891167,101.5,25
1719461893020,101.6,125
1719461893020,101.6,125
1719461894901,102.05,150
1719461895629,102.05,150
1719461897148,101.8,50
1719461897148,101.8,50
1719461898265,101.95,50
1719461898265,101.95,50
1719461899713,101.8,25
1719461900507,101.6,25
1719461901838,101.5,25
1719461901967,101.0,75
1719461902585,101.15,25
1719461903555,101.15,25
1719461904012,101.0,25
1719461904012,101.0,25
1719461905432,101.45,25
1719461905432,101.45,25
1719461906505,102.0,100
1719461907498,102.05,25
1719461907588,101.7,25
1719461908938,102.0,25
1719461909187,101.8,25
1719461909635,101.6,25
1719461910333,102.0,25
1719461910786,102.1,75
1719461910786,102.1,75
1719461911736,102.45,25
1719461911972,102.3,25
1719461912789,101.95,100
1719461913636,102.2,100
1719461913636,102.2,100
1719461915235,102.65,25
1719461915235,102.65,25
1719461917249,102.7,500
1719461917249,102.7,500
1719461918475,102.55,250
1719461918684,102.3,25
1719461919140,102.25,25
1719461919140,102.25,25
1719461920618,102.3,25
1719461920618,102.3,25
1719461921814,101.8,50
1719461922549,101.6,25
1719461923002,101.8,25
1719461923453,101.8,25
1719461923453,101.8,25
1719461925767,101.3,25
1719461926072,100.8,100
1719461927230,101.7,25
1719461927230,101.7,25
1719461928464,101.25,25
1719461928464,101.25,25
1719461929842,101.95,25
1719461930820,101.3,100
1719461930820,101.3,100
1719461931886,101.5,25
1719461931886,101.5,25
1719461933591,101.6,25
1719461933849,101.7,25
1719461934349,101.55,25
1719461934349,101.55,25
1719461935104,101.95,25
1719461935104,101.95,25
1719461936605,102.15,250
1719461937232,101.95,100
1719461937232,101.95,100
1719461938657,102.1,75
1719461939077,102.05,25
1719461939077,102.05,25
1719461939077,102.05,25
1719461940803,101.25,25
1719461941688,101.45,25
1719461941688,101.45,25
1719461943836,101.55,125
1719461944121,101.5,25
1719461944121,101.5,25
1719461944121,101.5,25
1719461946212,101.0,50
1719461946495,101.15,75
1719461946495,101.15,75
1719461948318,100.85,25
1719461948318,100.85,25
1719461950797,100.65,25
1719461950916,100.95,75
1719461950916,100.95,75
1719461952421,100.75,25
1719461952792,100.8,25
1719461953736,100.75,25
1719461954221,100.8,25
1719461954221,100.8,25
1719461955072,101.05,50
1719461956785,100.6,200
1719461957334,100.8,25
1719461957334,100.8,25
1719461958932,100.1,25
1719461959251,100.0,25
1719461959769,100.0,25
1719461960812,99.15,25
1719461960812,99.15,25
1719461961886,98.3,25
1719461962430,98.8,100
1719461962430,98.8,100
1719461963836,98.1,25
1719461964170,98.65,25
1719461964170,98.65,25
1719461965737,98.65,25
1719461966084,98.75,25
1719461966815,99.25,25
1719461967199,99.05,125
1719461967657,98.85,25
1719461967956,99.3,25
1719461967956,99.3,25
1719461969802,98.65,25
1719461970041,98.9,50
1719461970671,98.85,25
1719461971527,98.7,50
1719461971964,98.6,25
1719461972818,98.65,25
1719461973853,99.0,250
1719461974053,99.2,25
1719461974592,99.0,25
1719461975690,99.05,100
1719461976721,99.3,250
1719461977167,99.05,400
1719461977167,99.05,400
1719461978854,99.5,25
1719461979122,99.6,25
1719461979122,99.6,25
1719461980485,99.2,25
1719461980485,99.2,25
1719461981556,99.05,50
1719461981556,99.05,50
1719461983104,98.8,25
1719461983571,98.55,25
1719461984278,98.05,25
1719461984889,97.95,25
1719461985575,98.4,25
1719461985575,98.4,25
1719461986496,98.5,175
1719461987594,98.3,25
1719461987814,98.3,25
1719461988356,98.4,25
1719461989289,98.25,25
1719461989629,98.5,25
1719461990894,98.35,400
1719461990894,98.35,400
1719461991082,98.45,150
1719461992606,98.45,25
1719461992606,98.45,25
1719461993649,98.5,25
1719461993649,98.5,25
1719461995855,98.0,1000
1719461995954,98.0,25
1719461996753,98.8,25
1719461996753,98.8,25
1719461997853,98.85,25
1719461998150,98.8,25
1719461999097,98.9,75
1719461999521,98.8,25
1719462000373,98.65,25
1719462000373,98.65,25
1719462000373,98.65,25
1719462001908,98.0,25
1719462002550,97.75,100
1719462002550,97.75,100
1719462003855,98.1,50
1719462004345,98.1,25
1719462004721,98.05,25
1719462005434,98.0,25
1719462005434,98.0,25
1719462007125,97.25,25
1719462007605,97.5,25
1719462007605,97.5,25
1719462008895,97.15,100
1719462009245,97.25,25
1719462009318,97.3,25
1719462011042,97.35,25
1719462011582,97.8,25
1719462012689,97.85,25
1719462012689,97.85,25
1719462014007,97.4,50
1719462014270,97.55,25
1719462014270,97.55,25
1719462015800,97.3,25
1719462015929,97.3,25
1719462017068,97.35,125
1719462017546,97.0,100
1719462017860,97.0,25
1719462018990,97.0,25
1719462019180,97.2,25
1719462019665,97.1,50
1719462020519,97.0,25
1719462020519,97.0,25
1719462021899,97.6,25
1719462022596,98.1,25
1719462022596,98.1,25
1719462023656,98.35,25
1719462024235,98.1,25
1719462024812,98.65,25
1719462026079,98.0,25
1719462026688,98.1,50
1719462027360,98.65,25
1719462028066,98.8,25
1719462028783,98.25,25
1719462028783,98.25,25
1719462029525,98.3,25
1719462029525,98.3,25
1719462030662,98.3,75
1719462031097,98.1,25
1719462031097,98.1,25
1719462032273,97.9,25
1719462032273,97.9,25
1719462034089,97.9,75
1719462034089,97.9,75
1719462034750,98.25,25
1719462036081,98.3,25
1719462036750,97.95,75
1719462036750,97.95,75
1719462038668,98.6,125
1719462038834,98.6,50
1719462039003,98.65,25
1719462039003,98.65,25
1719462040386,98.25,50
1719462041111,98.6,25
1719462041821,98.65,25
1719462042532,99.0,25
1719462042824,98.9,25
1719462043280,98.95,100
1719462044221,99.0,25
1719462044221,99.0,25
1719462045791,99.2,25
1719462045791,99.2,25
1719462046232,98.9,25
1719462046232,98.9,25
1719462047958,98.6,50
1719462048332,98.6,25
1719462049349,98.45,25
1719462049349,98.45,25
1719462050718,98.05,25
1719462050718,98.05,25
1719462051738,98.05,25
1719462052648,97.95,25
1719462052648,97.95,25
1719462054073,97.95,100
1719462054073,97.95,100
1719462054622,98.1,75
1719462055151,98.15,25
1719462055151,98.15,25
1719462057222,98.55,375
1719462057756,98.55,25
1719462057951,98.95,25
1719462058705,99.2,200
1719462058705,99.2,200
1719462059798,98.8,25
1719462060256,99.0,1075
1719462060957,98.7,50
1719462061105,98.7,25
1719462061105,98.7,25
1719462061980,98.2,150
1719462061980,98.2,150
1719462063855,98.55,25
1719462063855,98.55,25
1719462065800,99.2,25
1719462065800,99.2,25
1719462066262,99.15,25
1719462067239,99.15,25
1719462067950,99.6,25
1719462067950,99.6,25
1719462067950,99.6,25
1719462069858,99.05,25
1719462070338,99.05,25
1719462071667,99.25,150
1719462072387,98.95,200
1719462072387,98.95,200
1719462072387,98.95,200
1719462074847,99.05,25
1719462075953,99.4,25
1719462076739,98.9,50
1719462077075,98.95,250
1719462077075,98.95,250
1719462078849,99.1,400
1719462078849,99.1,400
1719462079945,98.85,50
1719462079945,98.85,50
1719462081552,99.0,50
1719462082765,100.5,125
1719462083124,99.9,175
1719462083526,99.35,25
1719462083526,99.35,25
1719462085507,100.1,25
1719462085507,100.1,25
1719462087174,99.4,50
1719462087174,99.4,50
1719462087875,99.8,25
1719462088680,99.7,25
1719462089398,99.5,100
1719462089969,99.8,25
1719462089969,99.8,25
1719462090583,99.6,25
1719462090583,99.6,25
1719462091489,99.6,50
1719462092676,99.6,50
1719462093154,100.0,25
1719462093892,100.15,50
1719462093892,100.15,50
1719462094888,100.45,25
1719462095043,100.2,25
1719462096949,99.75,25
1719462097817,99.6,25
1719462097958,99.75,25
1719462098578,100.1,200
1719462099423,99.5,300
1719462099853,99.4,50
1719462100669,99.7,25
1719462102406,99.55,25
1719462102605,99.65,25
1719462102605,99.65,25
1719462103590,99.75,375
1719462103590,99.75,375
1719462127731,99.55,125
1719462127925,99.8,25
1719462128881,99.9,50
1719462129196,99.85,25
1719462129687,99.6,25
1719462130985,100.1,150
1719462131078,100.15,25
1719462131979,99.9,25
1719462132681,100.05,50
1719462133181,100.3,125
1719462133848,100.0,25
1719462134429,99.85,50
1719462134915,99.45,150
1719462135617,99.95,50
1719462135617,99.95,50
1719462136536,99.6,25
1719462137536,99.95,25
1719462137536,99.95,25
1719462138426,100.15,25
1719462139395,100.45,25
1719462139836,100.2,25
1719462140495,100.7,125
1719462141275,100.4,150
1719462142139,100.45,25
1719462142139,100.45,25
1719462143932,100.55,25
1719462144239,100.35,25
1719462144747,100.6,25
1719462145857,100.5,75
1719462145857,100.5,75
1719462147079,100.25,25
1719462147744,100.15,25
1719462148743,99.6,25
1719462148743,99.6,25
1719462149885,99.6,25
1719462150441,100.0,75
1719462150649,100.15,25
1719462150649,100.15,25
1719462151693,100.5,25
1719462151693,100.5,25
1719462154061,100.5,25
1719462154061,100.5,25
1719462155092,100.05,25
1719462155336,100.3,25
1719462157546,100.15,25
1719462157546,100.15,25
1719462158197,100.35,100
1719462158669,100.6,25
1719462159131,100.7,200
1719462159571,100.55,25
1719462160605,100.7,25
1719462160605,100.7,25
1719462161966,100.7,125
1719462162885,100.7,100
1719462162885,100.7,100
1719462163570,101.0,25
1719462163570,101.0,25
1719462164806,101.0,25
1719462165028,100.95,250
1719462166733,100.8,125
1719462166733,100.8,125
1719462168456,100.95,25
1719462169220,101.0,125
1719462169413,100.95,25
1719462169988,101.7,25
1719462170796,101.0,125
1719462170796,101.0,125
1719462171844,101.35,50
1719462172336,101.0,25
1719462173377,100.4,50
1719462173377,100.4,50
1719462174910,100.2,25
1719462175019,100.0,50
1719462175019,100.0,50
1719462176480,100.9,25
1719462177448,100.9,75
1719462177448,100.9,75
1719462178784,101.9,250
1719462178784,101.9,250
1719462179683,101.75,125
1719462179683,101.75,125
1719462180964,101.8,150
1719462180964,101.8,150
1719462183305,101.55,125
1719462183837,101.75,25
1719462184086,101.9,25
1719462184086,101.9,25
1719462185701,101.75,225
1719462185701,101.75,225
1719462186513,101.8,25
1719462187646,101.55,150
1719462188784,102.0,100
1719462188784,102.0,100
1719462190342,101.65,25
1719462190342,101.65,25
1719462192206,101.25,25
1719462192587,101.3,25
1719462192587,101.3,25
1719462193992,101.4,50
1719462194455,101.75,50
1719462194972,101.7,50
1719462195613,101.8,250
1719462196687,101.65,25
1719462197771,101.65,25
1719462197771,101.65,25
1719462198602,101.65,25
1719462198602,101.65,25
1719462200056,101.55,25
1719462201014,101.55,25
1719462201136,101.65,25
1719462201881,101.1,25
1719462203021,101.35,25
1719462203961,101.0,175
1719462204139,100.5,300
1719462204139,100.5,300
1719462205462,100.65,50
1719462205462,100.65,50
1719462206963,100.55,25
1719462207398,100.0,25
1719462207398,100.0,25
1719462207398,100.0,25
1719462207398,100.0,25
1719462210575,101.15,50
1719462210749,100.9,250
1719462210749,100.9,250
1719462212197,101.4,75
1719462212970,101.0,25
1719462213515,100.6,25
1719462213515,100.6,25
1719462215607,101.05,25
1719462215892,101.2,25
1719462215892,101.2,25
1719462215892,101.2,25
1719462218217,101.1,25
1719462219132,100.95,50
1719462219416,100.9,325
1719462219416,100.9,325
1719462220810,100.4,50
1719462220810,100.4,50
1719462222025,100.9,100
1719462222025,100.9,100
1719462223254,100.8,275
1719462223254,100.8,275
1719462223254,100.8,275
1719462226384,100.5,50
1719462227132,100.75,25
1719462227132,100.75,25
1719462229543,101.0,100
1719462229543,101.0,100
1719462229799,101.15,25
1719462231021,101.7,75
1719462231181,101.4,25
1719462231706,101.45,150
1719462231706,101.45,150
1719462231706,101.45,150
1719462235267,101.35,50
1719462235267,101.35,50
1719462237026,101.25,50
1719462237805,101.7,50
1719462238962,101.6,50
1719462238962,101.6,50
1719462238962,101.6,50
1719462240698,101.0,175
1719462241008,100.9,25
1719462241008,100.9,25
1719462241296,101.0,25
1719462241296,101.0,25
1719462243284,100.8,25
1719462243445,100.5,25
1719462244398,100.4,25
1719462244398,100.4,25
1719462245923,100.6,50
1719462245923,100.6,50
1719462246730,100.0,25
1719462247596,100.45,25
1719462247596,100.45,25
1719462248368,100.05,25
1719462248368,100.05,25
1719462249645,100.35,25
1719462251227,101.15,100
1719462251444,100.9,25
1719462252040,101.45,25
1719462252874,101.6,100
1719462252874,101.6,100
1719462254616,101.55,125
1719462254616,101.55,125
1719462256599,101.55,250
1719462257927,101.4,25
1719462258963,101.35,200
1719462258963,101.35,200
1719462259765,101.6,50
1719462260741,101.3,25
1719462260741,101.3,25
1719462261797,101.1,100
1719462261797,101.1,100
1719462261797,101.1,100
1719462265082,101.15,25
1719462265082,101.15,25
1719462266661,100.95,25
1719462267385,100.75,25
1719462267385,100.75,25
1719462268413,100.7,50
1719462269051,100.7,50
1719462269436,100.75,25
1719462269436,100.75,25
1719462269436,100.75,25
1719462270959,101.05,25
1719462270959,101.05,25
1719462273047,100.95,75
1719462273047,100.95,75
1719462274756,100.85,25
1719462275366,100.7,25
1719462275824,100.5,25
1719462275824,100.5,25
1719462277500,100.0,25
1719462277500,100.0,25
1719462278697,99.9,50
1719462278697,99.9,50
1719462280264,99.55,400
1719462280264,99.55,400
1719462281348,99.25,25
1719462281851,99.2,25
1719462282688,99.35,25
1719462284038,99.45,25
1719462284229,99.5,75
1719462285009,99.85,25
1719462285737,99.7,75
1719462285737,99.7,75
1719462285737,99.7,75
1719462288223,99.7,25
1719462289236,99.75,25
1719462289696,99.3,25
1719462290212,99.3,25
1719462291308,98.9,25
1719462292283,98.25,25
1719462292971,98.9,25
1719462294417,99.05,25
1719462294417,99.05,25
1719462295609,99.05,25
1719462295609,99.05,25
1719462296644,99.45,25
1719462296644,99.45,25
1719462298796,99.1,100
1719462298796,99.1,100
1719462300301,99.0,25
1719462300846,99.0,25
1719462301158,99.1,75
1719462301437,99.2,25
1719462301437,99.2,25
1719462303866,99.1,25
1719462304075,99.35,125
1719462304244,99.0,50
1719462304244,99.0,50
1719462306184,99.2,25
1719462306486,99.0,25
1719462307879,98.5,150
1719462308987,99.0,25
1719462309476,99.2,25
1719462309816,99.3,25
1719462310990,99.25,50
1719462311253,99.35,175
1719462312059,98.0,50
1719462312852,97.5,25
1719462314255,98.05,25
1719462314642,97.85,25
1719462314642,97.85,25
1719462316251,98.05,25
1719462316497,98.55,25
1719462316591,98.55,50
1719462317126,98.35,100
1719462317126,98.35,100
1719462318396,98.4,50
1719462319737,98.15,25
1719462319771,98.05,25
1719462321013,98.25,25
1719462321013,98.25,25
1719462322265,98.25,25
1719462322265,98.25,25
1719462323639,98.35,25
1719462324284,98.15,50
1719462324721,98.0,25
1719462325067,98.15,225
1719462325217,98.15,400
1719462325217,98.15,400
1719462327006,98.05,25
1719462328035,98.1,50
1719462328035,98.1,50
1719462328843,97.45,150
1719462329113,97.4,25
1719462330008,97.9,75
1719462330282,97.45,200
1719462330869,97.35,25
1719462330869,97.35,25
1719462332035,97.55,25
1719462332674,97.9,25
1719462333168,97.9,25
1719462333617,97.7,25
1719462333617,97.7,25
1719462334840,97.9,25
1719462335507,97.7,225
1719462336552,98.0,25
1719462336852,97.7,25
1719462338043,98.6,25
1719462338309,98.8,50
1719462338309,98.8,50
1719462340436,97.9,25
1719462341470,98.1,25
1719462341470,98.1,25
1719462342723,98.1,25
1719462342723,98.1,25
1719462344695,98.0,50
1719462344973,98.0,50
1719462344973,98.0,50
1719462344973,98.0,50
1719462348694,98.8,25
1719462349484,98.6,25
1719462349484,98.6,25
1719462350816,98.15,25
1719462350816,98.15,25
1719462352743,98.45,150
1719462352743,98.45,150
1719462353306,98.5,25
1719462354064,98.8,150
1719462354667,98.6,25
1719462354947,98.45,50
1719462356418,98.7,125
1719462356418,98.7,125
1719462356674,98.35,25
1719462358076,98.5,100
1719462358076,98.5,100
1719462358489,98.85,25
1719462359779,98.95,25
1719462359779,98.95,25
1719462361011,98.65,50
1719462361011,98.65,50
1719462361011,98.65,50
1719462363449,98.95,25
1719462363777,98.95,100
1719462364789,99.0,25
1719462364862,99.05,25
1719462366057,99.15,25
1719462366557,99.0,50
1719462366885,99.2,25
1719462368194,99.15,25
1719462369135,99.1,25
1719462369949,98.8,175
1719462370553,98.65,25
1719462371362,98.55,50
1719462371362,98.55,50
1719462373001,98.35,25
1719462373001,98.35,25
1719462374083,98.2,25
1719462374730,98.35,450
1719462374730,98.35,450
1719462376027,98.55,75
1719462376027,98.55,75
1719462376685,98.6,25
1719462378192,99.0,50
1719462378908,99.0,125
1719462379957,99.05,25
1719462379957,99.05,25
1719462380544,99.25,25
1719462381373,99.5,25
1719462382029,99.5,50
1719462382841,99.1,25
1719462382841,99.1,25
1719462382841,99.1,25
1719462385495,99.0,500
1719462386558,98.95,25
1719462386558,98.95,25
1719462387018,99.05,25
1719462387819,99.35,75
1719462387819,99.35,75
1719462388259,99.0,50
1719462388259,99.0,50
1719462390359,99.4,25
1719462390971,99.25,25
1719462391288,99.5,25
1719462391804,99.5,125
1719462392830,99.15,25
1719462392830,99.15,25
1719462394007,99.1,25
1719462394276,99.15,25
1719462395727,99.0,250
1719462396484,98.85,50
1719462397046,98.5,25
1719462397046,98.5,25
1719462398729,98.0,125
1719462399435,97.9,25
1719462400051,97.0,25
1719462400147,97.2,100
1719462401115,96.3,50
1719462401115,96.3,50
1719462402811,95.75,100
1719462403133,95.3,25
1719462403133,95.3,25
1719462404067,95.05,25
1719462405074,95.65,25
1719462405074,95.65,25
1719462405973,95.35,50
1719462406631,95.55,25
1719462407293,95.25,25
1719462408344,94.8,25
1719462409144,94.05,50
1719462410112,95.05,125
1719462411275,94.75,50
1719462411275,94.75,50
1719462412853,94.8,25
1719462412988,94.7,75
1719462412988,94.7,75
1719462414121,94.45,250
1719462414805,94.0,100
1719462415286,93.6,25
1719462416062,92.9,75
1719462416596,93.4,75
1719462417197,92.95,125
1719462418319,92.75,25
1719462419179,92.45,375
1719462419821,92.6,25
1719462420437,91.8,150
1719462421145,91.85,150
1719462421672,91.5,50
1719462422348,90.9,25
1719462423288,90.9,100
1719462423479,91.95,25
1719462424507,91.8,25
1719462425109,92.05,25
1719462425353,92.2,175
1719462426521,92.4,25
1719462426653,92.3,850
1719462426804,91.7,25
1719462428270,92.9,125
1719462428270,92.9,125
1719462429176,92.2,150
1719462429767,92.1,150
1719462429767,92.1,150
1719462431156,92.7,850
1719462431226,92.0,75
1719462432051,92.25,150
1719462432884,92.55,25
1719462433316,92.7,75
1719462434133,92.8,25
1719462434719,92.25,25
1719462435138,92.0,475
1719462435940,92.0,25
1719462435940,92.0,25
1719462437447,92.05,125
1719462438159,91.5,150
1719462438512,92.0,25
1719462439744,91.9,25
1719462439744,91.9,25
1719462440629,92.0,25
1719462441523,91.5,400
1719462441580,91.6,200
1719462442774,91.7,175
1719462442774,91.7,175
1719462444022,91.6,75
1719462444884,91.0,850
1719462445010,90.85,125
1719462445970,90.9,25
1719462445970,90.9,25
1719462447092,90.65,25
1719462448156,91.25,150
1719462448156,91.25,150
1719462449299,91.3,50
1719462449725,91.35,25
1719462450017,91.55,25
1719462450259,91.4,25
1719462450943,92.0,100
1719462451370,91.7,25
1719462451948,91.85,25
1719462452843,92.15,150
1719462452843,92.15,150
1719462454291,91.4,50
1719462454291,91.4,50
1719462455546,91.3,50
1719462456230,91.4,175
1719462456230,91.4,175
1719462457198,91.25,100
1719462457719,91.35,300
1719462457719,91.35,300
1719462459111,91.5,25
1719462459928,91.5,75
1719462459928,91.5,75
1719462459928,91.5,75
1719462461972,91.45,200
1719462462181,91.25,25
1719462463171,90.7,25
1719462463171,90.7,25
1719462464358,90.5,100
1719462464980,90.35,25
1719462465519,90.55,25
1719462466160,89.9,200
1719462466488,89.75,25
1719462467068,89.1,50
1719462468243,89.6,25
1719462469572,89.25,25
1719462469971,89.1,75
1719462470144,88.65,25
1719462471141,88.3,50
1719462471550,88.55,25
1719462472269,88.0,75
1719462473173,87.65,250
1719462474371,87.95,25
1719462474919,88.1,50
1719462475290,87.85,75
1719462476092,87.75,125
1719462476536,87.1,25
1719462477356,87.1,25
1719462477983,87.1,25
1719462478266,87.5,50
1719462479115,87.85,125
1719462479849,87.8,25
1719462480353,87.7,400
1719462480436,87.4,50
1719462481216,86.75,200
1719462481216,86.75,200
1719462482342,86.45,25
1719462483191,86.0,25
1719462483365,86.05,25
1719462484170,86.4,300
1719462484886,85.95,100
1719462485191,86.05,75
1719462486193,87.1,25
1719462486410,86.75,25
1719462487374,87.15,25
1719462488344,87.7,75
1719462489568,87.05,25
1719462490164,86.9,125
1719462490976,87.0,25
1719462491627,86.9,25
1719462492039,86.75,150
1719462493161,87.25,125
1719462493161,87.25,125
1719462493765,87.15,25
1719462495186,86.9,25
1719462495186,86.9,25
1719462496133,86.85,25
1719462496739,86.35,75
1719462497162,86.45,100
1719462498341,86.45,25
1719462498341,86.45,25
1719462498931,86.55,25
1719462500069,87.1,50
1719462501124,86.9,1800
1719462501789,86.6,25
1719462502190,86.35,50
1719462503203,86.3,25
1719462503372,86.3,25
1719462503735,86.3,25
1719462505149,86.3,25
1719462506148,85.9,125
1719462506806,85.6,25
1719462507159,85.45,25
1719462508076,85.55,25
1719462508385,85.65,50
1719462508989,86.0,200
1719462508989,86.0,200
1719462510404,86.1,100
1719462511365,85.55,25
1719462511634,85.7,25
1719462512076,85.8,25
1719462513407,85.2,50
1719462514321,85.2,700
1719462515193,85.25,150
1719462515193,85.25,150
1719462515853,85.35,50
1719462516801,85.4,25
1719462516801,85.4,25
1719462518114,85.7,50
1719462518114,85.7,50
1719462519039,86.0,50
1719462520246,85.45,25
1719462520683,85.5,25
1719462521802,86.0,25
1719462522202,86.1,75
1719462523239,86.05,25
1719462523469,86.1,50
1719462524276,85.65,25
1719462525255,85.7,25
1719462525400,86.0,25
1719462526069,86.0,50
1719462526596,85.85,100
1719462527346,85.7,50
1719462528025,85.7,825
1719462528468,86.0,200
1719462528786,86.5,100
1719462528786,86.5,100
1719462530361,86.4,25
1719462530482,86.35,125
1719462531624,85.95,25
1719462531990,85.75,25
1719462533126,85.8,375
1719462534073,86.0,25
1719462534885,85.65,50
1719462534885,85.65,50
1719462535805,85.95,50
1719462536271,85.6,25
1719462537165,85.75,25
1719462538376,85.7,25
1719462538376,85.7,25
1719462539205,85.8,50
1719462539640,85.85,25
1719462540307,85.9,25
1719462541199,85.95,25
1719462541770,85.75,25
1719462542153,85.25,75
1719462542976,85.6,25
1719462542976,85.6,25
1719462544245,85.85,25
1719462544970,85.65,25
1719462545671,85.8,25
1719462546807,85.8,100
1719462547096,85.95,50
1719462548168,85.9,25
1719462548168,85.9,25
1719462549187,85.6,50
1719462550072,85.5,25
1719462551344,85.4,25
1719462551595,85.65,75
1719462553133,85.2,25
1719462553502,85.8,25
1719462554087,85.1,225
1719462555107,85.05,25
1719462555264,85.25,175
1719462556205,85.0,50
1719462556510,84.7,25
1719462557352,84.85,175
1719462558208,85.0,50
1719462558208,85.0,50
1719462559095,85.1,325
1719462560272,85.0,50
1719462560395,85.05,50
1719462561227,84.9,25
1719462561615,84.85,250
1719462561615,84.85,250
1719462563171,85.15,50
1719462563171,85.15,50
1719462564086,85.0,125
1719462564513,84.95,25
1719462565253,84.85,25
1719462566041,85.0,25
1719462567132,84.75,25
1719462567431,85.0,125
1719462567888,84.5,100
1719462568592,84.6,25
1719462568592,84.6,25
1719462570186,84.35,50
1719462570186,84.35,50
1719462570400,84.6,50
1719462571102,84.65,25
1719462571463,84.2,50
1719462571463,84.2,50
1719462573431,84.5,25
1719462573714,84.4,50
1719462574187,84.6,25
1719462575280,84.95,100
1719462575608,84.95,300
1719462576200,85.0,25
1719462576704,85.1,25
1719462577437,85.45,200
1719462578388,85.85,100
1719462578601,85.85,25
1719462579085,86.0,125
1719462579894,85.75,125
1719462580998,85.7,25
1719462582141,85.6,25
1719462583027,85.65,50
1719462583733,85.35,100
1719462584104,85.55,25
1719462584911,85.15,75
1719462584911,85.15,75
1719462586070,85.0,50
1719462586746,85.2,25
1719462586746,85.2,25
1719462588365,85.05,25
1719462588759,85.05,100
1719462589129,85.05,50
1719462590231,84.7,25
1719462590231,84.7,25
1719462591173,84.9,25
1719462591973,85.2,75
1719462593297,85.0,75
1719462593297,85.0,75
1719462594013,85.1,25
1719462595181,85.0,425
1719462595181,85.0,425
1719462596097,85.2,25
1719462597154,85.4,50
1719462597154,85.4,50
1719462597645,85.05,100
1719462598660,85.0,25
1719462599435,84.4,25
1719462600379,83.95,25
1719462600434,84.25,25
1719462601243,83.35,25
1719462601673,83.7,100
1719462602378,83.45,100
1719462603280,83.95,25
1719462603596,84.35,25
1719462604457,84.6,25
1719462605463,84.55,75
1719462606322,85.1,75
1719462606772,84.9,50
1719462606772,84.9,50
1719462608456,85.3,25
1719462608750,84.6,25
1719462609431,85.0,100
1719462609722,85.1,50
1719462609722,85.1,50
1719462611198,84.55,25
1719462612161,84.85,50
1719462612386,84.9,25
1719462613239,84.4,25
1719462613654,84.6,50
1719462613987,84.85,25
1719462615000,84.15,50
1719462615415,84.3,75
1719462615782,84.3,125
1719462616797,84.65,25
1719462616797,84.65,25
1719462618361,84.65,25
1719462618671,84.85,25
1719462619327,84.95,25
1719462620395,85.1,50
1719462620696,84.9,25
1719462621701,85.05,25
1719462621701,85.05,25
1719462623276,85.25,100
1719462623827,85.0,25
1719462623955,85.1,50
1719462624977,85.2,25
1719462624977,85.2,25
1719462626254,85.1,25
1719462627121,84.9,125
1719462627121,84.9,125
1719462628254,84.7,25
1719462628254,84.7,25
1719462630038,85.0,25
1719462630038,85.0,25
1719462631253,84.45,25
1719462631979,84.65,125
1719462633386,84.2,25
1719462633837,84.25,50
1719462634457,84.2,50
1719462635253,84.2,25
1719462636049,84.2,50
1719462637004,84.6,25
1719462637871,84.05,200
1719462638769,84.2,25
1719462639377,84.65,25
1719462640319,84.85,25
1719462641257,84.6,25
1719462642254,84.8,25
1719462642254,84.8,25
1719462643036,85.05,25
1719462643840,85.5,75
1719462644370,85.15,25
1719462645464,84.6,50
1719462645521,84.8,25
1719462646254,84.6,25
1719462646905,84.5,25
1719462648040,84.6,25
1719462648675,84.55,25
1719462648978,84.0,25
1719462650254,84.9,25
1719462650254,84.9,25
1719462651253,84.8,25
1719462652200,84.25,25
1719462652383,84.55,25
1719462653201,84.5,175
1719462653804,84.8,25
1719462654068,84.9,25
1719462655039,85.0,25
1719462655039,85.0,25
1719462656504,84.75,25
1719462657253,84.6,25
1719462658490,84.0,25
1719462658835,84.15,275
1719462659253,83.95,25
1719462660462,83.0,75
1719462661392,83.1,25
1719462662254,83.15,25
1719462662503,82.95,25
1719462663706,83.1,50
1719462705080,81.85,575
1719462705458,82.25,25
1719462706505,82.15,400
1719462706957,82.25,25
1719462707213,82.0,100
1719462708465,81.95,50
1719462708652,82.0,25
1719462709291,81.85,75
1719462709677,82.25,200
1719462711223,82.35,250
1719462712078,82.0,25
1719462712505,82.0,25
1719462713028,81.5,25
1719462713765,81.3,50
1719462714257,81.0,25
1719462715336,80.7,50
1719462716069,81.05,50
1719462717145,80.85,25
1719462717145,80.85,25
1719462718536,80.9,150
1719462718536,80.9,150
1719462719453,80.9,250
1719462720513,80.55,25
1719462720513,80.55,25
1719462721367,80.0,25
1719462722186,79.3,25
1719462722500,79.0,100
1719462722986,79.3,200
1719462722986,79.3,200
1719462724503,79.45,25
1719462725465,79.95,50
1719462726649,79.95,25
1719462726979,79.95,225
1719462727596,80.4,75
1719462728331,80.0,100
1719462728774,79.8,25
1719462729371,79.9,25
1719462730510,80.4,150
1719462731715,80.75,25
1719462732091,81.0,100
1719462732421,81.0,25
1719462733373,80.95,25
1719462733678,80.7,25
1719462734575,81.25,25
1719462735217,81.15,25
1719462735217,81.15,25
1719462736329,81.15,25
1719462737181,81.25,25
1719462737455,81.1,150
1719462738349,81.15,100
1719462738758,80.9,25
1719462739040,81.05,50
1719462739928,81.0,25
1719462741198,81.2,25
1719462742079,81.45,25
1719462742079,81.45,25
1719462743298,80.7,50
1719462743712,80.9,50
1719462744100,81.0,25
1719462745123,80.75,25
1719462745399,80.75,25
1719462746047,80.65,50
1719462746971,80.65,250
1719462746971,80.65,250
1719462747976,80.6,225
1719462748730,80.65,100
1719462749221,80.35,50
1719462750479,81.05,75
1719462750479,81.05,75
1719462751329,80.9,25
1719462752164,80.45,100
1719462752319,80.6,75
1719462753286,80.3,25
1719462753800,80.35,25
1719462754506,80.4,25
1719462755116,80.7,25
1719462755619,80.5,25
1719462756024,80.45,225
1719462757014,79.9,50
1719462757604,79.9,50
1719462758620,80.0,25
1719462758620,80.0,25
1719462759039,80.0,25
1719462760336,79.9,75
1719462760575,80.1,25
1719462761049,79.9,375
1719462762053,79.9,500
1719462762343,79.9,25
1719462763430,79.75,25
1719462763430,79.75,25
1719462764080,80.5,25
1719462765575,79.75,25
1719462766118,79.75,725
1719462767224,79.9,325
1719462767224,79.9,325
1719462768541,80.0,25
1719462768858,79.7,25
1719462769107,79.45,50
1719462770101,79.4,125
1719462770509,79.3,75
1719462771337,79.3,25
1719462772111,78.0,425
1719462772343,78.25,25
1719462773266,78.0,575
1719462773836,78.1,50
1719462774482,78.65,50
1719462775476,78.35,625
1719462775589,78.4,25
1719462776704,77.6,100
1719462777140,77.7,50
1719462778310,77.95,150
1719462778826,78.15,25
1719462779219,77.85,25
1719462780392,78.15,50
1719462780653,78.3,25
1719462780712,78.35,75
1719462781234,78.15,25
1719462782232,77.65,50
1719462782701,77.95,25
1719462783357,77.45,100
1719462783824,77.7,50
1719462784179,77.25,925
1719462785364,77.2,25
1719462785588,77.0,500
1719462786468,77.2,25
1719462787198,76.8,100
1719462787198,76.8,100
1719462788482,77.0,225
1719462788482,77.0,225
1719462789368,77.35,25
1719462790548,76.45,25
1719462791223,76.5,25
1719462791926,76.8,50
1719462792255,76.55,50
1719462793865,77.0,200
1719462793948,77.0,500
1719462795360,77.0,25
1719462795360,77.0,25
1719462796317,76.7,100
1719462797049,77.05,25
1719462797538,77.0,25
1719462797816,77.3,25
1719462798740,77.45,125
1719462799501,77.25,25
1719462800280,76.65,25
1719462800280,76.65,25
1719462801234,76.7,25
1719462801798,76.65,25
1719462802417,76.85,25
1719462803344,76.6,850
1719462803735,76.8,50
1719462804129,76.9,25
1719462805268,77.25,25
1719462805268,77.25,25
1719462806078,77.25,100
1719462806991,77.55,50
1719462807281,77.5,550
1719462808333,77.7,50
1719462808839,77.95,25
1719462809513,78.1,25
1719462810289,78.0,25
1719462810289,78.0,25
1719462811769,78.0,125
1719462812078,77.8,25
1719462812377,78.0,25
1719462813306,77.65,25
1719462813842,77.1,25
1719462814294,77.25,75
1719462815565,77.2,25
1719462816241,77.25,125
1719462816834,77.0,100
1719462817495,77.25,25
1719462818355,77.95,25
1719462818355,77.95,25
1719462819313,77.55,225
1719462820283,78.35,300
1719462820455,78.1,25
1719462821300,78.55,25
1719462822194,78.8,25
1719462822495,78.65,25
1719462823239,78.2,25
1719462823704,78.6,50
1719462823704,78.6,50
1719462825471,78.45,25
1719462826296,78.45,75
1719462826864,78.65,50
1719462827577,78.4,25
1719462828404,78.3,25
1719462828674,78.8,175
1719462828674,78.8,175
1719462830243,78.5,25
1719462830931,78.5,25
1719462832017,78.65,25
1719462832017,78.65,25
1719462833102,78.1,25
1719462833850,78.35,25
1719462833850,78.35,25
1719462834708,78.2,125
1719462834708,78.2,125
1719462835968,78.25,25
1719462836993,78.6,25
1719462837319,78.45,25
1719462838236,78.1,25
1719462838856,78.65,75
1719462839328,78.1,25
1719462840296,77.95,75
1719462840296,77.95,75
1719462840296,77.95,75
1719462841290,78.2,25
1719462842081,78.35,25
1719462842391,78.2,25
1719462843009,78.25,25
1719462843986,78.25,25
1719462843986,78.25,25
1719462845560,78.5,50
1719462845765,78.65,100
1719462846342,79.1,50
1719462847131,78.95,25
1719462847131,78.95,25
1719462848171,79.75,25
1719462848812,79.7,50
1719462849362,79.65,75
1719462850503,79.6,25
1719462850807,79.6,25
1719462852192,79.25,100
1719462852192,79.25,100
1719462853285,79.3,25
1719462853285,79.3,25
1719462854936,79.55,25
1719462854936,79.55,25
1719462855754,79.55,50
1719462856116,79.25,25
1719462856808,79.65,25
1719462856808,79.65,25
1719462858219,79.15,25
1719462858219,79.15,25
1719462859172,79.45,25
1719462860288,79.35,25
1719462860288,79.35,25
1719462861390,79.45,25
1719462862386,79.25,25
1719462862434,79.2,25
1719462863179,79.45,100
1719462863691,79.05,575
1719462864337,79.2,25
1719462865518,78.85,225
1719462866098,79.25,25
1719462867098,79.4,100
1719462867098,79.4,100
1719462868039,79.5,25
1719462868873,79.45,25
1719462869395,79.5,100
1719463135910,78.5,100
1719463135910,78.5,100
1719463138720,78.15,50
1719463139138,77.7,275
1719463139548,77.7,25
1719463320582,77.2,25
1719463321254,77.1,25
1719463321655,76.95,50
1719463322812,76.5,25
1719463322947,76.6,25
1719463323342,77.0,25
1719463324311,76.95,25
1719463324311,76.95,25
1719463326348,77.0,25
1719463327281,77.05,100
1719463327586,77.35,25
1719463327907,77.55,25
1719463328484,77.5,25
1719463328484,77.5,25
1719463330806,77.5,50
1719463330806,77.5,50
1719463330806,77.5,50
1719463333063,77.6,25
1719463333111,77.6,25
1719463333111,77.6,25
1719463334639,77.45,25
1719463335685,77.55,125
1719463336225,77.4,100
1719463336225,77.4,100
1719463337779,77.35,525
1719463338384,77.3,25
1719463339212,77.25,50
1719463339212,77.25,50
1719463339212,77.25,50
1719463342101,77.5,25
1719463342101,77.5,25
1719463343141,77.1,25
1719463343943,77.7,25
1719463344297,77.5,100
1719463344537,77.7,250
1719463344537,77.7,250
1719463347014,77.7,50
1719463347525,77.9,50
1719463347525,77.9,50
1719463348763,78.05,25
1719463348763,78.05,25
1719463349719,77.7,50
1719463349719,77.7,50
1719463350704,77.4,25
1719463350704,77.4,25
1719463352859,77.5,25
1719463353842,77.5,575
1719463354286,77.6,25
1719463354700,77.4,25
1719463355851,77.0,25
1719463355888,77.0,25
1719463356888,76.65,25
1719463357828,76.6,25
1719463357828,76.6,25
1719463358793,76.45,25
1719463358793,76.45,25
1719463360066,76.25,175
1719463360591,76.15,25
1719463361181,75.75,125
1719463361535,76.25,25
1719463362684,76.9,375
1719463362684,76.9,375
1719463363586,77.4,25
1719463364243,77.3,25
1719463364574,77.1,25
1719463365313,77.15,25
1719463365313,77.15,25
1719463366525,77.1,25
1719463367575,77.1,25
1719463367878,77.3,275
1719463367878,77.3,275
1719463369193,77.0,50
1719463369761,77.05,25
1719463370812,77.0,25
1719463370812,77.0,25
1719463371641,77.0,25
1719463372870,77.0,25
1719463372907,77.0,25
1719463373579,77.05,25
1719463373733,77.0,1000
1719463373733,77.0,1000
1719463375530,77.05,25
1719463375530,77.05,25
1719463376564,77.25,25
1719463377446,77.0,25
1719463377878,77.2,25
1719463378715,77.25,25
1719463379468,77.7,25
1719463380007,77.95,75
1719463380007,77.95,75
1719463380490,77.85,25
1719463380997,78.3,50
1719463381557,78.25,25
1719463382909,78.3,25
1719463382988,78.25,75
1719463383803,78.25,575
1719463384359,77.65,25
1719463384842,77.1,175
1719463385678,77.35,25
1719463386153,77.35,100
1719463386875,76.9,150
1719463387628,76.9,25
1719463388024,77.1,25
1719463388670,77.3,25
1719463388670,77.3,25
1719463389987,77.5,25
1719463390401,77.55,75
1719463390995,77.6,25
1719463391929,77.9,475
1719463392366,78.2,25
1719463392366,78.2,25
1719463393169,78.0,75
1719463394278,78.05,25
1719463394278,78.05,25
1719463395181,78.1,50
1719463395945,78.35,25
1719463395945,78.35,25
1719463397832,78.35,125
1719463397832,78.35,125
1719463398435,78.35,100
1719463399569,78.3,25
1719463399846,78.3,25
1719463400884,78.35,25
1719463400884,78.35,25
1719463401646,78.35,25
1719463402618,78.35,25
1719463402618,78.35,25
1719463403751,78.45,25
1719463404320,78.7,100
1719463404320,78.7,100
1719463405586,78.7,75
1719463405586,78.7,75
1719463406524,78.55,50
1719463407839,79.0,250
1719463408032,78.95,25
1719463408398,78.9,25
1719463409377,79.15,50
1719463409740,79.4,25
1719463409947,79.5,50
1719463410756,79.55,50
1719463411261,79.05,100
1719463411261,79.05,100
1719463412257,79.0,25
1719463412257,79.0,25
1719463413798,78.7,50
1719463414585,78.75,25
1719463414686,78.8,25
1719463415939,78.8,25
1719463415939,78.8,25
1719463416917,79.55,50
1719463417381,79.0,25
1719463417881,79.25,100
1719463418805,79.2,250
1719463419519,79.4,25
1719463419519,79.4,25
1719463420646,79.5,25
1719463420878,79.4,25
1719463420878,79.4,25
1719463422578,79.45,25
1719463422943,79.45,100
1719463423888,79.4,25
1719463423962,79.35,25
1719463424759,78.95,50
1719463425637,79.4,75
1719463425862,79.5,25
1719463425862,79.5,25
1719463425862,79.5,25
1719463428330,80.1,25
1719463428888,80.45,100
1719463429606,80.6,25
1719463429829,80.4,25
1719463430547,80.05,25
1719463431217,79.75,50
1719463431217,79.75,50
1719463432836,81.0,300
1719463432836,81.0,300
1719463433713,80.45,25
1719463434295,80.2,125
1719463434295,80.2,125
1719463435717,80.4,25
1719463436050,80.25,25
1719463436660,79.8,50
1719463437276,80.25,25
1719463438016,80.2,25
1719463438651,80.3,200
1719463439513,80.0,25
1719463439763,80.25,200
1719463440072,80.25,75
1719463440689,80.05,75
1719463441290,80.35,50
1719463441290,80.35,50
1719463442781,79.5,25
1719463442781,79.5,25
1719463444327,79.55,25
1719463444601,79.9,50
1719463444601,79.9,50
1719463445396,79.25,100
1719463445396,79.25,100
1719463446783,79.75,25
1719463446783,79.75,25
1719463448732,80.0,25
1719463449594,80.05,25
1719463449720,80.15,25
1719463450457,79.65,25
1719463451230,79.95,25
1719463451900,79.85,25
1719463452628,79.85,25
1719463452951,79.65,25
1719463452951,79.65,25
1719463454051,79.85,75
1719463454896,79.5,50
1719463455740,79.45,50
1719463455740,79.45,50
1719463456292,79.6,25
1719463457836,79.5,25
1719463457836,79.5,25
1719463458683,79.5,25
1719463458683,79.5,25
1719463460868,80.0,200
1719463461048,79.95,25
1719463461643,79.9,25
1719463462423,79.8,25
1719463462423,79.8,25
1719463463901,79.75,25
1719463464202,79.6,25
1719463464202,79.6,25
1719463465411,79.75,25
1719463465905,79.95,25
1719463466782,79.8,75
1719463467239,79.8,50
1719463467908,79.7,25
1719463468747,79.75,25
1719463469635,79.75,25
1719463469784,79.8,50
1719463470292,78.9,50
1719463470567,78.5,50
1719463470567,78.5,50
1719463471366,78.45,25
1719463473025,78.4,50
1719463473607,78.55,25
1719463474692,78.45,25
1719463475568,78.75,125
1719463475568,78.75,125
1719463476832,78.4,25
1719463477678,78.75,100
1719463477678,78.75,100
1719463478720,79.1,50
1719463478720,79.1,50
1719463480528,79.55,125
1719463480600,79.5,275
1719463480600,79.5,275
1719463481772,79.95,25
1719463482773,79.7,25
1719463482940,79.65,100
1719463483284,80.1,75
1719463484650,79.6,50
1719463485681,79.55,25
1719463486254,79.6,25
1719463486254,79.6,25
1719463486254,79.6,25
1719463488315,79.7,25
1719463488544,79.75,50
1719463489715,79.6,25
1719463489852,79.7,25
1719463491112,80.0,25
1719463491112,80.0,25
1719463491754,80.0,25
1719463492863,79.95,125
1719463492863,79.95,125
1719463493509,79.9,25
1719463494529,79.8,25
1719463495725,80.1,25
1719463496023,79.8,25
1719463496610,80.0,75
1719463497929,79.8,50
1719463497929,79.8,50
1719463498664,80.0,25
1719463498888,80.05,50
1719463500417,79.8,25
1719463500417,79.8,25
1719463500417,79.8,25
1719463501770,79.75,100
1719463502665,79.65,75
1719463502665,79.65,75
1719463503340,79.85,25
1719463504690,79.75,100
1719463504756,79.85,25
1719463505686,80.0,50
1719463506137,80.4,325
1719463506137,80.4,325
1719463507702,80.25,25
1719463507702,80.25,25
1719463509202,79.75,1000
1719463509573,79.65,200
1719463510656,79.9,25
1719463511303,80.4,500
1719463511303,80.4,500
1719463512618,80.45,25
1719463512886,80.5,25
1719463513960,80.35,25
1719463513960,80.35,25
1719463515349,80.4,50
1719463515420,80.3,25
1719463515420,80.3,25
1719463516502,80.3,25
1719463517913,80.4,25
1719463518104,80.3,25
1719463518510,80.2,25
1719463519762,80.3,100
1719463519762,80.3,100
1719463520748,80.1,25
1719463520975,80.15,250
1719463522008,79.7,25
1719463522771,79.85,25
1719463523019,79.6,25
1719463523675,79.6,475
1719463524640,79.35,25
1719463525497,79.4,25
1719463525983,79.4,100
1719463526979,79.5,25
1719463527336,79.35,25
1719463527336,79.35,25
1719463529088,79.35,25
1719463529350,79.25,75
1719463529350,79.25,75
1719463530319,79.4,25
1719463530471,79.0,125
1719463530930,79.0,25
1719463530930,79.0,25
1719463532640,78.9,200
1719463533135,78.85,25
1719463533135,78.85,25
1719463534676,79.1,25
1719463535586,78.75,25
1719463535586,78.75,25
1719463536455,78.9,25
1719463537123,78.4,25
1719463538165,78.6,25
1719463538752,78.6,25
1719463538752,78.6,25
1719463540104,78.75,25
1719463540104,78.75,25
1719463541460,78.7,100
1719463542059,79.1,50
1719463542059,79.1,50
1719463543434,78.85,125
1719463543938,79.05,25
1719463544139,79.1,25
1719463544139,79.1,25
1719463545696,79.0,25
1719463546318,78.7,100
1719463546664,78.8,75
1719463546938,78.9,25
1719463546938,78.9,25
1719463548266,78.9,25
1719463549713,78.4,125
1719463549892,78.25,25
1719463550781,78.1,25
1719463550781,78.1,25
1719463550781,78.1,25
1719463553474,78.75,25
1719463554198,79.05,50
1719463554536,79.3,25
1719463555037,79.35,250
1719463556376,78.9,50
1719463556705,79.05,25
1719463557455,79.1,25
1719463557455,79.1,25
1719463557455,79.1,25
1719463559972,79.05,50
1719463559972,79.05,50
1719463561190,79.05,25
1719463561190,79.05,25
1719463562120,79.25,25
1719463562341,79.2,100
1719463562341,79.2,100
1719463564119,79.65,25
1719463564119,79.65,25
1719463565012,79.7,25
1719463565012,79.7,25
1719463566206,79.55,100
1719463566206,79.55,100
1719463568026,79.95,50
1719463568026,79.95,50
1719463570143,80.0,25
1719463570957,79.5,125
1719463571153,79.4,25
1719463571743,79.5,25
1719463572177,79.35,25
1719463573080,79.55,50
1719463573327,79.95,25
1719463574737,79.65,25
1719463575187,79.75,200
1719463575187,79.75,200
1719463576642,79.65,25
1719463577570,79.65,125
1719463578242,80.05,450
1719463578242,80.05,450
1719463579852,80.0,25
1719463579892,79.9,50
1719463580944,80.1,25
1719463581093,80.05,25
1719463581540,80.0,25
1719463582692,80.2,25
1719463582692,80.2,25
1719463584023,80.3,25
1719463584304,80.25,25
1719463584304,80.25,25
1719463585952,80.15,100
1719463586114,80.05,25
1719463586114,80.05,25
1719463587456,79.8,75
1719463587863,79.9,25
1719463588573,80.05,25
1719463589731,79.9,125
1719463590013,79.95,150
1719463590440,79.95,125
1719463590440,79.95,125
1719463591308,79.95,125
1719463591666,80.0,125
1719463592377,80.2,150
1719463592377,80.2,150
1719463593706,79.95,150
1719463594127,80.05,200
1719463595606,80.0,25
1719463595606,80.0,25
1719463597843,80.45,125
1719463597843,80.45,125
1719463598761,80.45,25
1719463599808,80.55,225
1719463599808,80.55,225
1719463600389,80.55,25
1719463600389,80.55,25
1719463602115,80.4,100
1719463602920,79.6,100
1719463602920,79.6,100
1719463604197,79.3,25
1719463604897,79.0,150
1719463604897,79.0,150
1719463605407,79.05,25
1719463606086,78.9,25
1719463606086,78.9,25
1719463607203,79.15,25
1719463607203,79.15,25
1719463608611,79.15,50
1719463609686,79.8,50
1719463610587,79.95,75
1719463611445,79.75,50
1719463611445,79.75,50
1719463612049,79.9,100
1719463613258,79.95,75
1719463613663,80.0,25
1719463614630,80.2,100
1719463614630,80.2,100
1719463615456,80.1,25
1719463615456,80.1,25
1719463618075,79.7,75
1719463618075,79.7,75
1719463618559,80.1,25
1719463619040,80.4,25
1719463619040,80.4,25
1719463620827,80.55,100
1719463621145,80.7,25
1719463621145,80.7,25
1719463622261,80.4,50
1719463622261,80.4,50
1719463624855,80.5,25
1719463624855,80.5,25
1719463624855,80.5,25
1719463626907,80.5,25
1719463627748,80.4,25
1719463627748,80.4,25
1719463629242,80.4,25
1719463629457,80.4,25
1719463629924,80.4,25
1719463630747,80.3,25
1719463631033,80.1,150
1719463631813,80.0,125
1719463632560,80.5,75
1719463633265,80.25,25
1719463633578,80.05,100
1719463634888,80.2,25
1719463634888,80.2,25
1719463635145,80.45,150
1719463635145,80.45,150
1719463636998,79.75,125
1719463637656,79.65,25
1719463638313,80.1,25
1719463638313,80.1,25
1719463639356,79.95,25
1719463639356,79.95,25
1719463640435,80.0,25
1719463641226,79.6,50
1719463641663,79.7,25
1719463642603,79.65,25
1719463643184,79.5,50
1719463643184,79.5,50
1719463644623,79.7,25
1719463644623,79.7,25
1719463645685,79.6,100
1719463645685,79.6,100
1719463647188,80.2,50
1719463647526,80.3,25
1719463648054,80.5,200
1719463648054,80.5,200
1719463649797,80.7,150
1719463649797,80.7,150
1719463650088,80.75,50
1719463650717,80.55,25
1719463651139,80.4,275
1719463651139,80.4,275
1719463652252,80.45,75
1719463653309,80.65,250
1719463653309,80.65,250
1719463654732,80.85,25
1719463654732,80.85,25
1719463655811,80.7,100
1719463655811,80.7,100
1719463656744,80.95,50
1719463657040,80.6,25
1719463658149,80.95,25
1719463658767,80.5,375
1719463659921,80.8,50
1719463660353,80.8,50
1719463660353,80.8,50
1719463662433,80.7,25
1719463662433,80.7,25
1719463663577,80.75,50
1719463663577,80.75,50
1719463665806,80.75,25
1719463665908,81.0,50
1719463666662,80.75,100
1719463667653,80.8,25
1719463667653,80.8,25
1719463668995,80.95,50
1719463668995,80.95,50
1719463670377,81.0,25
1719463670894,81.0,25
1719463671112,80.8,300
1719463671112,80.8,300
1719463672054,80.8,100
1719463672054,80.8,100
1719463673861,80.4,25
1719463674929,80.5,50
1719463675485,80.75,25
1719463676267,81.0,25
1719463676267,81.0,25
1719463677443,80.6,50
1719463677443,80.6,50
1719463679266,80.65,100
1719463680038,81.0,50
1719463680142,81.1,100
1719463680142,81.1,100
1719463680142,81.1,100
1719463682433,81.0,25
1719463682433,81.0,25
1719463684110,80.8,25
1719463684110,80.8,25
1719463685517,80.85,25
1719463686300,80.4,25
1719463686300,80.4,25
1719463686300,80.4,25
1719463688649,80.35,50
1719463688649,80.35,50
1719463691140,80.9,250
1719463691140,80.9,250
1719463692586,80.85,50
1719463693186,81.0,25
1719463693186,81.0,25
1719463693186,81.0,25
1719463695170,80.75,75
1719463696023,81.0,575
1719463696498,81.1,75
1719463696848,81.1,25
1719463698068,80.35,25
1719463698399,80.3,25
1719463699046,80.0,25
1719463699744,80.3,25
1719463699744,80.3,25
1719463701606,80.55,75
1719463701859,80.7,50
1719463702845,80.75,50
1719463703333,80.5,50
1719463703880,80.2,25
1719463704969,80.05,25
1719463705700,80.05,150
1719463706161,79.7,125
1719463707057,79.9,100
1719463707057,79.9,100
1719463708572,80.0,100
1719463708572,80.0,100
1719463710350,79.95,25
1719463710512,80.0,75
1719463710512,80.0,75
1719463712137,79.5,50
1719463712940,79.25,75
1719463713156,79.25,25
1719463713784,79.85,200
1719463714858,79.8,25
1719463715678,79.75,25
1719463715678,79.75,25
1719463717026,79.45,25
1719463717812,79.45,100
1719463718023,79.6,25
1719463718677,79.5,25
1719463718677,79.5,25
1719463720874,79.0,400
1719463720939,79.25,575
1719463720939,79.25,575
1719463722767,78.8,25
1719463723350,79.55,50
1719463723685,79.25,25
1719463725003,79.25,25
1719463725277,79.25,100
1719463726444,79.4,50
1719463726845,79.5,75
1719463727885,79.3,25
1719463728030,79.6,25
1719463728030,79.6,25
1719463729649,80.1,25
1719463730022,80.2,50
1719463730531,79.8,175
1719463730531,79.8,175
1719463730531,79.8,175
1719463733532,80.15,100
1719463734918,79.85,175
1719463736505,79.6,100
1719463736505,79.6,100
1719463736719,79.35,150
1719463736719,79.35,150
1719463738718,79.3,25
1719463739092,79.3,25
1719463739092,79.3,25
1719463740427,79.05,100
1719463740517,79.0,25
1719463740517,79.0,25
1719463742476,79.45,100
1719463742806,79.25,300
1719463742806,79.25,300
1719463742806,79.25,300
1719463746631,79.45,75
1719463746631,79.45,75
1719463747156,79.15,100
1719463748118,79.6,400
1719463748487,79.5,25
1719463748487,79.5,25
1719463749475,79.4,25
1719463749475,79.4,25
1719463751512,79.0,25
1719463751693,79.0,50
1719463751693,79.0,50
1719463751693,79.0,50
1719463754149,79.0,25
1719463754832,79.1,25
1719463754832,79.1,25
1719463755658,79.2,50
1719463756182,79.15,250
1719463756182,79.15,250
1719463757841,79.0,250
1719463757841,79.0,250
1719463759208,78.85,150
1719463760060,77.7,25
1719463760404,77.8,25
1719463761403,78.05,25
1719463761403,78.05,25
1719463763094,78.0,100
1719463763094,78.0,100
1719463763914,77.95,600
1719463764375,78.1,25
1719463764375,78.1,25
1719463764375,78.1,25
1719463767902,78.65,25
1719463768254,78.9,150
1719463768805,78.85,125
1719463768805,78.85,125
1719463768805,78.85,125
1719463768805,78.85,125
1719463768805,78.85,125
1719463774038,78.1,50
1719463774038,78.1,50
1719463775409,78.0,25
1719463776096,77.8,25
1719463776096,77.8,25
1719463776808,77.55,25
1719463777211,77.35,125
1719463777211,77.35,125
1719463779214,77.6,225
1719463780029,77.85,25
1719463780549,78.0,200
1719463780549,78.0,200
1719463782258,78.0,525
1719463783029,78.35,25
1719463783029,78.35,25
1719463784202,77.9,25
1719463784202,77.9,25
1719463786302,78.35,25
1719463786302,78.35,25
1719463787025,78.1,50
1719463787147,78.0,200
1719463787147,78.0,200
1719463789493,77.95,25
1719463789564,77.95,25
1719463789564,77.95,25
1719463789564,77.95,25
1719463792648,77.85,25
1719463793034,77.85,25
1719463793230,78.0,25
1719463793915,77.6,25
1719463794508,77.35,25
1719463794508,77.35,25
1719463795515,77.6,200
1719463795515,77.6,200
1719463797647,78.15,25
1719463797647,78.15,25
1719463799426,78.1,25
1719463799862,78.05,25
1719463799862,78.05,25
1719463799862,78.05,25
1719463801122,77.8,25
1719463801584,77.8,25
1719463802088,77.8,50
1719463803226,78.15,950
1719463803226,78.15,950
1719463804062,77.95,100
1719463804617,77.7,25
1719463804617,77.7,25
1719463806174,78.15,75
1719463806740,78.1,125
1719463806740,78.1,125
1719463807589,77.85,25
1719463807589,77.85,25
1719463809096,78.0,125
1719463809096,78.0,125
1719463811227,77.6,50
1719463811227,77.6,50
1719463812830,77.7,400
1719463813206,77.0,50
1719463813932,76.7,25
1719463814176,76.8,75
1719463815179,76.7,25
1719463815223,76.6,25
1719463816326,77.0,50
1719463816326,77.0,50
1719463817863,77.6,25
1719463818296,77.55,25
1719463818815,77.7,25
1719463819073,77.95,175
1719463819073,77.95,175
1719463820710,77.7,25
1719463820710,77.7,25
1719463822154,77.8,400
1719463822154,77.8,400
1719463822154,77.8,400
1719463826791,77.75,125
1719463826791,77.75,125
1719463827461,77.8,25
1719463828097,77.9,25
1719463828097,77.9,25
1719463830103,78.7,100
1719463830103,78.7,100
1719463830103,78.7,100
1719463831624,78.05,50
1719463831949,78.0,25
1719463832623,78.0,175
1719463832623,78.0,175
1719463833799,78.0,225
1719463833799,78.0,225
1719463836456,78.0,600
1719463836456,78.0,600
1719463838234,78.9,25
1719463838815,78.65,25
1719463839222,78.7,25
1719463839222,78.7,25
1719463840273,78.75,25
1719463841642,78.95,225
1719463841642,78.95,225
1719463842582,79.05,25
1719463842582,79.05,25
1719463844156,79.7,25
1719463844156,79.7,25
1719463844156,79.7,25
1719463847387,79.25,100
1719463848174,79.45,25
1719463848174,79.45,25
1719463848174,79.45,25
1719463851157,79.7,200
1719463851157,79.7,200
1719463853341,79.7,25
1719463853461,79.7,25
1719463855048,79.9,25
1719463855048,79.9,25
1719463855048,79.9,25
1719463858915,78.85,300
1719463860230,78.5,125
1719463860230,78.5,125
1719463860809,78.5,25
1719463861555,78.6,25
1719463861897,78.5,25
1719463862479,78.2,25
1719463863153,78.2,25
1719463863987,78.4,25
1719463863987,78.4,25
1719463865102,78.6,25
1719463865604,78.85,125
1719463866894,79.1,25
1719463868232,79.25,25
1719463869757,79.4,25
1719463869757,79.4,25
1719463869757,79.4,25
1719463872743,79.2,100
1719463872743,79.2,100
1719463874315,79.25,75
1719463874315,79.25,75
1719463876238,79.4,100
1719463876238,79.4,100
1719463877079,79.25,50
1719463877237,79.0,150
1719463877237,79.0,150
1719463878707,78.9,50
1719463879664,78.7,25
1719463880226,78.55,25
1719463880226,78.55,25
1719463880226,78.55,25
1719463882536,78.4,25
1719463883003,78.4,25
1719463883003,78.4,25
1719463883957,78.6,25
1719463884623,78.4,100
1719463884623,78.4,100
1719463884623,78.4,100
1719463886994,78.3,300
1719463888148,77.9,25
1719463888148,77.9,25
1719463890062,77.9,25
1719463890062,77.9,25
1719463890062,77.9,25
1719463890897,77.85,25
1719463891605,78.0,75
1719463892252,77.95,100
1719463893145,78.0,25
1719463893145,78.0,25
1719463894589,78.1,25
1719463894589,78.1,25
1719463894589,78.1,25
1719463898379,78.8,25
1719463898496,78.5,100
1719463898496,78.5,100
1719463898496,78.5,100
1719463900644,78.2,125
1719463901202,78.3,50
1719463901202,78.3,50
1719463901202,78.3,50
1719463901202,78.3,50
1719463904130,78.0,25
1719463904862,78.15,100
1719463904862,78.15,100
1719463905605,78.0,400
1719463905605,78.0,400
1719463908081,77.8,25
1719463908081,77.8,25
1719463909211,77.8,175
1719463909211,77.8,175
1719463909211,77.8,175
1719463911857,78.0,25
1719463911857,78.0,25
1719463912684,77.95,50
1719463912684,77.95,50
1719463913765,77.5,675
1719463914556,77.5,25
1719463914556,77.5,25
1719463915636,77.55,25
1719463915636,77.55,25
1719463915636,77.55,25
1719463919108,77.9,75
1719463919630,77.85,50
1719463919630,77.85,50
1719463919630,77.85,50
1719463920595,78.2,625
1719463921294,78.0,100
1719463921294,78.0,100
1719463921294,78.0,100
1719463921294,78.0,100
1719463927149,78.6,400
1719463929031,78.3,50
1719463929522,78.4,100
1719463929522,78.4,100
1719463931261,78.05,150
1719463931261,78.05,150
1719463932765,77.9,250
1719463932765,77.9,250
1719463934058,77.55,50
1719463935019,77.25,150
1719463935019,77.25,150
1719463935915,76.75,25
1719463935915,76.75,25
1719463938142,77.9,25
1719463938602,77.8,125
1719463938602,77.8,125
1719463940238,78.0,400
1719463940238,78.0,400
1719463942331,78.25,25
1719463942331,78.25,25
1719463942331,78.25,25
1719463946147,78.0,125
1719463946147,78.0,125
1719463946147,78.0,125
1719463950239,78.5,675
1719463950239,78.5,675
1719463950750,78.6,25
1719463951529,78.35,25
1719463951529,78.35,25
1719463953950,78.5,50
1719463953950,78.5,50
1719463956146,78.9,25
1719463956973,79.2,500
1719463956973,79.2,500
1719463956973,79.2,500
1719463959644,79.0,100
1719463959644,79.0,100
1719463959644,79.0,100
1719463961144,79.6,75
1719463961144,79.6,75
1719463962983,79.25,375
1719463962983,79.25,375
1719463964298,79.5,50
1719463964298,79.5,50
1719463965523,79.2,25
1719463966214,79.3,25
1719463966357,79.2,200
1719463968199,78.9,25
1719463968199,78.9,25
1719463969059,79.4,25
1719463969360,79.2,25
1719463969360,79.2,25
1719463971207,79.6,75
1719463971207,79.6,75
1719463971207,79.6,75
1719463974596,79.5,25
1719463974596,79.5,25
1719463975471,79.5,100
1719463976334,79.25,100
1719463976334,79.25,100
1719463977469,79.45,150
1719463978793,79.1,100
1719463978897,79.1,25
1719463979770,78.9,25
1719463979770,78.9,25
1719463980962,78.8,50
1719463980962,78.8,50
1719463982806,78.9,25
1719463983191,78.8,25
1719463983191,78.8,25
1719463983191,78.8,25
1719463985634,79.0,100
1719463985634,79.0,100
1719463987165,79.3,25
1719463987975,79.1,25
1719463988796,79.2,250
1719463988796,79.2,250
1719463988796,79.2,250
1719463988796,79.2,250
1719463993222,79.35,25
1719463993705,79.5,25
1719463993932,79.7,50
1719463994769,79.7,25
1719463994769,79.7,25
1719463996575,79.2,25
1719463996575,79.2,25
1719463997550,79.6,25
1719463997550,79.6,25
1719463999484,79.7,25
1719463999484,79.7,25
1719464000701,80.0,25
1719464000986,79.85,25
1719464001527,79.9,250
1719464002735,79.2,25
1719464002735,79.2,25
1719464002735,79.2,25
1719464002735,79.2,25
1719464002735,79.2,25
1719464009119,79.5,250
1719464010348,79.75,100
1719464010845,79.35,25
1719464010845,79.35,25
1719464010845,79.35,25
1719464014468,79.55,125
1719464014468,79.55,125
1719464016543,79.4,25
1719464016543,79.4,25
1719464017483,79.0,50
1719464017865,79.0,25
1719464017865,79.0,25
1719464019507,79.0,50
1719464019507,79.0,50
1719464021052,79.15,25
1719464021483,78.55,50
1719464022883,78.25,25
1719464022883,78.25,25
1719464022883,78.25,25
1719464026019,79.15,25
1719464026949,79.05,125
1719464027339,79.2,50
1719464027339,79.2,50
1719464027339,79.2,50
1719464032061,79.35,50
1719464032061,79.35,50
1719464032061,79.35,50
1719464036811,79.8,25
1719464036811,79.8,25
1719464037662,79.45,25
1719464038904,79.85,25
1719464038904,79.85,25
1719464038904,79.85,25
1719464038904,79.85,25
1719464038904,79.85,25
1719464044807,80.0,250
1719464044807,80.0,250
1719464046242,79.65,75
1719464046629,79.85,75
1719464048031,80.0,25
1719464048313,80.15,50
1719464048313,80.15,50
1719464050001,80.0,25
1719464050187,80.0,25
1719464050187,80.0,25
1719464050187,80.0,25
1719464050187,80.0,25
1719464055449,79.75,325
1719464055449,79.75,325
1719464056396,79.5,25
1719464057092,79.35,500
1719464057184,79.2,1000
1719464057184,79.2,1000
1719464057184,79.2,1000
1719464060622,80.0,25
1719464060622,80.0,25
1719464062956,80.4,25
1719464063721,80.25,100
1719464063721,80.25,100
1719464064615,80.55,50
1719464065316,80.55,50
1719464065316,80.55,50
1719464067168,80.5,225
1719464067168,80.5,225
1719464068088,80.25,150
1719464068704,80.25,25
1719464068809,80.2,50
1719464069840,80.45,25
1719464070171,80.2,75
1719464070171,80.2,75
1719464071096,80.25,25
1719464071296,80.3,25
1719464071296,80.3,25
1719464074396,80.45,100
1719464074396,80.45,100
1719464077047,80.55,25
1719464077047,80.55,25
1719464077963,80.35,25
1719464078416,80.4,25
1719464078928,80.15,100
1719464079867,80.2,25
1719464080154,80.45,50
1719464080765,80.25,100
1719464080765,80.25,100
1719464082542,80.55,25
1719464082542,80.55,25
1719464083938,80.6,25
1719464084400,80.85,75
1719464084400,80.85,75
1719464086396,80.5,100
1719464086396,80.5,100
1719464087918,80.75,200
1719464087918,80.75,200
1719464087918,80.75,200
1719464087918,80.75,200
1719464091522,80.5,25
1719464092053,80.4,25
1719464092216,80.15,275
1719464092768,80.05,275
1719464093260,79.8,25
1719464094063,79.5,25
1719464095273,79.5,25
1719464095355,79.5,25
1719464095807,79.5,100
1719464095807,79.5,100
1719464097727,79.5,475
1719464097727,79.5,475
1719464098869,79.95,25
1719464099400,80.0,25
1719464099654,79.95,25
1719464099654,79.95,25
1719464099654,79.95,25
1719464099654,79.95,25
1719464102480,79.7,75
1719464102935,79.75,25
1719464102935,79.75,25
1719464104295,79.65,25
1719464104799,79.5,25
1719464105189,79.5,25
1719464106042,79.55,25
1719464106955,79.65,100
1719464106955,79.65,100
1719464107738,79.7,25
1719464108776,79.7,25
1719464108776,79.7,25
1719464109418,79.85,125
1719464109418,79.85,125
1719464110662,79.95,125
1719464111213,79.75,100
1719464111213,79.75,100
1719464113150,79.9,25
1719464113150,79.9,25
1719464114271,80.0,100
1719464114271,80.0,100
1719464114271,80.0,100
1719464118252,79.8,25
1719464118785,79.75,25
1719464118991,79.5,25
1719464118991,79.5,25
1719464120536,79.45,25
1719464120780,79.2,50
1719464121714,79.0,25
1719464122108,79.35,750
1719464123333,79.25,25
1719464123485,79.4,25
1719464123485,79.4,25
1719464124983,79.6,100
1719464124983,79.6,100
1719464124983,79.6,100
1719464127152,79.85,25
1719464127152,79.85,25
1719464128448,79.7,25
1719464128448,79.7,25
1719464129459,79.6,25
1719464129459,79.6,25
1719464131047,79.55,25
1719464131047,79.55,25
1719464133037,80.3,25
1719464133355,80.45,25
1719464133355,80.45,25
1719464134343,80.1,25
1719464135491,80.3,25
1719464135721,80.25,350
1719464135721,80.25,350
1719464137524,80.35,25
1719464138191,80.45,75
1719464138422,80.35,100
1719464138422,80.35,100
1719464139707,80.85,50
1719464139707,80.85,50
1719464141488,80.9,25
1719464141488,80.9,25
1719464142195,80.8,25
1719464143747,80.3,100
1719464143747,80.3,100
1719464145023,79.65,25
1719464145332,80.0,25
1719464145332,80.0,25
1719464147141,79.95,25
1719464147608,79.7,25
1719464147608,79.7,25
1719464149048,80.0,50
1719464149513,79.9,25
1719464150328,80.1,25
1719464150581,79.75,25
1719464150581,79.75,25
1719464153900,79.55,25
1719464153900,79.55,25
1719464154221,79.95,50
1719464155076,80.0,25
1719464155076,80.0,25
1719464155076,80.0,25
1719464157605,80.6,25
1719464157605,80.6,25
1719464159728,80.5,25
1719464159728,80.5,25
1719464161624,80.3,25
1719464161624,80.3,25
1719464163086,80.0,50
1719464163086,80.0,50
1719464164480,79.8,25
1719464165024,80.0,50
1719464165024,80.0,50
1719464165024,80.0,50
1719464168586,80.05,25
1719464168780,80.4,300
1719464168780,80.4,300
1719464170455,80.0,25
1719464170455,80.0,25
1719464173003,80.25,50
1719464173555,79.8,100
1719464174041,79.9,25
1719464174812,80.25,25
1719464174812,80.25,25
1719464176038,80.15,150
1719464176790,80.5,150
1719464176790,80.5,150
1719464178022,80.35,25
1719464178022,80.35,25
1719464178022,80.35,25
1719464180599,80.0,50
1719464181514,79.75,100
1719464181514,79.75,100
1719464182382,79.5,25
1719464183719,79.5,100
1719464183924,79.7,275
1719464183924,79.7,275
1719464184908,79.7,175
1719464184908,79.7,175
1719464185969,79.75,50
1719464185969,79.75,50
1719464185969,79.75,50
1719464185969,79.75,50
1719464185969,79.75,50
1719464191383,80.6,25
1719464192062,80.65,75
1719464192546,80.65,50
1719464192546,80.65,50
1719464192546,80.65,50
1719464192546,80.65,50
1719464198059,79.75,25
1719464198850,79.55,50
1719464199056,79.6,25
1719464200455,80.15,25
1719464202068,80.55,25
1719464202068,80.55,25
1719464202068,80.55,25
1719464202068,80.55,25
1719464206020,80.25,75
1719464206655,80.25,25
1719464206655,80.25,25
1719464208515,80.05,25
1719464208515,80.05,25
1719464210425,79.75,25
1719464210425,79.75,25
1719464210425,79.75,25
1719464211459,79.75,150
1719464211459,79.75,150
1719464213010,80.3,25
1719464213010,80.3,25
1719464215080,80.25,25
1719464215080,80.25,25
1719464216481,80.3,250
1719464216481,80.3,250
1719464218969,79.0,100
1719464219312,79.0,25
1719464219312,79.0,25
1719464219312,79.0,25
1719464221030,79.0,25
1719464221591,79.05,75
1719464222219,78.85,25
1719464222459,78.95,50
1719464223468,78.85,25
1719464223468,78.85,25
1719464224938,79.0,25
1719464224938,79.0,25
1719464226101,78.3,25
1719464226101,78.3,25
1719464227753,78.15,250
1719464228343,78.15,25
1719464228602,77.9,50
1719464229155,77.9,25
1719464230393,77.65,50
1719464230574,77.4,50
1719464230990,77.5,350
1719464230990,77.5,350
1719464232295,77.65,150
1719464233100,78.15,25
1719464233100,78.15,25
1719464234278,77.5,550
1719464234430,77.6,25
1719464234430,77.6,25
1719464236374,77.95,25
1719464236374,77.95,25
1719464237580,77.95,100
1719464237580,77.95,100
1719464240169,77.85,200
1719464240169,77.85,200
1719464241235,77.75,25
1719464241235,77.75,25
1719464242763,78.1,25
1719464242763,78.1,25
1719464244078,77.85,175
1719464244616,77.5,75
1719464245232,77.65,25
1719464245232,77.65,25
1719464246830,77.0,75
1719464246830,77.0,75
1719464248421,75.95,50
1719464248421,75.95,50
1719464249363,75.65,100
1719464249701,75.85,250
1719464249701,75.85,250
1719464250973,76.0,200
1719464252171,76.2,100
1719464252960,76.15,25
1719464253747,75.75,50
1719464253747,75.75,50
1719464255366,75.8,25
1719464255366,75.8,25
1719464256031,75.7,225
1719464256564,76.05,25
1719464258267,75.15,50
1719464258852,75.1,50
1719464259113,75.15,25
1719464260372,76.0,75
1719464260372,76.0,75
1719464261815,75.75,125
1719464262004,75.7,50
1719464262004,75.7,50
1719464262978,75.75,300
1719464263811,75.7,25
1719464263811,75.7,25
1719464265074,75.25,25
1719464265540,75.4,100
1719464266150,75.6,100
1719464266375,75.75,50
1719464267996,75.2,25
1719464268501,75.6,25
1719464269252,75.55,25
1719464270055,75.45,25
1719464270651,75.65,125
1719464270651,75.65,125
1719464272149,76.0,25
1719464272149,76.0,25
1719464272149,76.0,25
1719464274050,75.95,75
1719464274965,76.4,25
1719464274965,76.4,25
1719464275938,75.95,25
1719464276701,75.6,25
1719464276701,75.6,25
1719464277339,75.8,25
1719464277339,75.8,25
1719464279955,76.6,25
1719464280255,76.55,25
1719464280535,76.6,25
1719464281005,76.4,100
1719464282172,75.95,100
1719464283049,76.2,25
1719464283702,75.85,50
1719464283702,75.85,50
1719464285070,76.1,100
1719464285070,76.1,100
1719464285888,76.35,25
1719464286719,76.4,25
1719464286719,76.4,25
1719464288299,76.3,25
1719464289222,76.05,25
1719464289245,76.0,25
1719464289245,76.0,25
1719464291336,75.95,250
1719464292168,74.8,50
1719464292556,74.85,25
1719464294127,75.45,25
1719464294127,75.45,25
1719464294966,75.4,125
1719464295712,75.5,25
1719464295940,75.45,100
1719464296975,75.9,25
1719464297361,75.75,25
1719464298683,75.35,25
1719464298683,75.35,25
1719464299199,75.0,100
1719464299199,75.0,100
1719464300820,75.2,25
1719464300981,75.5,25
1719464302373,75.45,100
1719464302964,75.75,25
1719464303499,75.6,25
1719464303499,75.6,25
1719464305237,75.7,100
1719464305484,75.8,100
1719464306131,75.9,125
1719464307134,76.0,50
1719464307134,76.0,50
1719464308267,75.45,350
1719464308821,75.45,75
1719464308821,75.45,75
1719464309368,75.65,50
1719464310326,75.0,25
1719464310326,75.0,25
1719464311169,75.25,75
1719464312268,74.85,25
1719464313220,75.3,25
1719464313220,75.3,25
1719464314595,74.75,25
1719464315314,74.95,25
1719464315681,74.9,25
1719464316418,74.8,25
1719464317184,74.45,25
1719464317350,74.65,25
1719464318118,74.8,25
1719464318771,75.05,25
1719464318771,75.05,25
1719464320138,75.1,25
1719464320568,74.9,25
1719464321460,74.9,25
1719464322138,74.95,25
1719464322138,74.95,25
1719464323368,74.45,25
1719464323880,74.45,50
1719464324276,74.9,50
1719464325035,74.75,100
1719464325577,75.4,25
1719464326186,75.0,75
1719464327410,75.55,100
1719464328316,76.0,25
1719464329195,76.4,25
1719464329195,76.4,25
1719464330221,76.3,125
1719464330221,76.3,125
1719464330221,76.3,125
1719464332960,75.25,25
1719464333139,75.25,25
1719464333702,75.55,75
1719464333702,75.55,75
1719464334848,75.4,50
1719464334848,75.4,50
1719464334848,75.4,50
1719464338461,75.6,25
1719464338997,75.75,200
1719464338997,75.75,200
1719464338997,75.75,200
1719464340686,75.4,150
1719464340686,75.4,150
1719464341260,75.5,50
1719464341620,75.85,25
1719464341620,75.85,25
1719464342778,75.9,50
1719464344036,75.6,50
1719464345200,75.8,25
1719464345617,75.8,50
1719464346317,75.9,100
1719464347292,75.65,100
1719464347292,75.65,100
1719464348010,75.6,25
1719464349056,75.9,25
1719464349209,75.9,25
1719464349931,75.7,25
1719464349931,75.7,25
1719464351340,75.8,25
1719464352404,75.7,25
1719464352404,75.7,25
1719464353250,75.95,25
1719464354087,76.1,75
1719464354087,76.1,75
1719464354964,75.65,25
1719464355560,75.85,175
1719464355560,75.85,175
1719464356555,75.9,25
1719464356555,75.9,25
1719464357619,76.15,175
1719464359265,75.95,25
1719464360278,75.7,1000
1719464360278,75.7,1000
1719464360278,75.7,1000
1719464362165,75.05,75
1719464362165,75.05,75
1719464362648,75.65,25
1719464363964,75.7,25
1719464363964,75.7,25
1719464365390,75.6,100
1719464365756,75.65,25
1719464365756,75.65,25
1719464367042,75.6,25
1719464367363,75.7,25
1719464367986,75.85,25
1719464368988,75.85,25
1719464369738,75.75,25
1719464370311,75.85,25
1719464370311,75.85,25
1719464370311,75.85,25
1719464371976,75.7,25
1719464371976,75.7,25
1719464373345,75.5,25
1719464374280,75.65,25
1719464375173,75.75,50
1719464375540,75.8,25
1719464376146,75.8,25
1719464377156,75.75,25
1719464377441,75.8,25
1719464378085,75.85,25
1719464379184,76.05,25
1719464379184,76.05,25
1719464379878,76.1,125
1719464379878,76.1,125
1719464381216,75.85,800
1719464382196,75.75,25
1719464382196,75.75,25
1719464382678,75.85,25
1719464384064,76.3,25
1719464385456,76.1,75
1719464385652,76.25,25
1719464386283,76.6,150
1719464387219,76.5,150
1719464387219,76.5,150
1719464388281,76.2,25
1719464389143,76.15,100
1719464389143,76.15,100
1719464389990,76.35,150
1719464390377,76.2,75
1719464390940,76.2,100
1719464392290,76.15,25
1719464392290,76.15,25
1719464392875,76.1,50
1719464394020,75.75,250
1719464395187,76.2,50
1719464395821,75.9,175
1719464396284,76.15,25
1719464396480,76.25,75
1719464397453,75.9,50
1719464398182,75.55,50
1719464398709,75.6,75
1719464398709,75.6,75
1719464400184,76.0,150
1719464400184,76.0,150
1719464400892,75.9,25
1719464401175,75.9,25
1719464402337,76.25,25
1719464402337,76.25,25
1719464402633,76.15,25
1719464404228,76.25,25
1719464405907,75.5,25
1719464406465,75.65,25
1719464407024,75.8,75
1719464407024,75.8,75
1719464408185,76.05,25
1719464408185,76.05,25
1719464410666,75.85,125
1719464410666,75.85,125
1719464412307,76.1,25
1719464413175,76.15,150
1719464413364,76.25,25
1719464414662,76.5,25
1719464414662,76.5,25
1719464417286,76.05,100
1719464417286,76.05,100
1719464418891,76.1,50
1719464418967,76.0,25
1719464418967,76.0,25
1719464419915,75.85,125
1719464419915,75.85,125
1719464421453,76.05,75
1719464421453,76.05,75
1719464423709,76.3,25
1719464423709,76.3,25
1719464425453,76.0,25
1719464425818,75.75,25
1719464425818,75.75,25
1719464427490,75.85,25
1719464427490,75.85,25
1719464427490,75.85,25
1719464427490,75.85,25
1719464431457,75.95,25
1719464432377,75.5,300
1719464432377,75.5,300
1719464434401,75.7,25
1719464435726,75.65,25
1719464435726,75.65,25
1719464435726,75.65,25
1719464436798,75.45,50
1719464436798,75.45,50
1719464438768,75.4,200
1719464439334,75.5,75
1719464439532,75.55,25
1719464440024,75.2,25
1719464440876,75.5,700
1719464440876,75.5,700
1719464442307,75.4,25
1719464442307,75.4,25
1719464442744,75.35,25
1719464443793,75.4,25
1719464444715,75.6,50
1719464445390,75.6,25
1719464445390,75.6,25
1719464447102,75.9,50
1719464447102,75.9,50
1719464448112,75.85,125
1719464448586,75.55,25
1719464450624,75.95,25
1719464450624,75.95,25
1719464451740,75.55,25
1719464451833,75.55,25
1719464451833,75.55,25
1719464453554,75.85,200
1719464453554,75.85,200
1719464454938,75.9,25
1719464455591,75.8,25
1719464455591,75.8,25
1719464457049,75.85,25
1719464457049,75.85,25
1719464457761,75.9,75
1719464457761,75.9,75
1719464459957,75.85,25
1719464460435,76.0,150
1719464460657,75.8,25
1719464461094,75.85,350
1719464461447,76.25,100
1719464463174,76.15,25
1719464464159,76.3,25
1719464465172,76.15,25
1719464465450,76.4,50
1719464466174,76.0,25
1719464467264,75.9,25
1719464468463,76.1,25
1719464469226,75.85,25
1719464469978,75.65,125
1719464469978,75.65,125
1719464471209,75.45,25
1719464472158,75.7,25
1719464472158,75.7,25
1719464473524,75.65,25
1719464474033,75.3,100
1719464474033,75.3,100
1719464474812,75.35,25
1719464475789,75.35,25
1719464476347,75.25,25
1719464477207,75.55,200
1719464477207,75.55,200
1719464478470,75.35,225
1719464478983,75.85,50
1719464479970,75.85,25
1719464480990,76.0,150
1719464480990,76.0,150
1719464482205,75.95,75
1719464482600,75.9,25
1719464483254,75.9,400
1719464484181,75.8,25
1719464484181,75.8,25
1719464484839,75.85,25
1719464484839,75.85,25
1719464486299,75.95,25
1719464486299,75.95,25
1719464488124,75.7,25
1719464488814,75.9,100
1719464488814,75.9,100
1719464488814,75.9,100
1719464491042,75.75,50
1719464491534,75.9,50
1719464491534,75.9,50
1719464493244,75.7,50
1719465020205,86.4,100
1719465021612,87.25,25
1719465023131,88.0,25
1719465023503,87.45,25
1719465024615,88.3,75
1719465025643,89.05,100
1719465026225,89.4,25
1719465026225,89.4,25
1719465026225,89.4,25
1719465028287,87.45,25
1719465029044,86.8,100
1719465029390,87.3,100
1719465029760,87.0,25
1719465029760,87.0,25
1719465029760,87.0,25
1719465031349,87.25,50
1719465031349,87.25,50
1719465032374,86.95,25
1719465032374,86.95,25
1719465033705,86.85,25
1719465034113,87.0,25
1719465034743,86.85,100
1719465034743,86.85,100
1719465036386,86.0,375
1719465037001,85.75,50
1719465037001,85.75,50
1719465038459,86.35,275
1719465039505,86.2,25
1719465039505,86.2,25
1719465039505,86.2,25
1719465039505,86.2,25
1719465039505,86.2,25
1719465045477,86.3,25
1719465046608,86.55,25
1719465046621,86.3,100
1719465046621,86.3,100
1719465047995,86.2,25
1719465047995,86.2,25
1719465048946,86.25,50
1719465048946,86.25,50
1719465049932,86.0,100
1719465051487,85.4,25
1719465052584,86.2,275
1719465052584,86.2,275
1719465053979,84.95,25
1719465054394,85.7,100
1719465054394,85.7,100
1719465055346,86.0,250
1719465056211,86.65,250
1719465056211,86.65,250
1719465057607,87.45,50
1719465057607,87.45,50
1719465058568,88.05,225
1719465059306,88.8,150
1719465059306,88.8,150
1719465060473,88.85,25
1719465060473,88.85,25
1719465060473,88.85,25
1719465062010,88.05,50
1719465062602,87.7,175
1719465062602,87.7,175
1719465063348,88.05,75
1719465063348,88.05,75
1719465065141,88.2,250
1719465066022,88.2,75
1719465066022,88.2,75
1719465068021,88.8,50
1719465068021,88.8,50
1719465070321,88.65,25
1719465070885,88.25,25
1719465070885,88.25,25
1719465071675,88.4,325
1719465072373,87.7,25
1719465072935,88.4,175
1719465072935,88.4,175
1719465074195,88.25,25
1719465074195,88.25,25
1719465075582,88.1,100
1719465075582,88.1,100
1719465076364,88.35,25
1719465077898,88.0,25
1719465077898,88.0,25
1719465078570,87.5,25
1719465079704,87.7,25
1719465080606,87.65,375
1719465080606,87.65,375
1719465082400,88.0,50
1719465083043,88.2,25
1719465083043,88.2,25
1719465083506,88.1,25
1719465083506,88.1,25
1719465084837,88.3,25
1719465086210,88.45,50
1719465086679,88.45,500
1719465087533,88.55,250
1719465087973,88.8,25
1719465087973,88.8,25
1719465089574,88.7,150
1719465089574,88.7,150
1719465089574,88.7,150
1719465091123,88.55,75
1719465091123,88.55,75
1719465091123,88.55,75
1719465094285,89.0,100
1719465094285,89.0,100
1719465095531,89.05,25
1719465095531,89.05,25
1719465097545,89.0,100
1719465097545,89.0,100
1719465098443,88.75,25
1719465099049,89.3,25
1719465099729,89.15,100
1719465099729,89.15,100
1719465100809,89.4,50
1719465101438,89.9,50
1719465102623,90.75,25
1719465103065,90.1,50
1719465103676,90.45,25
1719465104481,89.2,25
1719465104481,89.2,25
1719465105300,89.3,100
1719465105300,89.3,100
1719465106941,89.8,100
1719465106941,89.8,100
1719465108320,89.8,25
1719465109318,89.4,125
1719465109318,89.4,125
1719465110582,89.6,225
1719465110582,89.6,225
1719465111575,88.85,75
1719465112371,89.7,50
1719465113048,90.0,25
1719465113680,89.9,100
1719465114598,90.2,975
1719465114777,90.4,100
1719465115485,90.1,25
1719465116331,90.3,100
1719465116331,90.3,100
1719465117546,89.95,25
1719465118162,91.0,150
1719465118598,90.75,50
1719465119540,90.8,100
1719465119540,90.8,100
1719465120385,89.8,25
1719465120385,89.8,25
1719465121319,89.95,50
1719465121662,89.65,25
1719465122248,89.25,25
1719465123157,89.1,25
1719465123220,88.95,25
1719465124593,88.7,25
1719465125165,89.05,25
1719465125718,88.9,25
1719465125718,88.9,25
1719465126859,89.65,25
1719465127957,89.95,25
1719465128649,89.75,25
1719465129650,89.75,25
1719465129698,89.65,25
1719465129820,89.65,25
1719465131054,89.9,450
1719465131646,89.95,25
1719465132627,89.85,225
1719465133130,89.45,25
1719465133314,89.35,25
1719465134701,88.8,25
1719465135554,89.5,25
1719465136236,89.65,25
1719465136581,89.3,225
1719465137619,89.6,25
1719465137619,89.6,25
1719465138619,89.6,125
1719465138899,88.85,25
1719465139778,88.9,25
1719465140358,88.8,25
1719465141235,89.1,25
1719465141235,89.1,25
1719465142237,89.5,25
1719465142237,89.5,25
1719465143674,90.0,25
1719465144558,90.15,25
1719465144673,90.15,25
1719465145646,89.15,25
1719465145995,88.85,25
1719465146621,88.95,25
1719465147355,89.0,25
1719465148090,89.0,25
1719465148767,89.05,75
1719465149114,88.75,25
1719465149114,88.75,25
1719465150183,87.85,150
1719465150511,88.0,25
1719465151148,88.3,25
1719465151587,88.15,25
1719465152111,88.1,25
1719465153114,87.95,25
1719465153480,88.1,25
1719465153705,87.85,25
1719465153705,87.85,25
1719465155492,88.15,25
1719465155926,88.2,25
1719465156508,88.4,25
1719465157039,88.25,25
1719465158210,88.7,25
1719465158610,88.65,50
1719465158942,88.8,25
1719465158942,88.8,25
1719465160655,88.65,50
1719465160655,88.65,50
1719465162004,88.25,25
1719465162134,88.1,25
1719465163152,88.15,25
1719465163152,88.15,25
1719465164630,88.25,50
1719465164630,88.25,50
1719465165256,87.95,25
1719465166412,88.2,25
1719465166412,88.2,25
1719465167277,88.55,25
1719465167277,88.55,25
1719465169160,89.0,1200
1719465169424,89.1,25
1719465169424,89.1,25
1719465169974,88.9,75
1719465170738,89.25,75
1719465170738,89.25,75
1719465173198,89.5,25
1719465173705,89.5,25
1719465174652,89.6,25
1719465174652,89.6,25
1719465175699,89.15,25
1719465175699,89.15,25
1719465176961,89.05,25
1719465177147,89.2,50
1719465177147,89.2,50
1719465178971,89.15,50
1719465179734,89.4,25
1719465180376,89.5,150
1719465180376,89.5,150
1719465181346,89.5,25
1719465181346,89.5,25
1719465182150,88.75,25
1719465183263,88.2,25
1719465183263,88.2,25
1719465184076,88.55,25
1719465184076,88.55,25
1719465185827,88.55,25
1719465186271,88.15,25
1719465186271,88.15,25
1719465187494,87.9,25
1719465187494,87.9,25
1719465189859,88.5,25
1719465189859,88.5,25
1719465189859,88.5,25
1719465191473,88.9,25
1719465192308,88.35,25
1719465193296,88.1,25
1719465193473,87.9,25
1719465194190,88.3,25
1719465194190,88.3,25
1719465195393,88.2,25
1719465196443,88.15,25
1719465196963,88.05,25
1719465197690,88.5,50
1719465198404,88.9,50
1719465199332,89.25,425
1719465200121,89.7,25
1719465200546,89.2,100
1719465201681,90.0,25
1719465201786,90.05,25
1719465202820,90.8,25
1719465203304,91.6,25
1719465203393,91.65,25
1719465204852,90.95,25
1719465204852,90.95,25
1719465205658,91.05,25
1719465205658,91.05,25
1719465207806,91.85,25
1719465208034,91.8,25
1719465208347,91.75,25
1719465209629,91.25,25
1719465209629,91.25,25
1719465210358,91.3,25
1719465210666,91.2,25
1719465211662,91.2,25
1719465212311,91.8,125
1719465213306,93.7,100
1719465214074,93.45,50
1719465215137,93.9,25
1719465215643,94.7,25
1719465216185,97.45,25
1719465216250,98.5,50
1719465216250,98.5,50
1719465216725,98.0,50
1719465218008,98.0,250
1719465219795,98.8,100
1719465220081,99.6,25
1719465220881,99.95,25
1719465221617,99.55,25
1719465221617,99.55,25
1719465222871,98.15,25
1719465223357,98.15,100
1719465223681,97.95,75
1719465224943,99.0,25
1719465225134,99.4,25
1719465225859,98.4,25
1719465226658,98.9,25
1719465226773,99.4,75
1719465228058,101.2,75
1719465228355,102.0,50
1719465228355,102.0,50
1719465229024,105.95,50
1719465229201,104.85,25
1719465231085,100.8,50
1719465231753,101.05,100
1719465231992,101.2,75
1719465233016,101.65,25
1719465233130,101.4,50
1719465233599,101.15,25
1719465234624,100.45,50
1719465234624,100.45,50
1719465235823,101.45,25
1719465236760,104.0,25
1719465237030,104.15,25
1719465237857,105.2,50
1719465238218,103.6,25
1719465238218,103.6,25
1719465239879,103.35,25
1719465240113,103.45,100
1719465240454,104.6,800
1719465240839,104.65,25
1719465241829,104.95,50
1719465242635,105.0,100
1719465243352,104.2,50
1719465243876,103.9,50
1719465244874,103.1,25
1719465245125,102.6,25
1719465245725,103.1,50
1719465246574,103.95,25
1719465246574,103.95,25
1719465248096,102.0,50
1719465248310,102.45,25
1719465248884,102.65,25
1719465249925,104.05,25
1719465250838,104.35,25
1719465251421,104.35,50
1719465251645,104.8,25
1719465252698,105.3,100
1719465253301,105.75,25
1719465253552,107.3,25
1719465254873,105.3,50
1719465254873,105.3,50
1719465255855,104.0,125
1719465255954,104.3,50
1719465256700,103.95,25
1719465257884,104.25,75
1719465258323,103.95,100
1719465258801,104.35,25
1719465259681,105.55,50
1719465259898,105.75,100
1719465260454,105.0,25
1719465261566,104.3,300
1719465262639,103.95,75
1719465263406,105.6,150
1719465263516,105.4,25
1719465264576,104.8,100
1719465265005,103.6,25
1719465265762,104.9,125
1719465266610,103.05,50
1719465266665,103.2,250
1719465267878,103.2,50
1719465268333,103.15,100
1719465268604,102.6,125
1719465269903,105.4,175
1719465269974,105.45,50
1719465270267,105.7,50
1719465270891,106.0,100
1719465271522,105.9,325
1719465272089,106.4,150
1719465272591,105.85,200
1719465273439,105.85,125
1719465273665,105.7,25
1719465274607,105.75,625
1719465274953,105.85,25
1719465275907,105.5,25
1719465276300,105.6,25
1719465276879,105.55,50
1719465277844,104.45,25
1719465277844,104.45,25
1719465278759,104.65,25
1719465279875,105.1,25
1719465280364,105.15,275
1719465281530,104.6,25
1719465281530,104.6,25
1719465282566,104.45,25
1719465283442,104.1,200
1719465283563,103.5,25
1719465284897,104.4,25
1719465285020,104.2,25
1719465285531,105.1,25
1719465286241,105.75,150
1719465286888,104.8,25
1719465288041,103.95,25
1719465288432,104.65,100
1719465288432,104.65,100
1719465289262,105.1,100
1719465289847,105.35,300
1719465290569,105.35,50
1719465291653,104.8,100
1719465291653,104.8,100
1719465292815,104.2,50
1719465293452,104.6,100
1719465293900,104.2,25
1719465294843,103.95,100
1719465295043,103.25,100
1719465296103,103.35,100
1719465296444,103.75,25
1719465296712,103.3,25
1719465297884,104.4,275
1719465298399,104.65,25
1719465298600,104.75,150
1719465299408,104.85,25
1719465299968,105.0,25
1719465300407,105.7,50
1719465300497,105.75,75
1719465301624,105.85,50
1719465301902,105.85,50
1719465302862,106.55,125
1719465303466,105.8,50
1719465303919,105.75,50
1719465304952,106.2,50
1719465305743,108.75,25
1719465306636,108.8,125
1719465306739,108.65,50
1719465307882,107.9,200
1719465308882,107.95,50
1719465309625,107.75,50
1719465309768,107.95,25
1719465310905,108.3,25
1719465311573,109.0,225
1719465311879,109.0,25
1719465312625,108.7,125
1719465313282,108.15,25
1719465313727,107.95,25
1719465314630,108.5,125
1719465314802,107.8,75
1719465315815,107.45,25
1719465316583,107.5,25
1719465316917,106.95,25
1719465317746,106.5,200
1719465317746,106.5,200
1719465318635,107.3,400
1719465319886,106.65,50
1719465319886,106.65,50
1719465320217,107.1,125
1719465321544,106.3,25
1719465321544,106.3,25
1719465322817,106.0,25
1719465323277,107.1,50
1719465323538,106.5,25
1719465324773,105.85,25
1719465325747,106.65,125
1719465326413,106.85,125
1719465326825,107.0,25
1719465327916,107.15,100
1719465327916,107.15,100
1719465328852,107.55,50
1719465329923,106.65,25
1719465330094,106.65,25
1719465330094,106.65,25
1719465330612,105.7,50
1719465331616,105.65,100
1719465332848,105.3,25
1719465333290,105.15,25
1719465333870,104.15,100
1719465334745,105.0,25
1719465335137,105.0,200
1719465335940,105.0,25
1719465336378,104.9,25
1719465337922,107.0,25
1719465338243,107.55,25
1719465338880,107.85,50
1719465339606,108.55,50
1719465339606,108.55,50
1719465340893,107.65,200
1719465341731,107.1,175
1719465342011,106.8,125
1719465342384,106.65,275
1719465343235,106.1,100
1719465343521,105.7,25
1719465344486,104.95,25
1719465344808,104.45,50
1719465345896,104.4,25
1719465346695,104.35,100
1719465346695,104.35,100
1719465347489,104.05,25
1719465348043,104.05,50
1719465348725,105.0,75
1719465349396,104.8,25
1719465349396,104.8,25
1719465350725,103.5,150
1719465351441,103.4,25
1719465351441,103.4,25
1719465352923,104.65,50
1719465353269,105.2,50
1719465353883,105.15,100
1719465354939,104.65,1450
1719465355659,104.7,50
1719465356129,105.05,75
1719465356801,104.75,675
1719465357818,105.55,75
1719465358327,105.8,25
1719465358913,105.15,50
1719465359791,105.6,25
1719465359791,105.6,25
1719465360348,105.4,25
1719465360348,105.4,25
1719465361471,105.6,75
1719465361471,105.6,75
1719465362715,105.65,25
1719465362715,105.65,25
1719465364016,104.85,50
1719465364635,104.25,250
1719465365121,104.35,25
1719465365715,104.35,100
1719465366621,104.4,50
1719465367420,104.1,125
1719465368355,104.45,25
1719465368355,104.45,25
1719465369343,104.5,525
1719465369783,104.25,50
1719465370690,104.25,850
1719465371431,103.95,25
1719465371431,103.95,25
1719465372719,103.55,25
1719465372980,103.4,25
1719465373831,103.05,500
1719465374533,102.9,125
1719465374533,102.9,125
1719465375711,103.3,25
1719465376494,103.0,25
1719465376494,103.0,25
1719465377958,103.35,325
1719465377958,103.35,325
1719465378809,103.2,50
1719465379684,102.5,50
1719465381100,102.9,250
1719465381758,102.95,550
1719465382765,102.8,150
1719465383313,101.45,25
1719465383726,101.45,125
1719465384685,101.2,150
1719465384833,101.4,25
1719465385741,101.25,75
1719465385946,101.4,150
1719465387887,101.7,25
1719465388390,101.8,25
1719465388737,101.85,125
1719465389697,102.5,25
1719465389697,102.5,25
1719465390350,103.0,500
1719465390902,103.6,75
1719465391017,104.0,25
1719465391017,104.0,25
1719465392731,105.0,25
1719465393264,105.45,25
1719465393873,105.0,50
1719465394669,104.6,25
1719465395120,104.85,25
1719465395710,104.3,25
1719465396435,104.95,75
1719465397875,104.35,25
1719465397875,104.35,25
1719465398624,104.25,75
1719465399444,103.7,50
1719465399813,103.2,25
1719465400222,103.7,225
1719465401660,103.7,25
1719465401867,103.8,25
1719465402737,103.5,100
1719465402737,103.5,100
1719465404108,104.15,25
1719465404936,104.0,25
1719465406020,105.0,50
1719465406571,104.7,25
1719465406571,104.7,25
1719465407543,104.55,150
1719465408238,103.55,25
1719465408523,104.15,100
1719465409751,104.5,275
1719465409751,104.5,275
1719465410671,103.25,50
1719465411696,103.15,25
1719465413122,103.55,75
1719465413347,103.6,25
1719465413647,103.4,25
1719465414683,103.0,200
1719465414683,103.0,200
1719465415823,103.7,50
1719465416543,104.0,25
1719465416788,104.7,25
1719465417292,104.75,75
1719465418111,104.25,25
1719465418111,104.25,25
1719465419716,104.6,150
1719465420387,104.6,25
1719465420660,104.85,125
1719465421851,105.2,50
1719465422674,105.0,100
1719465422674,105.0,100
1719465423768,105.35,100
1719465425011,106.2,25
1719465425011,106.2,25
1719465425339,105.55,50
1719465426559,105.35,25
1719465426559,105.35,25
1719465427839,105.05,50
1719465428245,105.5,25
1719465428245,105.5,25
1719465429599,106.0,25
1719465430091,106.6,500
1719465430993,105.35,100
1719465431705,105.75,100
1719465431845,105.55,25
1719465432458,104.2,150
1719465433265,104.25,25
1719465433773,103.65,50
1719465434671,103.85,25
1719465434671,103.85,25
1719465435750,104.25,25
1719465436815,106.0,50
1719465437682,106.05,25
1719465438182,105.5,100
1719465438740,105.75,150
1719465439769,105.6,150
1719465440220,105.8,50
1719465440810,106.45,25
1719465441428,106.25,125
1719465441428,106.25,125
1719465442644,106.3,150
1719465443067,106.7,25
1719465443651,106.1,50
1719465444740,106.35,50
1719465445286,106.15,50
1719465445586,106.2,100
1719465446643,105.5,75
1719465446643,105.5,75
1719465447053,105.9,25
1719465448116,106.1,25
1719465448610,106.4,25
1719465449684,106.35,50
1719465450198,107.2,250
1719465450198,107.2,250
1719465450759,107.15,100
1719465451868,107.05,25
1719465451963,106.6,25
1719465452755,106.35,50
1719465453494,105.85,25
1719465453697,106.15,125
1719465454662,106.0,50
1719465455261,106.15,50
1719465455964,105.5,50
1719465456872,105.0,25
1719465457964,105.65,550
1719465458401,105.85,75
1719465458401,105.85,75
1719465459901,106.7,175
1719465460263,107.5,25
1719465460933,107.8,25
1719465461647,107.55,50
1719465461647,107.55,50
1719465462811,107.5,25
1719465462811,107.5,25
1719465463983,107.8,25
1719465464753,106.5,50
1719465465279,106.75,25
1719465465624,106.6,25
1719465466785,107.15,25
1719465466785,107.15,25
1719465467587,108.0,50
1719465468182,108.0,1450
1719465468182,108.0,1450
1719465469952,107.8,100
1719465470198,107.5,75
1719465470705,107.55,50
1719465471739,107.65,50
1719465471739,107.65,50
1719465472703,107.85,25
1719465473468,108.2,175
1719465473894,108.0,75
1719465474351,107.9,275
1719465475213,107.55,25
1719465475928,108.45,25
1719465476905,107.9,100
1719465476961,108.2,25
1719465477619,108.25,50
1719465478474,107.15,100
1719465478913,107.8,25
1719465479964,107.85,50
1719465480113,107.3,75
1719465480481,107.15,50
1719465480738,106.75,25
1719465481734,105.55,25
1719465481734,105.55,25
1719465483099,105.8,125
1719465483225,105.95,25
1719465483225,105.95,25
1719465484552,106.7,50
1719465485213,106.95,75
1719465485834,107.1,100
1719465486777,107.5,25
1719465486777,107.5,25
1719465487308,107.65,300
1719465488406,108.05,50
1719465488792,108.8,25
1719465489813,107.85,25
1719465489813,107.85,25
1719465490640,107.95,25
1719465491456,107.6,25
1719465491965,107.3,50
1719465492706,107.35,25
1719465493469,107.1,150
1719465493771,106.65,25
1719465494957,106.3,25
1719465495119,106.4,50
1719465495564,106.15,25
1719465496098,106.0,25
1719465497313,106.45,25
1719465498347,107.15,50
1719465498347,107.15,50
1719465499694,106.15,25
1719465500117,106.3,175
1719465500683,106.3,50
1719465501699,106.55,25
1719465501699,106.55,25
1719465502553,107.1,75
1719465502953,106.5,25
1719465502953,106.5,25
1719465504756,106.1,25
1719465505078,106.2,50
1719465505389,105.9,25
1719465506159,105.55,25
1719465506966,106.3,275
1719465507494,106.55,25
1719465508440,106.35,50
1719465508786,106.1,25
1719465509709,105.85,125
1719465510170,106.15,25
1719465510495,106.0,25
1719465510585,105.95,25
1719465511722,107.0,500
1719465511722,107.0,500
1719465512752,107.2,25
1719465513475,107.2,25
1719465513475,107.2,25
1719465514227,107.0,25
1719465514944,107.6,25
1719465515947,107.1,25
1719465516745,107.3,125
1719465517318,108.0,500
1719465518449,107.45,50
1719465518449,107.45,50
1719465519734,106.4,25
1719465520175,107.0,225
1719465520775,107.15,25
1719465521647,107.0,25
1719465521647,107.0,25
1719465522673,106.95,50
1719465523525,107.45,25
1719465523813,107.15,25
1719465524812,107.15,25
1719465525181,107.0,25
1719465525220,106.9,550
1719465526313,106.55,25
1719465527966,105.5,50
1719465528475,106.0,25
1719465528875,106.05,100
1719465529902,105.8,25
1719465530177,105.5,150
1719465530714,105.5,25
1719465531511,106.7,50
1719465532907,106.65,25
1719465533366,106.8,25
1719465533366,106.8,25
1719465534578,107.15,50
1719465535070,107.65,25
1719465535977,107.9,75
1719465535977,107.9,75
1719465537010,107.5,50
1719465537010,107.5,50
1719465538486,107.55,25
1719465538486,107.55,25
1719465539490,108.2,175
1719465539967,108.25,50
1719465540464,108.25,275
1719465540541,108.5,50
1719465541617,108.3,100
1719465542931,108.55,50
1719465543343,107.65,50
1719465543730,107.3,25
1719465543944,107.5,100
1719465543944,107.5,100
1719465545762,106.7,25
1719465546772,106.0,25
1719465546772,106.0,25
1719465547873,106.8,50
1719465547873,106.8,50
1719465549005,106.85,25
1719465549608,106.9,25
1719465549608,106.9,25
1719465551007,106.35,275
1719465551767,106.85,125
1719465552000,106.6,25
1719465553009,107.15,25
1719465553565,107.05,25
1719465554403,106.85,25
1719465555188,106.55,25
1719465555792,106.55,25
1719465556737,106.8,50
