time,price,volume
1719461502629,354.45,50
1719461502629,354.45,50
1719461504913,354.8,25
1719461504913,354.8,25
1719461505761,355.0,100
1719461505761,355.0,100
1719461506758,353.7,25
1719461507223,354.0,125
1719461507950,355.0,25
1719461508373,355.0,125
1719461508751,355.05,200
1719461508751,355.05,200
1719461510690,354.25,25
1719461511129,355.35,25
1719461511207,355.2,25
1719461511207,355.2,25
1719461512732,354.0,50
1719461513386,354.6,25
1719461513386,354.6,25
1719461514593,355.6,175
1719461514593,355.6,175
1719461515483,355.0,75
1719461516325,358.9,25
1719461516852,360.0,125
1719461517705,357.75,150
1719461517705,357.75,150
1719461518897,354.0,25
1719461519082,354.4,50
1719461519868,356.1,25
1719461520360,355.15,75
1719461520360,355.15,75
1719461521224,355.25,50
1719461521733,355.1,25
1719461521733,355.1,25
1719461522659,353.7,25
1719461522659,353.7,25
1719461523924,352.8,25
1719461524243,350.25,50
1719461525022,352.3,25
1719461525611,352.85,75
1719461525611,352.85,75
1719461526869,349.15,50
1719461527322,349.0,25
1719461527839,348.9,25
1719461528099,348.4,25
1719461528958,349.65,50
1719461529390,349.6,25
1719461529390,349.6,25
1719461530779,349.15,50
1719461530779,349.15,50
1719461531626,348.9,25
1719461531626,348.9,25
1719461533914,350.0,25
1719461534854,349.85,25
1719461535035,349.85,25
1719461535503,349.95,100
1719461536013,349.3,25
1719461536013,349.3,25
1719461537033,350.2,25
1719461537619,349.15,25
1719461538565,349.65,25
1719461538565,349.65,25
1719461538565,349.65,25
1719461540592,347.0,25
1719461540592,347.0,25
1719461542743,347.95,25
1719461543124,346.5,25
1719461543938,345.7,25
1719461544763,345.3,75
1719461544763,345.3,75
1719461546182,343.0,25
1719461546372,342.6,75
1719461546760,343.5,25
1719461547892,345.35,25
1719461549163,347.0,50
1719461549967,346.35,50
1719461550375,346.4,25
1719461550830,346.35,100
1719461550830,346.35,100
1719461551742,345.75,25
1719461552340,347.25,25
1719461552722,346.0,25
1719461553891,346.55,25
1719461553891,346.55,25
1719461553891,346.55,25
1719461555627,347.2,25
1719461556377,347.75,25
1719461556943,346.5,25
1719461556943,346.5,25
1719461557613,347.0,25
1719461557613,347.0,25
1719461559790,347.0,25
1719461559945,346.7,25
1719461560917,348.2,25
1719461560917,348.2,25
1719461561851,347.75,75
1719461561851,347.75,75
1719461562855,347.0,25
1719461563289,344.1,25
1719461563289,344.1,25
1719461563289,344.1,25
1719461564630,344.0,25
1719461565124,342.95,25
1719461565124,342.95,25
1719461566919,343.55,25
1719461567176,343.1,75
1719461567965,343.25,25
1719461568302,343.3,50
1719461568302,343.3,50
1719461569480,343.4,75
1719461569751,343.7,25
1719461570807,343.65,25
1719461570807,343.65,25
1719461571968,345.95,25
1719461572306,346.35,25
1719461572765,345.2,25
1719461573487,344.9,50
1719461574180,344.7,75
1719461574449,345.45,25
1719461575179,345.05,50
1719461575179,345.05,50
1719461575179,345.05,50
1719461578233,347.2,75
1719461578233,347.2,75
1719461579402,348.5,25
1719461579402,348.5,25
1719461579786,347.6,25
1719461580772,347.3,50
1719461580772,347.3,50
1719461581285,346.65,25
1719461581285,346.65,25
1719461581285,346.65,25
1719461582323,347.6,125
1719461582323,347.6,125
1719461582323,347.6,125
1719461585640,345.5,50
1719461585640,345.5,50
1719461587340,345.45,25
1719461588070,345.0,25
1719461588070,345.0,25
1719461588446,345.3,25
1719461589574,345.7,50
1719461589574,345.7,50
1719461590586,344.0,25
1719461591087,343.55,50
1719461591087,343.55,50
1719461592560,342.9,25
1719461592560,342.9,25
1719461593259,343.2,25
1719461593259,343.2,25
1719461594959,345.4,25
1719461596012,346.95,25
1719461596012,346.95,25
1719461596012,346.95,25
1719461597108,346.65,25
1719461597966,347.4,75
1719461597966,347.4,75
1719461599709,348.0,25
1719461599709,348.0,25
1719461600966,347.15,200
1719461601385,348.2,50
1719461601989,347.9,50
1719461601989,347.9,50
1719461602931,347.0,25
1719461603307,346.75,25
1719461603307,346.75,25
1719461604593,345.75,25
1719461604593,345.75,25
1719461605678,347.45,75
1719461605989,348.0,25
1719461606469,348.45,25
1719461606469,348.45,25
1719461608028,345.2,25
1719461608964,345.95,25
1719461608964,345.95,25
1719461610391,345.45,400
1719461610391,345.45,400
1719461610391,345.45,400
1719461611981,347.1,25
1719461611981,347.1,25
1719461612329,347.3,25
1719461612329,347.3,25
1719461613900,346.6,25
1719461614285,346.55,75
1719461614285,346.55,75
1719461615073,345.6,25
1719461615073,345.6,25
1719461615073,345.6,25
1719461618216,344.0,100
1719461618216,344.0,100
1719461618216,344.0,100
1719461619982,345.8,75
1719461620271,346.15,25
1719461620833,347.0,100
1719461621560,348.6,25
1719461621560,348.6,25
1719461621560,348.6,25
1719461623442,348.5,25
1719461623639,348.95,50
1719461624500,351.55,50
1719461624680,350.9,25
1719461625839,352.5,50
1719461626538,350.65,50
1719461627218,351.35,25
1719461627909,353.1,25
1719461627909,353.1,25
1719461629001,353.1,225
1719461629001,353.1,225
1719461630047,352.45,25
1719461630047,352.45,25
1719461630047,352.45,25
1719461632434,352.1,50
1719461632781,351.95,25
1719461632781,351.95,25
1719461633480,352.45,150
1719461634188,352.05,25
1719461634576,353.05,25
1719461634576,353.05,25
1719461636031,352.8,25
1719461636502,352.85,150
1719461636502,352.85,150
1719461636502,352.85,150
1719461637858,351.65,25
1719461638948,350.9,25
1719461639764,350.9,50
1719461639764,350.9,50
1719461640681,351.7,50
1719461640681,351.7,50
1719461640681,351.7,50
1719461642156,351.0,125
1719461642156,351.0,125
1719461643711,351.7,50
1719461644659,351.85,25
1719461644659,351.85,25
1719461644659,351.85,25
1719461645693,350.0,300
1719461645928,350.5,25
1719461645928,350.5,25
1719461646493,349.75,50
1719461646493,349.75,50
1719461646493,349.75,50
1719461649598,350.4,25
1719461649598,350.4,25
1719461650121,350.1,150
1719461650121,350.1,150
1719461651588,350.95,25
1719461651588,350.95,25
1719461653139,352.85,25
1719461653500,353.6,50
1719461654248,354.85,200
1719461654684,353.55,100
1719461655206,355.0,125
1719461655206,355.0,125
1719461655206,355.0,125
1719461655206,355.0,125
1719461658466,352.0,50
1719461659048,350.95,250
1719461659048,350.95,250
1719461659611,351.4,75
1719461660309,351.7,25
1719461660309,351.7,25
1719461661238,349.5,75
1719461661238,349.5,75
1719461661238,349.5,75
1719461663771,347.3,25
1719461663872,349.4,75
1719461663872,349.4,75
1719461665025,347.65,100
1719461665025,347.65,100
1719461665025,347.65,100
1719461667743,350.05,25
1719461667743,350.05,25
1719461667743,350.05,25
1719461670614,350.65,50
1719461671084,350.6,75
1719461671084,350.6,75
1719461671084,350.6,75
1719461671084,350.6,75
1719461672410,349.85,50
1719461672410,349.85,50
1719461672410,349.85,50
1719461672410,349.85,50
1719461676409,351.15,350
1719461676409,351.15,350
1719461677960,351.05,25
1719461677960,351.05,25
1719461677960,351.05,25
1719461679531,349.3,50
1719461680394,348.95,75
1719461680394,348.95,75
1719461680394,348.95,75
1719461681826,349.95,75
1719461681826,349.95,75
1719461683013,350.85,25
1719461683568,352.0,75
1719461683568,352.0,75
1719461683568,352.0,75
1719461683568,352.0,75
1719461683568,352.0,75
1719461688138,351.05,75
1719461688138,351.05,75
1719461688967,349.8,125
1719461688967,349.8,125
1719461690003,352.35,25
1719461690003,352.35,25
1719461690633,352.0,75
1719461690633,352.0,75
1719461691672,353.5,25
1719461691672,353.5,25
1719461693254,351.2,25
1719461693254,351.2,25
1719461694057,351.75,50
1719461694057,351.75,50
1719461695237,352.75,25
1719461695237,352.75,25
1719461696088,352.0,50
1719461696088,352.0,50
1719461696088,352.0,50
1719461698697,350.05,50
1719461699131,348.8,75
1719461699131,348.8,75
1719461699691,348.9,50
1719461700222,351.6,225
1719461700382,350.7,75
1719461701249,352.1,25
1719461701249,352.1,25
1719461701784,353.8,75
1719461702416,355.85,200
1719461702974,353.3,125
1719461703394,352.55,50
1719461703866,353.35,100
1719461704524,354.1,25
1719461704990,351.8,75
1719461705605,351.0,100
1719461705605,351.0,100
1719461706814,351.0,25
1719461707062,349.75,75
1719461707852,347.2,75
1719461708226,349.4,25
1719461708767,350.15,50
1719461708767,350.15,50
1719461709756,350.4,450
1719461710129,350.95,50
1719461710129,350.95,50
1719461710129,350.95,50
1719461712357,351.7,50
1719461713377,351.0,25
1719461713377,351.0,25
1719461714350,349.55,75
1719461714350,349.55,75
1719461716038,350.25,25
1719461716334,349.25,50
1719461716334,349.25,50
1719461716334,349.25,50
1719461717832,349.6,25
1719461718500,350.0,25
1719461718500,350.0,25
1719461718500,350.0,25
1719461719958,353.0,325
1719461720440,353.0,925
1719461720724,352.85,100
1719461721989,352.3,75
1719461723047,352.1,75
1719461723047,352.1,75
1719461723603,351.6,100
1719461723603,351.6,100
1719461725068,353.7,125
1719461725406,352.95,25
1719461725964,353.25,300
1719461727077,352.55,75
1719461727779,352.7,75
1719461729040,352.3,50
1719461729224,352.0,75
1719461729836,353.65,100
1719461730374,354.0,125
1719461730966,353.0,75
1719461730966,353.0,75
1719461731746,355.0,25
1719461731746,355.0,25
1719461733091,358.6,50
1719461733091,358.6,50
1719461734100,361.0,25
1719461734506,362.95,25
1719461735152,363.1,25
1719461735920,365.0,25
1719461736570,364.9,50
1719461737043,365.05,50
1719461737508,363.85,25
1719461737508,363.85,25
1719461738962,361.0,25
1719461739866,360.55,25
1719461739908,360.55,25
1719461741096,359.65,25
1719461741096,359.65,25
1719461742149,359.75,25
1719461742509,357.4,175
1719461742824,359.55,25
1719461742824,359.55,25
1719461744241,359.45,25
1719461744525,359.7,25
1719461745022,359.75,25
1719461746120,360.5,25
1719461746120,360.5,25
1719461746916,359.8,50
1719461746916,359.8,50
1719461748443,361.95,100
1719461748631,362.2,25
1719461749036,362.8,100
1719461750062,362.7,325
1719461750062,362.7,325
1719461750980,362.65,100
1719461751663,363.85,25
1719461751955,364.45,50
1719461752713,363.9,25
1719461752713,363.9,25
1719461753885,364.25,25
1719461753885,364.25,25
1719461755069,364.45,25
1719461755508,364.8,50
1719461756032,363.55,50
1719461756577,364.3,25
1719461756577,364.3,25
1719461758046,363.35,25
1719461758046,363.35,25
1719461758688,363.0,100
1719461759514,363.35,100
1719461759514,363.35,100
1719461760662,363.2,75
1719461761198,363.95,50
1719461761198,363.95,50
1719461761198,363.95,50
1719461762357,363.8,25
1719461762357,363.8,25
1719461768083,363.15,125
1719461768231,363.65,25
1719461769038,364.45,25
1719461769038,364.45,25
1719461770210,363.65,50
1719461770210,363.65,50
1719461771079,363.85,50
1719461771496,364.05,25
1719461772244,360.6,75
1719461773004,362.9,100
1719461773850,361.75,100
1719461775284,361.3,50
1719461775768,361.2,200
1719461776004,362.05,200
1719461776004,362.05,200
1719461777530,361.55,25
1719461777813,361.15,50
1719461778329,361.95,25
1719461778329,361.95,25
1719461792936,367.5,200
1719461793755,366.95,25
1719461794134,367.0,25
1719461794134,367.0,25
1719461795312,367.2,25
1719461795506,368.05,25
1719461795506,368.05,25
1719461797134,367.3,25
1719461797344,367.35,50
1719461798139,368.25,900
1719461798836,369.8,25
1719461799109,369.45,75
1719461800064,368.3,25
1719461800064,368.3,25
1719461801052,367.3,25
1719461802018,367.1,25
1719461802555,369.1,25
1719461803089,368.65,25
1719461803801,369.45,25
1719461803801,369.45,25
1719461803801,369.45,25
1719461805096,368.3,25
1719461805936,368.0,25
1719461806533,367.3,75
1719461806759,369.0,25
1719461807408,368.8,25
1719461807999,367.9,125
1719461808753,368.3,125
1719461808901,367.0,50
1719461808901,367.0,50
1719461810223,366.9,300
1719461810873,369.0,25
1719461810873,369.0,25
1719461812030,367.8,25
1719461812335,368.1,25
1719461817772,365.0,25
1719461817772,365.0,25
1719461817772,365.0,25
1719461860174,361.0,25
1719461862022,363.1,50
1719461862022,363.1,50
1719461862270,362.05,25
1719461862270,362.05,25
1719461863609,361.8,25
1719461863609,361.8,25
1719461864762,362.05,25
1719461864762,362.05,25
1719461873188,359.9,50
1719461873272,360.95,25
1719461873927,359.75,50
1719461874306,360.2,25
1719461875166,358.0,50
1719461875893,359.0,225
1719461875893,359.0,225
1719461877181,358.15,150
1719461877181,358.15,150
1719461877662,358.65,50
1719461878337,358.05,75
1719461878337,358.05,75
1719461879468,357.65,125
1719461879925,358.15,75
1719461880644,357.75,25
1719461881308,357.35,25
1719461881959,356.3,175
1719461881959,356.3,175
1719461883048,356.7,25
1719461883954,357.0,100
1719461883954,357.0,100
1719461884809,359.1,75
1719461886222,358.35,100
1719461886419,358.55,50
1719461886419,358.55,50
1719461886419,358.55,50
1719461886419,358.55,50
1719461889284,358.95,250
1719461889789,358.75,25
1719461889789,358.75,25
1719461891076,358.45,25
1719461891076,358.45,25
1719461892200,357.05,25
1719461892200,357.05,25
1719461893129,356.4,175
1719461893129,356.4,175
1719461894198,356.1,50
1719461894843,357.0,200
1719461894843,357.0,200
1719461895889,356.0,200
1719461895889,356.0,200
1719461897049,356.55,25
1719461897704,356.9,25
1719461897704,356.9,25
1719461899275,356.4,25
1719461900038,357.8,25
1719461900504,358.0,50
1719461900504,358.0,50
1719461902276,359.1,25
1719461902276,359.1,25
1719461903287,360.0,25
1719461903287,360.0,25
1719461903287,360.0,25
1719461905097,358.0,25
1719461905886,357.9,100
1719461905886,357.9,100
1719461906502,356.4,25
1719461906837,356.95,50
1719461906837,356.95,50
1719461908138,358.05,75
1719461908138,358.05,75
1719461909942,356.9,25
1719461909942,356.9,25
1719461910626,356.8,25
1719461910626,356.8,25
1719461911354,354.25,25
1719461911431,354.5,125
1719461911938,354.4,100
1719461912363,355.3,25
1719461912363,355.3,25
1719461913599,356.35,25
1719461913599,356.35,25
1719461914375,354.65,25
1719461916155,354.7,25
1719461917190,353.45,50
1719461917190,353.45,50
1719461917924,354.2,75
1719461918379,355.25,100
1719461918379,355.25,100
1719461919638,354.05,125
1719461919947,355.25,100
1719461920353,354.65,25
1719461921223,356.15,75
1719461921443,356.8,25
1719461921934,356.65,25
1719461922259,357.05,25
1719461922259,357.05,25
1719461923391,356.05,25
1719461923391,356.05,25
1719461923391,356.05,25
1719461925662,358.1,25
1719461925999,359.45,25
1719461925999,359.45,25
1719461927086,358.75,25
1719461927086,358.75,25
1719461928351,358.85,25
1719461928351,358.85,25
1719461929740,357.15,25
1719461929740,357.15,25
1719461930912,358.75,25
1719461930912,358.75,25
1719461930912,358.75,25
1719461930912,358.75,25
1719461935202,357.65,25
1719461935202,357.65,25
1719461935202,357.65,25
1719461937377,356.05,50
1719461937815,357.25,50
1719461937815,357.25,50
1719461939477,358.55,75
1719461939737,358.35,75
1719461939737,358.35,75
1719461941185,359.65,25
1719461941185,359.65,25
1719461941185,359.65,25
1719461942511,358.5,25
1719461942676,358.0,25
1719461942676,358.0,25
1719461943742,359.45,25
1719461943742,359.45,25
1719461945318,358.4,50
1719461946224,360.0,75
1719461946387,359.35,25
1719461946387,359.35,25
1719461946387,359.35,25
1719461948085,360.75,100
1719461948769,360.9,25
1719461948769,360.9,25
1719461948769,360.9,25
1719461950372,361.5,100
1719461950372,361.5,100
1719461951470,360.95,25
1719461951666,361.8,25
1719461951666,361.8,25
1719461953541,362.0,25
1719461954003,362.55,50
1719461954003,362.55,50
1719461955127,361.15,25
1719461955516,361.7,25
1719461955516,361.7,25
1719461955516,361.7,25
1719461957905,363.0,75
1719461958118,363.0,50
1719461959058,364.9,50
1719461960237,366.5,25
1719461960237,366.5,25
1719461960928,367.3,75
1719461961926,369.65,25
1719461963009,370.55,100
1719461963009,370.55,100
1719461964431,369.3,25
1719461964431,369.3,25
1719461965668,369.55,25
1719461966262,368.8,25
1719461966763,367.95,25
1719461966763,367.95,25
1719461967672,368.9,50
1719461968179,367.45,50
1719461968708,368.1,25
1719461968708,368.1,25
1719461970174,369.35,25
1719461970174,369.35,25
1719461971158,369.25,175
1719461971158,369.25,175
1719461971966,370.6,125
1719461972055,369.6,75
1719461972958,369.8,25
1719461972958,369.8,25
1719461974236,368.7,25
1719461975086,368.7,25
1719461976059,368.6,25
1719461976059,368.6,25
1719461977436,368.0,25
1719461978048,368.3,175
1719461978416,368.1,300
1719461979171,366.4,25
1719461979171,366.4,25
1719461980106,367.95,25
1719461980732,367.5,175
1719461980732,367.5,175
1719461982007,366.95,50
1719461982007,366.95,50
1719461983080,369.6,50
1719461984302,371.15,25
1719461984873,372.0,125
1719461985578,370.3,200
1719461985702,370.65,175
1719461986698,371.45,50
1719461987145,371.7,50
1719461988099,371.55,350
1719461989162,370.1,25
1719461990139,371.35,25
1719461990139,371.35,25
1719461991242,370.35,25
1719461991242,370.35,25
1719461992250,371.25,250
1719461993049,370.3,175
1719461993211,369.6,25
1719461993649,370.0,25
1719461993649,370.0,25
1719461995024,372.0,25
1719461995857,372.0,500
1719461997025,369.7,50
1719461997643,369.7,125
1719461997643,369.7,125
1719461998701,369.15,175
1719461998701,369.15,175
1719461999797,370.15,25
1719461999797,370.15,25
1719462001005,369.1,25
1719462001293,369.7,25
1719462001907,371.3,25
1719462003025,371.9,125
1719462003748,371.0,50
1719462004232,371.0,225
1719462004794,371.0,25
1719462006209,371.2,25
1719462007087,375.0,25
1719462007087,375.0,25
1719462008215,375.0,25
1719462008647,373.4,150
1719462009013,374.75,25
1719462010137,374.2,25
1719462011167,372.6,25
1719462011167,372.6,25
1719462012445,372.35,25
1719462012637,372.7,25
1719462013385,372.7,175
1719462013677,373.2,25
1719462014745,372.6,450
1719462015251,371.65,50
1719462015832,372.3,25
1719462015832,372.3,25
1719462017054,372.2,50
1719462017405,372.2,25
1719462017860,374.0,25
1719462018690,373.1,75
1719462018690,373.1,75
1719462019638,373.7,150
1719462019638,373.7,150
1719462021199,372.7,75
1719462021896,372.05,75
1719462022240,370.65,50
1719462023507,370.0,75
1719462024088,370.95,50
1719462024623,369.0,25
1719462024623,369.0,25
1719462025816,369.85,25
1719462026286,368.9,25
1719462027084,368.6,150
1719462027084,368.6,150
1719462028123,368.75,25
1719462028123,368.75,25
1719462029233,370.0,100
1719462030183,369.6,200
1719462030183,369.6,200
1719462030183,369.6,200
1719462031752,370.2,75
1719462031752,370.2,75
1719462032125,370.7,25
1719462032938,369.85,25
1719462033197,370.5,25
1719462033197,370.5,25
1719462034934,370.3,50
1719462035294,370.0,50
1719462035294,370.0,50
1719462035294,370.0,50
1719462037675,369.7,25
1719462037675,369.7,25
1719462039310,369.7,50
1719462039310,369.7,50
1719462039310,369.7,50
1719462040758,370.1,25
1719462041175,369.5,25
1719462041175,369.5,25
1719462042210,367.5,75
1719462042210,367.5,75
1719462043978,368.0,150
1719462043978,368.0,150
1719462045071,368.15,100
1719462045071,368.15,100
1719462046535,368.7,25
1719462046926,368.5,25
1719462046926,368.5,25
1719462048117,368.6,75
1719462048117,368.6,75
1719462049076,369.1,25
1719462049327,369.7,25
1719462050222,370.95,500
1719462050222,370.95,500
1719462050784,371.6,75
1719462050784,371.6,75
1719462052261,372.1,100
1719462052903,371.8,25
1719462054687,371.95,50
1719462054687,371.95,50
1719462055505,372.3,50
1719462055505,372.3,50
1719462056477,370.3,25
1719462056789,370.8,50
1719462057504,370.2,50
1719462059355,368.2,25
1719462059355,368.2,25
1719462060244,368.9,25
1719462060844,369.9,25
1719462060844,369.9,25
1719462061525,370.25,125
1719462062201,371.9,50
1719462062201,371.9,50
1719462063168,371.35,25
1719462064214,369.55,25
1719462064214,369.55,25
1719462065475,368.85,25
1719462065572,368.0,25
1719462065572,368.0,25
1719462066880,367.8,25
1719462066880,367.8,25
1719462067964,368.65,100
1719462068999,369.0,75
1719462068999,369.0,75
1719462070486,369.1,25
1719462070783,369.15,25
1719462070783,369.15,25
1719462070783,369.15,25
1719462072426,369.45,25
1719462072426,369.45,25
1719462073419,368.0,25
1719462074573,369.0,25
1719462075003,369.5,25
1719462076114,369.1,25
1719462076114,369.1,25
1719462076852,369.0,25
1719462076852,369.0,25
1719462076852,369.0,25
1719462078772,369.0,50
1719462078772,369.0,50
1719462080368,369.0,50
1719462080648,368.5,50
1719462080648,368.5,50
1719462082310,368.0,25
1719462082804,366.0,25
1719462082804,366.0,25
1719462083555,367.3,25
1719462084725,365.15,50
1719462085095,365.15,50
1719462085568,366.0,25
1719462085568,366.0,25
1719462085568,366.0,25
1719462087911,366.35,50
1719462088192,366.3,25
1719462088192,366.3,25
1719462089415,366.15,25
1719462089686,366.45,75
1719462089686,366.45,75
1719462091056,367.2,25
1719462091056,367.2,25
1719462091612,365.6,50
1719462091939,366.3,25
1719462091939,366.3,25
1719462093578,365.0,100
1719462093578,365.0,100
1719462094895,363.35,25
1719462095122,364.75,25
1719462095404,364.45,25
1719462096107,366.15,25
1719462096107,366.15,25
1719462097985,365.25,25
1719462098324,364.1,50
1719462098324,364.1,50
1719462099340,365.6,150
1719462100413,366.7,25
1719462100413,366.7,25
1719462100413,366.7,25
1719462102211,365.15,25
1719462102762,365.9,25
1719462102762,365.9,25
1719462104295,365.1,75
1719462105175,366.3,225
1719462105175,366.3,225
1719462105175,366.3,225
1719462107007,365.0,750
1719462107499,365.6,50
1719462107499,365.6,50
1719462107499,365.6,50
1719462109689,367.65,75
1719462110644,368.1,25
1719462110644,368.1,25
1719462111511,367.75,25
1719462111511,367.75,25
1719462113180,370.0,75
1719462113180,370.0,75
1719462114522,367.2,25
1719462114593,367.0,200
1719462114593,367.0,200
1719462114593,367.0,200
1719462116565,368.05,25
1719462116565,368.05,25
1719462117973,367.2,50
1719462117973,367.2,50
1719462118993,366.05,150
1719462119330,365.0,25
1719462120023,365.95,25
1719462120023,365.95,25
1719462121113,366.05,100
1719462121494,365.4,175
1719462122027,364.15,25
1719462122447,363.0,25
1719462123228,364.2,75
1719462123228,364.2,75
1719462124342,364.0,25
1719462124974,363.7,75
1719462124974,363.7,75
1719462127106,363.4,25
1719462127106,363.4,25
1719462128330,363.0,125
1719462129064,362.9,50
1719462129064,362.9,50
1719462129064,362.9,50
1719462130338,363.0,50
1719462131150,362.9,100
1719462131353,363.2,50
1719462131353,363.2,50
1719462131353,363.2,50
1719462133382,361.75,25
1719462133382,361.75,25
1719462134792,364.05,25
1719462135445,363.8,25
1719462136109,364.7,125
1719462136109,364.7,125
1719462136758,365.1,25
1719462136758,365.1,25
1719462138559,363.0,50
1719462138559,363.0,50
1719462139268,362.25,25
1719462140014,362.0,25
1719462140129,360.9,50
1719462140451,360.9,100
1719462142121,362.05,25
1719462142121,362.05,25
1719462143168,360.5,25
1719462144669,361.6,50
1719462144669,361.6,50
1719462145117,360.8,25
1719462145117,360.8,25
1719462146859,362.6,100
1719462146859,362.6,100
1719462147534,363.05,25
1719462147534,363.05,25
1719462148341,364.1,25
1719462148341,364.1,25
1719462150485,363.4,75
1719462150485,363.4,75
1719462150485,363.4,75
1719462150485,363.4,75
1719462150485,363.4,75
1719462150485,363.4,75
1719462155116,363.65,25
1719462155116,363.65,25
1719462156972,363.6,25
1719462156972,363.6,25
1719462157871,363.8,175
1719462158248,362.65,50
1719462158248,362.65,50
1719462159116,362.65,25
1719462159116,362.65,25
1719462159116,362.65,25
1719462161111,361.6,25
1719462161111,361.6,25
1719462161111,361.6,25
1719462163191,360.9,25
1719462163998,360.5,25
1719462165520,361.0,25
1719462165520,361.0,25
1719462165773,360.15,25
1719462165773,360.15,25
1719462167131,361.2,50
1719462167131,361.2,50
1719462168068,361.45,125
1719462169220,360.0,50
1719462169682,357.7,75
1719462169682,357.7,75
1719462171483,358.55,75
1719462172081,359.2,50
1719462172354,360.0,100
1719462172663,360.9,75
1719462173363,361.0,25
1719462173383,361.2,25
1719462174536,362.35,50
1719462174536,362.35,50
1719462175465,364.4,75
1719462175626,363.35,25
1719462175626,363.35,25
1719462176620,362.3,150
1719462176620,362.3,150
1719462176620,362.3,150
1719462178841,357.45,25
1719462178841,357.45,25
1719462179775,359.55,25
1719462179775,359.55,25
1719462180571,359.6,25
1719462180571,359.6,25
1719462182149,358.8,125
1719462182149,358.8,125
1719462183034,359.05,50
1719462183658,359.35,25
1719462184216,359.35,25
1719462184216,359.35,25
1719462185416,358.95,25
1719462185416,358.95,25
1719462187170,357.6,175
1719462187170,357.6,175
1719462187838,358.0,50
1719462188468,357.25,50
1719462188468,357.25,50
1719462190108,357.4,25
1719462190823,357.9,50
1719462191092,358.25,50
1719462192186,359.55,25
1719462192186,359.55,25
1719462192186,359.55,25
1719462193841,358.3,25
1719462194239,359.15,100
1719462194239,359.15,100
1719462194912,358.9,25
1719462195501,358.5,25
1719462196367,359.35,50
1719462196781,358.9,25
1719462197215,357.8,75
1719462197215,357.8,75
1719462198337,358.05,50
1719462198575,358.6,25
1719462199298,358.25,25
1719462199298,358.25,25
1719462199298,358.25,25
1719462201482,358.9,25
1719462201780,359.2,25
1719462203199,362.0,25
1719462204141,362.9,25
1719462204141,362.9,25
1719462205258,363.4,75
1719462205258,363.4,75
1719462206337,363.9,25
1719462206577,363.05,25
1719462206577,363.05,25
1719462207807,362.2,25
1719462207807,362.2,25
1719462208405,362.6,125
1719462208405,362.6,125
1719462208405,362.6,125
1719462208405,362.6,125
1719462208405,362.6,125
1719462211711,360.65,75
1719462212278,359.2,25
1719462212278,359.2,25
1719462213355,361.4,25
1719462213355,361.4,25
1719462215005,360.65,25
1719462215005,360.65,25
1719462215676,360.45,25
1719462216121,359.75,25
1719462216121,359.75,25
1719462216121,359.75,25
1719462217357,361.05,25
1719462217357,361.05,25
1719462217357,361.05,25
1719462217357,361.05,25
1719462221230,360.45,25
1719462221230,360.45,25
1719462222008,360.25,25
1719462222008,360.25,25
1719462223710,360.15,25
1719462223710,360.15,25
1719462223710,360.15,25
1719462225734,360.65,25
1719462225734,360.65,25
1719462227201,361.05,25
1719462227201,361.05,25
1719462227201,361.05,25
1719462227201,361.05,25
1719462227201,361.05,25
1719462231106,358.4,125
1719462231106,358.4,125
1719462231106,358.4,125
1719462232521,358.4,25
1719462233101,359.05,100
1719462233549,359.75,50
1719462233549,359.75,50
1719462233549,359.75,50
1719462235254,359.35,25
1719462235254,359.35,25
1719462236446,359.55,75
1719462236806,359.45,25
1719462237303,359.45,50
1719462238081,358.0,25
1719462238371,358.5,100
1719462238371,358.5,100
1719462238371,358.5,100
1719462240770,360.3,25
1719462241524,361.05,25
1719462241524,361.05,25
1719462242279,360.7,25
1719462242461,360.3,100
1719462243049,361.95,25
1719462243049,361.95,25
1719462243049,361.95,25
1719462244394,362.0,125
1719462244394,362.0,125
1719462245540,362.0,25
1719462246246,362.8,50
1719462246611,363.0,50
1719462246611,363.0,50
1719462248423,363.7,200
1719462248423,363.7,200
1719462249615,362.55,150
1719462250145,363.0,100
1719462250145,363.0,100
1719462251389,363.1,75
1719462251389,363.1,75
1719462252878,361.65,250
1719462254082,362.15,25
1719462254082,362.15,25
1719462254786,362.7,150
1719462254928,362.85,100
1719462254928,362.85,100
1719462254928,362.85,100
1719462254928,362.85,100
1719462254928,362.85,100
1719462254928,362.85,100
1719462260161,362.25,25
1719462260161,362.25,25
1719462260161,362.25,25
1719462262187,362.8,25
1719462263324,363.0,75
1719462263978,363.35,75
1719462263978,363.35,75
1719462264945,363.4,75
1719462264945,363.4,75
1719462265737,362.65,50
1719462265737,362.65,50
1719462267377,364.0,25
1719462267377,364.0,25
1719462267377,364.0,25
1719462267377,364.0,25
1719462267377,364.0,25
1719462267377,364.0,25
1719462272481,363.8,25
1719462272977,364.2,25
1719462272977,364.2,25
1719462274067,364.45,25
1719462274067,364.45,25
1719462275694,364.55,250
1719462275694,364.55,250
1719462275694,364.55,250
1719462277364,365.0,50
1719462277500,366.3,25
1719462277500,366.3,25
1719462279460,367.0,300
1719462279460,367.0,300
1719462280247,367.0,75
1719462280247,367.0,75
1719462281437,368.75,100
1719462282394,367.65,25
1719462282647,367.55,25
1719462282647,367.55,25
1719462282647,367.55,25
1719462285930,367.2,50
1719462285930,367.2,50
1719462287225,366.0,250
1719462288006,365.95,50
1719462288006,365.95,50
1719462288456,366.35,50
1719462288881,365.85,50
1719462290139,367.6,25
1719462290139,367.6,25
1719462291465,369.15,50
1719462292530,370.4,50
1719462293264,368.7,50
1719462293870,368.05,25
1719462294421,367.4,50
1719462295218,366.6,50
1719462295218,366.6,50
1719462296168,368.05,50
1719462296622,367.7,75
1719462297363,367.85,100
1719462297363,367.85,100
1719462298596,368.65,50
1719462328481,373.9,50
1719462328481,373.9,50
1719462331104,373.45,50
1719462331104,373.45,50
1719462332588,373.0,100
1719462333276,373.2,175
1719462333276,373.2,175
1719462333996,372.7,25
1719462334486,372.35,25
1719462335094,373.2,50
1719462336055,372.6,50
1719462336482,373.7,100
1719462336482,373.7,100
1719462338009,372.0,50
1719462338316,371.1,100
1719462338316,371.1,100
1719462339459,372.0,50
1719462339979,373.45,200
1719462339979,373.45,200
1719462341008,373.2,25
1719462341023,372.05,25
1719462341023,372.05,25
1719462348371,371.45,250
1719462348371,371.45,250
1719462350339,371.65,75
1719462351286,371.55,25
1719462351286,371.55,25
1719462351968,372.7,75
1719462353528,371.25,50
1719462353528,371.25,50
1719462354072,370.3,25
1719462354072,370.3,25
1719462355430,372.25,250
1719462355831,372.25,25
1719462356268,371.7,25
1719462356268,371.7,25
1719462357462,371.05,100
1719462358012,371.3,25
1719462358297,371.45,25
1719462358297,371.45,25
1719462359641,371.95,25
1719462360383,371.3,25
1719462361448,370.4,450
1719462361448,370.4,450
1719462362615,370.2,25
1719462362615,370.2,25
1719462362615,370.2,25
1719462364235,370.6,25
1719462364235,370.6,25
1719462366240,369.5,50
1719462366240,369.5,50
1719462366500,369.2,50
1719462367177,368.0,25
1719462367177,368.0,25
1719462367177,368.0,25
1719462370516,370.2,50
1719462371560,370.2,50
1719462372360,370.6,75
1719462372761,371.5,50
1719462373052,370.55,25
1719462405672,381.05,25
1719462405732,380.2,25
1719462405732,380.2,25
1719462407350,383.25,250
1719462408428,387.05,25
1719462408428,387.05,25
1719462409713,386.2,150
1719462410128,385.45,175
1719462410522,385.9,25
1719462411441,387.15,50
1719462411891,387.0,100
1719462412662,387.35,100
1719462413302,386.95,25
1719462413302,386.95,25
1719462414675,388.2,25
1719462414815,389.7,25
1719462415412,391.15,75
1719462415979,390.6,25
1719462416475,391.65,25
1719462417729,394.25,25
1719462417729,394.25,25
1719462418504,393.2,175
1719462419497,394.05,25
1719462419635,395.15,25
1719462420688,397.1,25
1719462421204,398.35,50
1719462421432,398.75,200
1719462422726,403.1,25
1719462422871,403.6,25
1719462423345,403.35,50
1719462424746,399.85,50
1719462425385,398.65,50
1719462425624,401.1,50
1719462426326,398.95,25
1719462427556,398.5,100
1719462427626,397.35,100
1719462428504,396.0,100
1719462428599,397.15,25
1719462429431,398.1,25
1719462429751,398.65,75
1719462430633,397.25,25
1719462431369,398.55,25
1719462431369,398.55,25
1719462432422,399.2,100
1719462432422,399.2,100
1719462432988,397.95,25
1719462433934,396.85,50
1719462434610,400.0,100
1719462434610,400.0,100
1719462435447,400.4,25
1719462436070,399.9,675
1719462436499,399.25,25
1719462436499,399.25,25
1719462437644,401.35,50
1719462438205,401.35,25
1719462439241,401.3,75
1719462439710,400.4,1000
1719462440258,399.0,275
1719462441231,398.55,25
1719462442728,399.7,25
1719462442728,399.7,25
1719462442935,400.15,75
1719462443997,400.5,50
1719462444508,401.35,25
1719462445540,403.9,75
1719462445917,402.6,25
1719462446751,402.8,25
1719462446751,402.8,25
1719462448019,402.1,75
1719462448019,402.1,75
1719462449584,401.2,25
1719462449584,401.2,25
1719462450188,399.85,50
1719462450780,400.0,100
1719462451457,399.95,25
1719462451706,399.0,25
1719462452731,398.0,500
1719462452844,397.95,25
1719462452844,397.95,25
1719462453774,399.9,100
1719462453774,399.9,100
1719462456520,401.2,125
1719462456520,401.2,125
1719462457719,401.3,25
1719462457719,401.3,25
1719462458306,399.65,25
1719462458954,399.9,25
1719462459377,400.5,100
1719462459377,400.5,100
1719462460278,400.4,25
1719462460969,400.15,25
1719462461264,400.9,25
1719462462268,403.0,500
1719462462668,402.05,25
1719462463007,403.9,25
1719462463856,405.0,25
1719462464406,405.2,50
1719462465289,403.2,25
1719462465674,404.75,25
1719462466049,406.3,125
1719462467093,409.6,25
1719462467265,408.1,75
1719462468780,409.8,50
1719462469532,410.15,25
1719462470076,412.45,25
1719462470250,410.95,50
1719462471819,413.55,50
1719462472387,414.7,25
1719462472955,414.6,25
1719462473447,414.5,75
1719462474617,414.4,50
1719462474880,413.55,25
1719462475176,412.75,100
1719462476551,415.5,25
1719462476551,415.5,25
1719462477469,416.25,100
1719462478173,416.35,75
1719462478510,415.05,250
1719462479442,415.5,50
1719462479442,415.5,50
1719462480551,417.55,50
1719462481296,419.1,25
1719462481296,419.1,25
1719462481737,420.05,25
1719462482336,421.0,50
1719462483157,423.5,25
1719462483553,423.6,25
1719462486304,422.25,25
1719462486304,422.25,25
1719462487528,420.0,200
1719462488473,419.5,25
1719462488985,418.6,75
1719462489605,421.15,25
1719462489605,421.15,25
1719462490173,419.4,50
1719462491455,420.95,100
1719462491455,420.95,100
1719462492489,420.6,25
1719462492590,420.55,25
1719462493409,419.1,25
1719462494162,420.45,75
1719462494494,420.75,25
1719462494971,419.75,25
1719462495702,419.15,25
1719462496672,418.35,50
1719462497395,419.55,125
1719462497395,419.55,125
1719462498555,418.9,100
1719462498699,417.15,50
1719462499735,415.75,125
1719462500003,415.0,25
1719462500500,416.2,25
1719462501176,417.7,100
1719462501854,417.6,25
1719462502285,418.15,25
1719462503415,417.3,75
1719462503762,418.9,25
1719462504542,419.25,25
1719462504699,420.0,25
1719462505572,420.0,25
1719462505908,420.7,25
1719462506266,420.6,50
1719462509122,421.2,75
1719462509925,421.0,125
1719462510364,420.8,25
1719462511438,420.75,25
1719462511604,421.0,25
1719462512402,421.25,25
1719462513032,422.0,25
1719462513363,423.3,50
1719462513363,423.3,50
1719462514550,423.65,25
1719462515539,422.4,25
1719462515771,423.2,50
1719462516760,422.2,25
1719462517553,421.9,50
1719462518410,421.4,75
1719462518860,420.0,50
1719462519470,421.35,25
1719462520225,422.25,25
1719462520800,421.6,25
1719462521391,420.3,75
1719462522094,420.4,50
1719462522619,420.45,50
1719462523440,419.0,25
1719462523440,419.0,25
1719462524437,419.75,75
1719462525028,419.25,25
1719462525422,418.5,75
1719462526102,418.1,25
1719462526102,418.1,25
1719462527548,419.55,25
1719462528259,418.05,175
1719462528732,416.6,25
1719462534627,420.0,150
1719462535598,419.1,100
1719462535598,419.1,100
1719462545605,421.0,25
1719462545605,421.0,25
1719462546678,418.6,25
1719462547799,419.8,25
1719462548601,420.2,50
1719462548601,420.2,50
1719462549268,420.75,75
1719462550256,420.0,75
1719462550256,420.0,75
1719462551344,421.8,25
1719462551344,421.8,25
1719462560105,424.85,50
1719462560558,424.35,125
1719462561572,424.45,25
1719462561654,424.55,25
1719462562699,425.45,25
1719462563140,423.5,150
1719462563422,422.3,25
1719462564178,424.8,100
1719462564178,424.8,100
1719462565439,423.95,25
1719462565439,423.95,25
1719462566348,424.3,75
1719462566348,424.3,75
1719462567583,424.8,25
1719462567953,425.0,25
1719462569403,424.65,25
1719462575133,425.05,75
1719462575470,424.6,25
1719462576344,424.35,25
1719462576539,424.2,50
1719462576707,423.0,25
1719462601594,429.8,50
1719462603396,428.8,25
1719462603396,428.8,25
1719462604047,425.9,75
1719462605263,425.75,25
1719462605514,425.65,25
1719462606603,425.25,50
1719462607445,425.9,25
1719462607968,425.6,25
1719462608646,425.7,25
1719462609176,426.05,50
1719462609457,425.7,50
1719462609697,424.0,50
1719462610485,424.9,50
1719462611610,425.25,100
1719462611610,425.25,100
1719462612318,424.4,25
1719462612318,424.4,25
1719462613445,426.75,25
1719462614060,424.9,75
1719462615232,427.15,100
1719462615232,427.15,100
1719462616027,425.7,75
1719462616027,425.7,75
1719462617780,425.0,150
1719462618160,425.0,300
1719462618160,425.0,300
1719462619400,423.5,50
1719462620377,422.55,25
1719462620952,423.0,25
1719462621622,422.2,225
1719462622337,421.6,25
1719462623376,421.4,25
1719462623376,421.4,25
1719462624491,421.2,25
1719462624750,422.6,25
1719462625450,420.7,25
1719462626563,422.05,25
1719462626563,422.05,25
1719462627527,423.35,200
1719462627527,423.35,200
1719462628540,424.45,25
1719462628540,424.45,25
1719462629353,425.0,25
1719462629353,425.0,25
1719462630698,425.0,25
1719462631191,426.0,25
1719462631730,426.25,125
1719462632561,426.65,25
1719462633249,427.65,25
1719462633502,428.6,25
1719462633959,428.8,50
1719462633959,428.8,50
1719462633959,428.8,50
1719462636790,428.6,50
1719462636981,428.15,25
1719462637409,427.8,25
1719462637830,428.15,125
1719462638430,429.55,25
1719462638912,428.85,25
1719462639589,427.6,25
1719462639589,427.6,25
1719462639589,427.6,25
1719462642044,427.55,25
1719462642417,426.75,25
1719462642417,426.75,25
1719462643800,425.55,25
1719462644068,425.1,25
1719462644068,425.1,25
1719462644068,425.1,25
1719462645929,428.0,25
1719462646229,427.3,175
1719462646229,427.3,175
1719462647521,428.0,75
1719462648548,427.8,50
1719462648827,428.6,25
1719462649389,429.15,50
1719462650012,427.45,100
1719462650637,427.5,75
1719462650749,426.6,50
1719462651772,428.65,25
1719462652238,428.2,25
1719462652552,428.15,25
1719462653487,428.45,200
1719462653640,428.7,75
1719462657442,429.0,25
1719462657994,431.5,250
1719462658571,430.2,50
1719462659052,431.2,50
1719462659860,433.05,100
1719462660619,434.7,25
1719462661078,435.2,50
1719462661474,436.75,25
1719462661474,436.75,25
1719462662303,436.55,50
1719462662303,436.55,50
1719462663601,434.9,25
1719462663904,438.0,25
1719462664454,437.15,75
1719462665562,437.05,125
1719462665797,436.8,25
1719462666434,437.4,25
1719462666670,436.8,25
1719462667410,437.65,100
1719462668073,435.75,200
1719462668747,437.1,25
1719462668747,437.1,25
1719462669921,435.7,25
1719462670445,436.3,50
1719462670997,436.0,50
1719462671732,437.1,25
1719462672344,437.1,25
1719462672688,437.5,25
1719462672911,438.9,275
1719462673956,437.2,25
1719462674668,437.85,50
1719462674668,437.85,50
1719462675767,435.45,25
1719462676069,436.6,25
1719462676350,436.7,100
1719462677069,435.8,25
1719462677604,435.7,1000
1719462678036,435.7,25
1719462678666,435.0,250
1719462679269,435.3,25
1719462679547,436.85,50
1719462680557,438.0,100
1719462681475,440.0,175
1719462682202,444.95,75
1719462682785,442.9,25
1719462683538,444.45,25
1719462683842,439.85,150
1719462684811,438.3,25
1719462685139,437.4,25
1719462685605,440.3,25
1719462686721,440.35,25
1719462687377,439.3,25
1719462687377,439.3,25
1719462688276,441.05,50
1719462689195,438.15,50
1719462689195,438.15,50
1719462690377,439.4,25
1719462690377,439.4,25
1719462691117,439.2,25
1719462691117,439.2,25
1719462691901,439.25,25
1719462692338,439.3,25
1719462693278,437.65,25
1719462693524,437.6,25
1719462694770,437.8,25
1719462695106,437.7,25
1719462696106,438.0,25
1719462696106,438.0,25
1719462696106,438.0,25
1719462697470,438.9,25
1719462702767,440.75,25
1719462702767,440.75,25
1719462703896,441.65,75
1719462704656,442.3,50
1719462704938,442.95,25
1719462705635,442.8,25
1719462735355,451.0,50
1719462736024,452.1,25
1719462737825,451.0,75
1719462738420,449.75,25
1719462738510,451.6,125
1719462739651,450.0,25
1719462739767,448.65,75
1719462740862,451.0,75
1719462740992,449.65,75
1719462741338,450.1,200
1719462741338,450.1,200
1719462742436,449.55,50
1719462745803,451.4,50
1719462746098,451.95,125
1719462746098,451.95,125
1719462747071,451.1,100
1719462747673,450.1,25
1719462748704,450.65,25
1719462748704,450.65,25
1719462749626,451.35,25
1719462749902,451.15,50
1719462750883,450.85,100
1719462750883,450.85,100
1719462751476,450.4,25
1719462751476,450.4,25
1719462752503,451.75,250
1719462752503,451.75,250
1719462753484,452.75,25
1719462753484,452.75,25
1719462755076,451.0,250
1719462755076,451.0,250
1719462756927,453.65,25
1719462757343,454.7,25
1719462757986,454.4,25
1719462758770,452.2,50
1719462759395,453.6,50
1719462760477,452.55,125
1719462760531,452.6,50
1719462767536,450.75,100
1719462767536,450.75,100
1719462768511,450.5,25
1719462769082,452.6,25
1719462769552,451.75,25
1719462770246,453.1,50
1719462770504,453.0,75
1719462771670,456.0,25
1719462771717,455.6,75
1719462772577,458.25,50
1719462773404,459.8,100
1719462773404,459.8,100
1719462774747,460.3,25
1719462775081,460.2,25
1719462775546,459.0,25
1719462776125,458.75,100
1719462776820,457.8,125
1719462777685,456.4,25
1719462778789,455.6,25
1719462778789,455.6,25
1719462779492,455.7,125
1719462779989,457.75,25
1719462780779,457.95,25
1719462780779,457.95,25
1719462781452,460.0,300
1719462781452,460.0,300
1719462782291,460.8,25
1719462782832,461.15,25
1719462783904,459.95,25
1719462784088,462.35,25
1719462784088,462.35,25
1719462785290,463.65,50
1719462785290,463.65,50
1719462786652,461.85,25
1719462787728,461.75,150
1719462788394,463.2,25
1719462788870,461.2,50
1719462789566,462.35,25
1719462790168,464.2,25
1719462790168,464.2,25
1719462791356,465.3,100
1719462792525,466.0,25
1719462792916,464.4,25
1719462793700,464.45,175
1719462794840,463.4,75
1719462795284,464.2,50
1719462795762,463.3,150
1719462796684,463.0,50
1719462797093,463.6,75
1719462797623,462.95,350
1719462798051,460.1,50
1719462798757,461.85,25
1719462799365,462.6,175
1719462799964,463.45,25
1719462800809,465.2,25
1719462801404,465.35,50
1719462802458,463.65,25
1719462803234,465.0,50
1719462803234,465.0,50
1719462804117,464.8,25
1719462805196,462.4,25
1719462805959,463.5,25
1719462806932,461.65,100
1719462807401,461.45,25
1719462807588,461.2,25
1719462808670,459.6,25
1719462808938,461.15,125
1719462809571,458.1,125
1719462810160,458.0,175
1719462810160,458.0,175
1719462811017,458.3,25
1719462811923,457.05,25
1719462811923,457.05,25
1719462812642,457.25,25
1719462813272,457.35,25
1719462813855,459.3,25
1719462814221,458.95,25
1719462815387,457.2,50
1719462815387,457.2,50
1719462816462,457.7,25
1719462816807,457.95,25
1719462817699,458.35,25
1719462818066,457.05,25
1719462818212,455.85,25
1719462819395,456.4,25
1719462819732,454.05,25
1719462820460,454.3,25
1719462820460,454.3,25
1719462821713,453.75,25
1719462821941,452.2,25
1719462822581,452.85,50
1719462823309,453.6,50
1719462823597,453.45,25
1719462824826,454.8,50
1719462825609,456.65,50
1719462826475,453.4,50
1719462826716,454.2,25
1719462827471,456.25,100
1719462827992,454.75,25
1719462827992,454.75,25
1719462829272,453.15,50
1719462829631,454.45,25
1719462830493,455.25,25
1719462830964,454.85,25
1719462830964,454.85,25
1719462832725,457.4,75
1719462833170,455.75,175
1719462833170,455.75,175
1719462834596,455.6,25
1719462834596,455.6,25
1719462836072,454.95,50
1719462836072,454.95,50
1719462836473,455.85,50
1719462836876,454.45,50
1719462836876,454.45,50
1719462838178,455.85,50
1719462838178,455.85,50
1719462839710,459.05,75
1719462839710,459.05,75
1719462841490,458.4,50
1719462842388,458.7,25
1719462842490,458.85,225
1719462843166,457.3,200
1719462843166,457.3,200
1719462843166,457.3,200
1719462845436,459.5,25
1719462845992,457.25,25
1719462845992,457.25,25
1719462845992,457.25,25
1719462847323,456.25,100
1719462847323,456.25,100
1719462848347,455.0,50
1719462848872,455.75,25
1719462848872,455.75,25
1719462850520,455.75,25
1719462850520,455.75,25
1719462851734,457.9,50
1719462851734,457.9,50
1719462851734,457.9,50
1719462853806,457.3,25
1719462854544,455.95,25
1719462854858,455.0,25
1719462854858,455.0,25
1719462856295,457.85,50
1719462856663,456.1,25
1719462856663,456.1,25
1719462857615,455.9,25
1719462857993,456.1,50
1719462857993,456.1,50
1719462859129,455.25,25
1719462859129,455.25,25
1719462860365,457.15,150
1719462861072,456.45,50
1719462861346,456.3,25
1719462862633,458.0,25
1719462862633,458.0,25
1719462863235,457.0,50
1719462863756,457.3,25
1719462864489,458.15,25
1719462864489,458.15,25
1719462865610,459.15,25
1719462866414,459.15,50
1719462866414,459.15,50
1719462867994,458.9,50
1719462867994,458.9,50
1719462868710,459.15,25
1719462869121,457.15,50
1719462869577,456.6,50
1719462870395,456.7,25
1719462870711,457.75,25
1719462870882,458.15,25
1719462870882,458.15,25
1719462872177,457.05,125
1719462872975,456.8,25
1719462872975,456.8,25
1719462874624,456.9,25
1719462874624,456.9,25
1719462875396,457.5,75
1719462875744,457.3,25
1719462875744,457.3,25
1719462877309,457.9,25
1719462877309,457.9,25
1719462877903,458.4,25
1719462878128,459.0,25
1719462878993,458.7,250
1719462879404,458.15,25
1719462880252,459.1,25
1719462880318,458.65,50
1719462881458,460.3,100
1719462881517,461.0,50
1719462882605,460.8,25
1719462882605,460.8,25
1719462882605,460.8,25
1719462884294,459.45,25
1719462884763,460.4,25
1719462884763,460.4,25
1719462885746,457.6,25
1719462885746,457.6,25
1719462886521,460.35,125
1719462887360,460.45,100
1719462887360,460.45,100
1719462887360,460.45,100
1719462890479,460.7,50
1719462890479,460.7,50
1719462890877,460.0,500
1719462890877,460.0,500
1719462892513,460.7,25
1719462892762,460.45,25
1719462893762,461.25,50
1719462893762,461.25,50
1719462895062,462.0,75
1719462895062,462.0,75
1719462895750,460.45,50
1719462896493,462.0,100
1719462896493,462.0,100
1719462897947,462.4,25
1719462898804,467.0,25
1719462899166,468.0,25
1719462899166,468.0,25
1719462900839,469.9,75
1719462901424,467.2,50
1719462901720,466.05,25
1719462902695,464.2,50
1719462902809,462.9,75
1719462903842,461.4,25
1719462904260,461.0,25
1719462904663,460.0,75
1719462905651,458.15,25
1719462905651,458.15,25
1719462906773,460.4,50
1719462906773,460.4,50
1719462908004,463.05,25
1719462908004,463.05,25
1719462909424,461.5,25
1719462910062,462.4,25
1719462910062,462.4,25
1719462910816,461.4,100
1719462911575,461.2,25
1719462912006,460.2,100
1719462912006,460.2,100
1719462913279,461.6,50
1719462913279,461.6,50
1719462913279,461.6,50
1719462915577,461.95,25
1719462916509,462.0,150
1719462917636,460.2,250
1719462917805,460.75,50
1719462918779,462.4,25
1719462918779,462.4,25
1719462919720,461.6,25
1719462919720,461.6,25
1719462920650,460.7,25
1719462920650,460.7,25
1719462921708,464.0,100
1719462922169,465.7,25
1719462922169,465.7,25
1719462923388,463.8,25
1719462923388,463.8,25
1719462924354,464.55,150
1719462925351,463.7,50
1719462925351,463.7,50
1719462926407,463.3,25
1719462926407,463.3,25
1719462927005,463.85,50
1719462927855,463.15,50
1719462928482,461.7,200
1719462929024,462.95,25
1719462929776,462.3,25
1719462929875,461.95,25
1719462929875,461.95,25
1719462929875,461.95,25
1719462931935,462.9,25
1719462932630,463.1,25
1719462932630,463.1,25
1719462933548,461.85,25
1719462934270,463.7,125
1719462934270,463.7,125
1719462934270,463.7,125
1719462936454,463.8,25
1719462936481,463.8,50
1719462937345,465.9,25
1719462938267,467.15,25
1719462938267,467.15,25
1719462939591,468.9,25
1719462940698,469.1,50
1719462940698,469.1,50
1719462941368,470.0,25
1719462942154,470.15,100
1719462942816,471.45,25
1719462943553,472.1,100
1719462943553,472.1,100
1719462944744,473.15,25
1719462945179,471.0,475
1719462945657,472.45,25
1719462946571,471.5,50
1719462946763,469.5,50
1719462946851,469.55,75
1719462947805,469.85,100
1719462948708,469.1,50
1719462949271,467.75,25
1719462949271,467.75,25
1719462950413,467.0,25
1719462950949,466.8,25
1719462951469,467.45,100
1719462952246,466.2,25
1719462953022,466.5,25
1719462953022,466.5,25
1719462954020,465.7,50
1719462954673,465.0,25
1719462954673,465.0,25
1719462955821,466.3,25
1719462955821,466.3,25
1719462956817,465.45,25
1719462957736,465.6,25
1719462957826,465.6,50
1719462958973,463.85,25
1719462959554,462.55,25
1719462959554,462.55,25
1719462960599,465.0,50
1719462961539,467.05,25
1719462961593,467.1,100
1719462961708,467.0,50
1719462962290,470.0,25
1719462962290,470.0,25
1719462963994,465.1,100
1719462964801,465.4,25
1719462964801,465.4,25
1719462966807,465.0,25
1719462967686,464.45,25
1719462967686,464.45,25
1719462969181,464.8,25
1719462969945,464.2,25
1719462969945,464.2,25
1719462969945,464.2,25
1719462971635,466.55,50
1719462972634,467.0,25
1719462972634,467.0,25
1719462972909,466.2,25
1719462973533,466.45,50
1719462973850,467.25,25
1719462974134,467.7,75
1719462974134,467.7,75
1719462974134,467.7,75
1719462976309,467.4,50
1719462976799,466.65,25
1719462976799,466.65,25
1719462977725,465.85,25
1719462977725,465.85,25
1719462979514,464.9,25
1719462979755,464.0,50
1719462980246,465.05,25
1719462980246,465.05,25
1719462981708,466.4,75
1719462982498,466.5,50
1719462982498,466.5,50
1719462983836,465.1,25
1719462983836,465.1,25
1719462985232,465.25,75
1719462985232,465.25,75
1719462986852,463.0,25
1719462987178,464.45,25
1719462987178,464.45,25
1719462988104,463.1,50
1719462988956,462.9,75
1719462988956,462.9,75
1719462989754,462.25,25
1719462989754,462.25,25
1719462991550,462.1,25
1719462991688,462.0,25
1719462991688,462.0,25
1719462992728,462.1,25
1719462992728,462.1,25
1719462993827,462.65,175
1719462993947,462.25,75
1719462993947,462.25,75
1719462993947,462.25,75
1719462996017,462.2,25
1719462996017,462.2,25
1719462996017,462.2,25
1719462996017,462.2,25
1719462999390,463.2,25
1719462999778,463.2,25
1719462999778,463.2,25
1719463000609,462.6,100
1719463001311,462.9,50
1719463001311,462.9,50
1719463014998,465.9,25
1719463015340,465.65,50
1719463016539,464.6,50
1719463016539,464.6,50
1719463017532,465.8,25
1719463018191,467.8,100
1719463018447,468.4,25
1719463019252,468.7,25
1719463019920,469.05,25
1719463020872,469.6,50
1719463021246,471.0,25
1719463021700,470.25,50
1719463021941,471.25,125
1719463022848,471.1,100
1719463022848,471.1,100
1719463023661,470.05,25
1719463023661,470.05,25
1719463023661,470.05,25
1719463025493,471.85,25
1719463025840,470.5,25
1719463026644,470.35,25
1719463026732,470.0,25
1719463027132,471.5,25
1719463029102,473.5,25
1719463029102,473.5,25
1719463029102,473.5,25
1719463030624,475.5,25
1719463030901,476.45,300
1719463031837,476.9,25
1719463032649,477.45,25
1719463032994,478.85,75
1719463033959,475.0,25
1719463033959,475.0,25
1719463034724,472.55,25
1719463035696,469.0,100
1719463036909,466.95,75
1719463036909,466.95,75
1719463038088,468.7,25
1719463038464,466.7,75
1719463038464,466.7,75
1719463039594,468.05,25
1719463039730,468.55,25
1719463040585,467.45,50
1719463040585,467.45,50
1719463042771,467.25,25
1719463042771,467.25,25
1719463043290,467.15,25
1719463044104,467.15,25
1719463044687,467.8,125
1719463045664,467.2,25
1719463045664,467.2,25
1719463045664,467.2,25
1719463046764,468.1,25
1719463047779,468.75,25
1719463047779,468.75,25
1719463049297,467.35,25
1719463049609,467.35,200
1719463049609,467.35,200
1719463049609,467.35,200
1719463049609,467.35,200
1719463051564,465.9,25
1719463051755,465.0,25
1719463052748,465.0,100
1719463053772,465.0,25
1719463054457,463.8,25
1719463054457,463.8,25
1719463055620,463.6,75
1719463055620,463.6,75
1719463056975,463.95,25
1719463057735,463.05,25
1719463057735,463.05,25
1719463058490,462.2,25
1719463058807,462.2,175
1719463059222,462.4,75
1719463060921,463.25,200
1719463061646,463.6,25
1719463062495,466.1,100
1719463062813,463.65,50
1719463062813,463.65,50
1719463064664,463.3,25
1719463065238,462.0,25
1719463065572,462.0,25
1719463065572,462.0,25
1719463065572,462.0,25
1719463067026,461.85,25
1719463067165,461.8,25
1719463068314,464.1,75
1719463068314,464.1,75
1719463070462,464.4,25
1719463070794,465.0,25
1719463071618,465.2,25
1719463071775,464.7,25
1719463072527,465.7,25
1719463072905,465.1,25
1719463073820,463.0,25
1719463074211,464.05,200
1719463074211,464.05,200
1719463076327,464.5,150
1719463076327,464.5,150
1719463076771,463.6,25
1719463076771,463.6,25
1719463078135,465.0,100
1719463078747,464.25,25
1719463078747,464.25,25
1719463079278,464.15,175
1719463079278,464.15,175
1719463080922,462.7,25
1719463080922,462.7,25
1719463080922,462.7,25
1719463080922,462.7,25
1719463083208,463.85,50
1719463084278,466.55,25
1719463084278,466.55,25
1719463084622,465.7,25
1719463084622,465.7,25
1719463085603,467.0,25
1719463086663,465.9,25
1719463086663,465.9,25
1719463087875,465.6,50
1719463087875,465.6,50
1719463087875,465.6,50
1719463087875,465.6,50
1719463092682,465.9,25
1719463092904,465.8,50
1719463093004,465.4,25
1719463093551,464.1,25
1719463093551,464.1,25
1719463095859,467.0,50
1719463095859,467.0,50
1719463097191,466.55,25
1719463097191,466.55,25
1719463098597,466.2,25
1719463098597,466.2,25
1719463100236,465.8,50
1719463100858,465.9,25
1719463100858,465.9,25
1719463102278,466.55,200
1719463102370,467.4,25
1719463102370,467.4,25
1719463102370,467.4,25
1719463104360,466.55,25
1719463104360,466.55,25
1719463104360,466.55,25
1719463106213,466.8,75
1719463106213,466.8,75
1719463108012,465.8,25
1719463108012,465.8,25
1719463108012,465.8,25
1719463109512,466.85,125
1719463109793,465.65,75
1719463110005,464.05,25
1719463110005,464.05,25
1719463110005,464.05,25
1719463110005,464.05,25
1719463112206,465.0,25
1719463112206,465.0,25
1719463112206,465.0,25
1719463113875,465.8,50
1719463113875,465.8,50
1719463114607,464.05,25
1719463115060,464.55,25
1719463115060,464.55,25
1719463115060,464.55,25
1719463115060,464.55,25
1719463118239,465.8,50
1719463118239,465.8,50
1719463119483,465.3,50
1719463119483,465.3,50
1719463120838,466.8,250
1719463121442,469.0,25
1719463121612,470.0,450
1719463122629,471.3,25
1719463122629,471.3,25
1719463122629,471.3,25
1719463124505,472.75,125
1719463125179,471.1,25
1719463125179,471.1,25
1719463125789,470.4,25
1719463126371,472.0,25
1719463126746,473.0,25
1719463127306,474.05,75
1719463128641,469.9,50
1719463128641,469.9,50
1719463129758,467.25,25
1719463129758,467.25,25
1719463130797,468.5,25
1719463130797,468.5,25
1719463131817,466.4,25
1719463132839,467.5,75
1719463132839,467.5,75
1719463132839,467.5,75
1719463132839,467.5,75
1719463132839,467.5,75
1719463132839,467.5,75
1719463138104,468.6,25
1719463138104,468.6,25
1719463138104,468.6,25
1719463138104,468.6,25
1719463138104,468.6,25
1719463141638,472.25,25
1719463141638,472.25,25
1719463141638,472.25,25
1719463144156,469.35,100
1719463144742,469.75,25
1719463144742,469.75,25
1719463144742,469.75,25
1719463147451,469.5,25
1719463147451,469.5,25
1719463147913,470.95,25
1719463148628,470.05,100
1719463148778,470.05,100
1719463148778,470.05,100
1719463150843,469.65,50
1719463150843,469.65,50
1719463152045,469.75,25
1719463152111,469.75,25
1719463152111,469.75,25
1719463153844,472.0,25
1719463153844,472.0,25
1719463154834,472.25,25
1719463154834,472.25,25
1719463156068,470.75,50
1719463156068,470.75,50
1719463157371,471.5,75
1719463157371,471.5,75
1719463157371,471.5,75
1719463158386,469.95,75
1719463158694,470.9,50
1719463158694,470.9,50
1719463159415,470.15,50
1719463159415,470.15,50
1719463160476,470.15,25
1719463160476,470.15,25
1719463162601,471.85,25
1719463162601,471.85,25
1719463163075,471.75,25
1719463163759,471.7,25
1719463164716,471.8,25
1719463164716,471.8,25
1719463165904,472.85,25
1719463165904,472.85,25
1719463166734,471.15,25
1719463167096,471.0,25
1719463167634,471.3,75
1719463168320,471.2,25
1719463168733,471.4,25
1719463169335,469.75,125
1719463169674,469.3,25
1719463170377,469.75,25
1719463170377,469.75,25
1719463171563,470.6,25
1719463171563,470.6,25
1719463172204,469.1,25
1719463172978,471.15,25
1719463173271,470.6,25
1719463174392,470.7,25
1719463175714,468.85,25
1719463175714,468.85,25
1719463176376,470.75,25
1719463176376,470.75,25
1719463177223,469.9,25
1719463177223,469.9,25
1719463178057,469.0,25
1719463178057,469.0,25
1719463179383,469.1,25
1719463179935,467.5,25
1719463180941,469.05,50
1719463181871,472.0,25
1719463181871,472.0,25
1719463182948,472.75,25
1719463182948,472.75,25
1719463183756,471.5,25
1719463184213,470.9,150
1719463184213,470.9,150
1719463185467,471.45,25
1719463185945,471.0,25
1719463185945,471.0,25
1719463186901,469.3,50
1719463187305,469.0,25
1719463187305,469.0,25
1719463188466,468.9,75
1719463188466,468.9,75
1719463189401,468.95,50
1719463190697,467.0,25
1719463190697,467.0,25
1719463190697,467.0,25
1719463192959,467.4,25
1719463192959,467.4,25
1719463192959,467.4,25
1719463192959,467.4,25
1719463192959,467.4,25
1719463192959,467.4,25
1719463198287,469.0,150
1719463198287,469.0,150
1719463198287,469.0,150
1719463200535,468.35,25
1719463200637,469.6,50
1719463200637,469.6,50
1719463200637,469.6,50
1719463200637,469.6,50
1719463200637,469.6,50
1719463203668,467.1,50
1719463204413,469.3,75
1719463204777,468.25,50
1719463204777,468.25,50
1719463204777,468.25,50
1719463206257,468.2,25
1719463206488,468.4,25
1719463206488,468.4,25
1719463207638,469.05,50
1719463207638,469.05,50
1719463208947,467.8,25
1719463208947,467.8,25
1719463209420,468.4,25
1719463209420,468.4,25
1719463209420,468.4,25
1719463211543,472.0,50
1719463212009,472.0,75
1719463212009,472.0,75
1719463213250,472.7,25
1719463213250,472.7,25
1719463214023,472.15,125
1719463214661,472.65,25
1719463215199,470.4,50
1719463215199,470.4,50
1719463216617,470.15,100
1719463217765,470.45,25
1719463217765,470.45,25
1719463218850,469.05,250
1719463218850,469.05,250
1719463218850,469.05,250
1719463220686,470.0,400
1719463220686,470.0,400
1719463222410,471.05,75
1719463222410,471.05,75
1719463223508,471.45,50
1719463223508,471.45,50
1719463224193,472.55,250
1719463224485,472.75,50
1719463225335,474.0,25
1719463226176,472.8,25
1719463226903,472.9,25
1719463226903,472.9,25
1719463228017,476.0,25
1719463228017,476.0,25
1719463228900,475.0,50
1719463228900,475.0,50
1719463230401,472.5,50
1719463230401,472.5,50
1719463230401,472.5,50
1719463230401,472.5,50
1719463233272,472.75,75
1719463233749,470.6,100
1719463233749,470.6,100
1719463235670,470.0,400
1719463235861,470.0,25
1719463236324,470.4,25
1719463236324,470.4,25
1719463238184,471.0,25
1719463238184,471.0,25
1719463238445,469.2,25
1719463239348,470.7,50
1719463239348,470.7,50
1719463240405,470.0,250
1719463240405,470.0,250
1719463240405,470.0,250
1719463240405,470.0,250
1719463240405,470.0,250
1719463244979,468.45,25
1719463244979,468.45,25
1719463244979,468.45,25
1719463245807,469.55,25
1719463245807,469.55,25
1719463245807,469.55,25
1719463245807,469.55,25
1719463245807,469.55,25
1719463245807,469.55,25
1719463253542,470.35,25
1719463253542,470.35,25
1719463253542,470.35,25
1719463256331,470.8,50
1719463256544,470.8,25
1719463256544,470.8,25
1719463256544,470.8,25
1719463258709,468.0,275
1719463259079,468.0,75
1719463259079,468.0,75
1719463259079,468.0,75
1719463259079,468.0,75
1719463261874,471.5,25
1719463261874,471.5,25
1719463262336,472.5,125
1719463262336,472.5,125
1719463264434,469.35,25
1719463264434,469.35,25
1719463264434,469.35,25
1719463264434,469.35,25
1719463266882,471.9,25
1719463280017,479.7,75
1719463281627,476.1,25
1719463282248,476.8,75
1719463282248,476.8,75
1719463282592,477.85,25
1719463283173,476.0,25
1719463283923,474.65,25
1719463283923,474.65,25
1719463284971,474.05,50
1719463285748,474.9,100
1719463285748,474.9,100
1719463285748,474.9,100
1719463287763,472.15,25
1719463288140,473.3,200
1719463288140,473.3,200
1719463288140,473.3,200
1719463290541,474.0,50
1719463290541,474.0,50
1719463290541,474.0,50
1719463290541,474.0,50
1719463292575,474.0,100
1719463292824,474.9,75
1719463293264,473.05,75
1719463293264,473.05,75
1719463293264,473.05,75
1719463293264,473.05,75
1719463296480,474.15,75
1719463297324,473.65,25
1719463297792,475.5,25
1719463297792,475.5,25
1719463297792,475.5,25
1719463300559,476.95,50
1719463301060,476.55,200
1719463302837,476.2,50
1719463304729,475.5,100
1719463304729,475.5,100
1719463305369,474.0,50
1719463306433,473.75,25
1719463308103,473.75,25
1719463308653,474.8,50
1719463309545,474.0,25
1719463309545,474.0,25
1719463309545,474.0,25
1719463311739,474.85,25
1719463311739,474.85,25
1719463311739,474.85,25
1719463311739,474.85,25
1719463316328,475.75,50
1719463316328,475.75,50
1719463316791,474.9,50
1719463316791,474.9,50
1719463318080,474.9,25
1719463318759,473.75,25
1719463318759,473.75,25
1719463320164,474.65,200
1719463328230,475.05,50
1719463330261,475.65,50
1719463330653,475.2,50
1719463330653,475.2,50
1719463358567,478.45,25
1719463358567,478.45,25
1719463359911,478.95,200
1719463359911,478.95,200
1719463359911,478.95,200
1719463362011,480.3,25
1719463362011,480.3,25
1719463362011,480.3,25
1719463364086,476.85,25
1719463364498,478.5,50
1719463364498,478.5,50
1719463365915,476.95,75
1719463365915,476.95,75
1719463366879,476.9,25
1719463366879,476.9,25
1719463366879,476.9,25
1719463369533,478.1,25
1719463369533,478.1,25
1719463371228,478.4,25
1719463371228,478.4,25
1719463372238,479.45,475
1719463372387,479.45,175
1719463372387,479.45,175
1719463374044,480.35,150
1719463374044,480.35,150
1719463379020,478.1,50
1719463379020,478.1,50
1719463379886,476.0,75
1719463380111,476.75,25
1719463380111,476.75,25
1719463381431,475.0,25
1719463381972,475.35,25
1719463381972,475.35,25
1719463381972,475.35,25
1719463385392,475.2,50
1719463385392,475.2,50
1719463385392,475.2,50
1719463387758,476.2,25
1719463387758,476.2,25
1719463388955,474.6,25
1719463388955,474.6,25
1719463389955,474.0,25
1719463389955,474.0,25
1719463391488,474.05,25
1719463391933,472.35,25
1719463391933,472.35,25
1719463392833,473.1,25
1719463392833,473.1,25
1719463394079,472.0,50
1719463394079,472.0,50
1719463395032,472.0,125
1719463395032,472.0,125
1719463395951,471.85,25
1719463396638,472.45,125
1719463396638,472.45,125
1719463396638,472.45,125
1719463398321,471.0,50
1719463398321,471.0,50
1719463398321,471.0,50
1719463400723,472.15,50
1719463400723,472.15,50
1719463402407,472.15,125
1719463402407,472.15,125
1719463404315,470.3,25
1719463404473,470.0,50
1719463404473,470.0,50
1719463405844,470.0,25
1719463405844,470.0,25
1719463406645,468.9,250
1719463407253,467.0,75
1719463407253,467.0,75
1719463408890,465.65,25
1719463408890,465.65,25
1719463410067,466.05,25
1719463410067,466.05,25
1719463411079,463.45,100
1719463411459,466.25,25
1719463412108,465.85,100
1719463412108,465.85,100
1719463413078,465.3,25
1719463413078,465.3,25
1719463414371,466.55,50
1719463414564,466.4,25
1719463415835,466.6,50
1719463415835,466.6,50
1719463416559,465.05,175
1719463416559,465.05,175
1719463417983,465.0,25
1719463418516,465.55,25
1719463420036,464.3,200
1719463420036,464.3,200
1719463420907,464.15,25
1719463421253,465.8,25
1719463421616,465.0,250
1719463422699,464.1,25
1719463423117,463.7,100
1719463423404,463.3,25
1719463423404,463.3,25
1719463424891,463.8,25
1719463425436,463.2,175
1719463426092,463.05,25
1719463426894,463.1,200
1719463427027,463.3,25
1719463428089,462.0,75
1719463428321,458.75,25
1719463428952,456.4,25
1719463429834,453.9,25
1719463430258,457.5,25
1719463431526,456.7,25
1719463431932,456.75,25
1719463432863,451.0,25
1719463432863,451.0,25
1719463434102,454.6,25
1719463434734,454.4,25
1719463435037,454.1,125
1719463436203,454.6,25
1719463436203,454.6,25
1719463436779,455.0,25
1719463437137,454.65,125
1719463437137,454.65,125
1719463439135,454.55,25
1719463439860,455.7,25
1719463440645,457.2,175
1719463441050,456.75,100
1719463441050,456.75,100
1719463441624,456.1,25
1719463441624,456.1,25
1719463443062,459.0,100
1719463443062,459.0,100
1719463443656,460.0,25
1719463443656,460.0,25
1719463444479,458.55,75
1719463445303,460.0,100
1719463465908,458.05,25
1719463466333,457.45,200
1719463466333,457.45,200
1719463468132,460.0,125
1719463468132,460.0,125
1719463469428,459.75,50
1719463469851,459.5,25
1719463470573,463.25,25
1719463471310,464.0,25
1719463471896,463.55,200
1719463471896,463.55,200
1719463472911,463.55,900
1719463472911,463.55,900
1719463472911,463.55,900
1719463475934,463.9,25
1719463476081,464.7,25
1719463476081,464.7,25
1719463477342,465.0,25
1719463477342,465.0,25
1719463478016,462.8,200
1719463478016,462.8,200
1719463478016,462.8,200
1719463480655,458.95,25
1719463480655,458.95,25
1719463482883,457.9,100
1719463482883,457.9,100
1719463483298,457.0,50
1719463483808,458.45,25
1719463483808,458.45,25
1719463483808,458.45,25
1719463485982,458.95,75
1719463486451,459.45,50
1719463486451,459.45,50
1719463486451,459.45,50
1719463488951,458.45,150
1719463489463,457.55,25
1719463489463,457.55,25
1719463490176,458.4,100
1719463490176,458.4,100
1719463492201,457.25,175
1719463492673,456.0,25
1719463492673,456.0,25
1719463494987,456.2,50
1719463496079,457.25,25
1719463496079,457.25,25
1719463496530,457.25,75
1719463497436,458.0,25
1719463497850,458.25,25
1719463498648,457.8,50
1719463498648,457.8,50
1719463498648,457.8,50
1719463498648,457.8,50
1719463498648,457.8,50
1719463498648,457.8,50
1719463503235,458.65,25
1719463503235,458.65,25
1719463504758,456.7,100
1719463505710,456.0,25
1719463506131,454.95,100
1719463506131,454.95,100
1719463507937,455.3,25
1719463508109,455.7,50
1719463508109,455.7,50
1719463509192,457.0,125
1719463509192,457.0,125
1719463510758,457.0,50
1719463511411,453.4,25
1719463511411,453.4,25
1719463512644,453.3,25
1719463513578,454.2,50
1719463514850,453.95,200
1719463514850,453.95,200
1719463514850,453.95,200
1719463516952,452.6,25
1719463516952,452.6,25
1719463518574,454.9,150
1719463518574,454.9,150
1719463519297,453.9,100
1719463519297,453.9,100
1719463521688,456.9,25
1719463521688,456.9,25
1719463522154,456.4,25
1719463523007,458.0,100
1719463523680,458.65,200
1719463523859,458.5,25
1719463524691,460.0,25
1719463524929,460.85,25
1719463525891,460.95,175
1719463525891,460.95,175
1719463525891,460.95,175
1719463528237,460.9,25
1719463528803,460.0,1550
1719463528803,460.0,1550
1719463530477,461.35,25
1719463530477,461.35,25
1719463531283,463.15,25
1719463531283,463.15,25
1719463532113,463.45,850
1719463532113,463.45,850
1719463533041,463.3,50
1719463533041,463.3,50
1719463534710,462.7,50
1719463535556,463.35,50
1719463535556,463.35,50
1719463536858,463.3,25
1719463537078,464.05,25
1719463537078,464.05,25
1719463538959,464.05,25
1719463538959,464.05,25
1719463540210,463.3,25
1719463540210,463.3,25
1719463541050,463.75,25
1719463541817,463.75,25
1719463541817,463.75,25
1719463541817,463.75,25
1719463543934,464.0,75
1719463544338,463.3,25
1719463544338,463.3,25
1719463544949,464.05,25
1719463545988,465.0,25
1719463545988,465.0,25
1719463546272,465.0,75
1719463547481,464.05,100
1719463550418,468.0,25
1719463550700,468.0,25
1719463550784,468.0,50
1719463552122,466.8,25
1719463552122,466.8,25
1719463552862,466.0,100
1719463552862,466.0,100
1719463554311,464.4,50
1719463555412,463.1,25
1719463555412,463.1,25
1719463555770,463.2,25
1719463555770,463.2,25
1719463557485,462.2,25
1719463557485,462.2,25
1719463557485,462.2,25
1719463557485,462.2,25
1719463557485,462.2,25
1719463557485,462.2,25
1719463562173,462.85,125
1719463562173,462.85,125
1719463562173,462.85,125
1719463562173,462.85,125
1719463566403,460.0,50
1719463567005,460.15,200
1719463568311,459.55,50
1719463568462,460.75,25
1719463568462,460.75,25
1719463568462,460.75,25
1719463568462,460.75,25
1719463568462,460.75,25
1719463573344,457.0,50
1719463573344,457.0,50
1719463575151,458.85,25
1719463575151,458.85,25
1719463576582,458.25,100
1719463576582,458.25,100
1719463577490,458.85,225
1719463578500,456.75,25
1719463579593,457.15,25
1719463579848,456.5,25
1719463579848,456.5,25
1719463580908,457.05,25
1719463581326,457.4,75
1719463581326,457.4,75
1719463581326,457.4,75
1719463583336,456.1,25
1719463583883,455.3,25
1719463584874,453.45,250
1719463585434,453.6,25
1719463585434,453.6,25
1719463585434,453.6,25
1719463587743,456.55,25
1719463588309,455.1,100
1719463588309,455.1,100
1719463589006,456.4,25
1719463589006,456.4,25
1719463591315,456.55,25
1719463591315,456.55,25
1719463591315,456.55,25
1719463591315,456.55,25
1719463591315,456.55,25
1719463591315,456.55,25
1719463596398,455.1,25
1719463596398,455.1,25
1719463597857,454.1,50
1719463599124,454.0,75
1719463599124,454.0,75
1719463599124,454.0,75
1719463601678,453.55,25
1719463602223,453.9,50
1719463609790,459.9,25
1719463610310,458.25,200
1719463610310,458.25,200
1719463610310,458.25,200
1719463612581,458.05,100
1719463612581,458.05,100
1719463614061,458.7,50
1719463614061,458.7,50
1719463615484,458.95,200
1719463615484,458.95,200
1719463618032,459.6,75
1719463618032,459.6,75
1719463619984,457.15,50
1719463620993,456.25,25
1719463620993,456.25,25
1719463620993,456.25,25
1719463622246,455.35,150
1719463622246,455.35,150
1719463622246,455.35,150
1719463625753,454.05,25
1719463625753,454.05,25
1719463627151,454.75,50
1719463627151,454.75,50
1719463627151,454.75,50
1719463627151,454.75,50
1719463631177,456.3,75
1719463632196,456.75,25
1719463632464,457.4,75
1719463632464,457.4,75
1719463632464,457.4,75
1719463634453,456.95,25
1719463634453,456.95,25
1719463634453,456.95,25
1719463634453,456.95,25
1719463634453,456.95,25
1719463640691,458.95,25
1719463640978,459.35,200
1719463640978,459.35,200
1719463642400,460.95,175
1719463642400,460.95,175
1719463644611,461.25,100
1719463644669,460.35,25
1719463645084,461.55,25
1719463645881,460.55,25
1719463646419,461.0,100
1719463646419,461.0,100
1719463667581,453.85,25
1719463669675,452.85,25
1719463669675,452.85,25
1719463670622,453.45,100
1719463671136,453.3,50
1719463671136,453.3,50
1719463672079,454.35,50
1719463672079,454.35,50
1719463674318,458.7,75
1719463674318,458.7,75
1719463675111,456.45,25
1719463675111,456.45,25
1719463675111,456.45,25
1719463677007,455.9,25
1719463687865,456.75,25
1719463688882,455.95,50
1719463688882,455.95,50
1719463691645,455.45,25
1719463691747,455.4,25
1719463691747,455.4,25
1719463691747,455.4,25
1719463691747,455.4,25
1719463695695,455.4,75
1719463695951,454.45,25
1719463695951,454.45,25
1719463697315,455.75,25
1719463697867,455.8,25
1719463697867,455.8,25
1719463697867,455.8,25
1719463700233,457.2,25
1719463700233,457.2,25
1719463702475,457.65,25
1719463702475,457.65,25
1719463702475,457.65,25
1719463702475,457.65,25
1719463702475,457.65,25
1719463702475,457.65,25
1719463709505,459.0,50
1719463709505,459.0,50
1719463709505,459.0,50
1719463709505,459.0,50
1719463712295,461.5,25
1719463712295,461.5,25
1719463713019,461.65,25
1719463713019,461.65,25
1719463713019,461.65,25
1719463713019,461.65,25
1719463713019,461.65,25
1719463717813,462.0,100
1719463718632,462.0,100
1719463719448,461.85,25
1719463720006,463.45,100
1719463720044,463.45,75
1719463720844,462.95,100
1719463720844,462.95,100
1719463721744,463.45,275
1719463721744,463.45,275
1719463722638,464.2,25
1719463723567,463.6,25
1719463723567,463.6,25
1719463724658,463.5,25
1719463724658,463.5,25
1719463724658,463.5,25
1719463726446,462.0,75
1719463726733,462.0,225
1719463726733,462.0,225
1719463726733,462.0,225
1719463726733,462.0,225
1719463730714,460.0,25
1719463730714,460.0,25
1719463730714,460.0,25
1719463730714,460.0,25
1719463730714,460.0,25
1719463730714,460.0,25
1719463730714,460.0,25
1719463730714,460.0,25
1719463730714,460.0,25
1719463730714,460.0,25
1719463730714,460.0,25
1719463730714,460.0,25
1719463730714,460.0,25
1719463746360,461.9,100
1719463746698,460.0,25
1719463746698,460.0,25
1719463748881,460.95,125
1719463748881,460.95,125
1719463749157,460.1,25
1719463749681,460.15,25
1719463749681,460.15,25
1719463750663,460.0,50
1719463751534,462.45,75
1719463751534,462.45,75
1719463752714,463.55,25
1719463752714,463.55,25
1719463752714,463.55,25
1719463752714,463.55,25
1719463760523,467.0,250
1719463760523,467.0,250
1719463762301,467.45,25
1719463762356,467.35,25
1719463762356,467.35,25
1719463762356,467.35,25
1719463762356,467.35,25
1719463766353,463.55,250
1719463766353,463.55,250
1719463767782,463.15,25
1719463768691,463.15,50
1719463768790,462.25,25
1719463768790,462.25,25
1719463768790,462.25,25
1719463768790,462.25,25
1719463775067,464.65,25
1719463777002,468.0,200
1719463777002,468.0,200
1719463779245,466.1,25
1719463779245,466.1,25
1719463779245,466.1,25
1719463779245,466.1,25
1719463779245,466.1,25
1719463784792,466.0,200
1719463784792,466.0,200
1719463785468,464.55,25
1719463785468,464.55,25
1719463786462,465.2,25
1719463786462,465.2,25
1719463786462,465.2,25
1719463786462,465.2,25
1719463786462,465.2,25
1719463792134,466.0,50
1719463792134,466.0,50
1719463793623,467.0,25
1719463793623,467.0,25
1719463794642,466.45,75
1719463794642,466.45,75
1719463796686,467.5,100
1719463797060,466.0,100
1719463797060,466.0,100
1719463797060,466.0,100
1719463797060,466.0,100
1719463801343,464.75,25
1719463801343,464.75,25
1719463801343,464.75,25
1719463803118,465.5,50
1719463803118,465.5,50
1719463804238,465.05,50
1719463804585,465.45,25
1719463804585,465.45,25
1719463804585,465.45,25
1719463804585,465.45,25
1719463808473,465.75,25
1719463808473,465.75,25
1719463809254,465.7,50
1719463810332,465.15,50
1719463810332,465.15,50
1719463811271,467.1,50
1719463811271,467.1,50
1719463814241,471.75,25
1719463816277,471.6,25
1719463816277,471.6,25
1719463818424,468.0,25
1719463818424,468.0,25
1719463819635,468.2,25
1719463819635,468.2,25
1719463820858,466.8,25
1719463821602,467.85,25
1719463821602,467.85,25
1719463822266,466.8,50
1719463822266,466.8,50
1719463822266,466.8,50
1719463822266,466.8,50
1719463822266,466.8,50
1719463827423,468.0,25
1719463827763,465.75,25
1719463827763,465.75,25
1719463829938,463.9,25
1719463830106,463.45,650
1719463830592,464.6,25
1719463830592,464.6,25
1719463832631,466.2,50
1719463832631,466.2,50
1719463833824,466.8,150
1719463833824,466.8,150
1719463833824,466.8,150
1719463836336,464.85,100
1719463837805,464.45,25
1719463837805,464.45,25
1719463837805,464.45,25
1719463839481,465.45,25
1719463839992,463.6,100
1719463840576,463.6,25
1719463841021,463.0,175
1719463841981,462.6,25
1719463841981,462.6,25
1719463843067,462.0,75
1719463843448,461.0,200
1719463844666,461.3,25
1719463844666,461.3,25
1719463844666,461.3,25
1719463844666,461.3,25
1719463848693,462.3,75
1719463848693,462.3,75
1719463850566,462.75,125
1719463850566,462.75,125
1719463852265,462.55,75
1719463853155,462.4,25
1719463853155,462.4,25
1719463853155,462.4,25
1719463853155,462.4,25
1719463857062,460.85,25
1719463857062,460.85,25
1719463858301,463.35,25
1719463859378,465.75,25
1719463859826,464.9,25
1719463860238,466.8,300
1719463860238,466.8,300
1719463860238,466.8,300
1719463862215,467.25,25
1719463862215,467.25,25
1719463862215,467.25,25
1719463862215,467.25,25
1719463866727,465.15,25
1719463866727,465.15,25
1719463867548,465.4,25
1719463867548,465.4,25
1719463868974,464.15,100
1719463868974,464.15,100
1719463870885,466.2,25
1719463870885,466.2,25
1719463870885,466.2,25
1719463873583,464.85,25
1719463873583,464.85,25
1719463873583,464.85,25
1719463875997,464.55,25
1719463876619,463.8,25
1719463876619,463.8,25
1719463877243,466.35,50
1719463877243,466.35,50
1719463879120,466.85,25
1719463879377,466.8,100
1719463879377,466.8,100
1719463880913,467.0,25
1719463882167,467.0,25
1719463882351,466.55,25
1719463923856,466.25,100
1719463923856,466.25,100
1719463928545,465.35,25
1719463928545,465.35,25
1719463928545,465.35,25
1719463930634,467.75,25
1719463931355,466.8,50
1719463931355,466.8,50
1719463931355,466.8,50
1719463931355,466.8,50
1719463935014,470.0,25
1719463935014,470.0,25
1719463935014,470.0,25
1719463938321,467.1,25
1719463938321,467.1,25
1719463945458,467.45,25
1719463945458,467.45,25
1719463945458,467.45,25
1719463947898,467.4,25
1719463947898,467.4,25
1719463952632,466.6,125
1719463953093,465.65,25
1719463953093,465.65,25
1719463953093,465.65,25
1719463955196,465.0,250
1719463955196,465.0,250
1719463956585,464.0,450
1719463956585,464.0,450
1719463956585,464.0,450
1719463956585,464.0,450
1719463960249,463.85,50
1719463960249,463.85,50
1719463963006,462.05,25
1719463963006,462.05,25
1719463963006,462.05,25
1719463964990,462.05,200
1719463964990,462.05,200
1719463964990,462.05,200
1719463964990,462.05,200
1719463964990,462.05,200
1719463970324,464.15,150
1719463970324,464.15,150
1719463971769,463.6,175
1719463971769,463.6,175
1719463972777,464.0,100
1719463972777,464.0,100
1719463972777,464.0,100
1719463972777,464.0,100
1719463972777,464.0,100
1719463978321,464.0,25
1719463978321,464.0,25
1719463978321,464.0,25
1719463978321,464.0,25
1719463978321,464.0,25
1719463983371,465.35,25
1719463983503,465.25,25
1719463983503,465.25,25
1719463983503,465.25,25
1719463983503,465.25,25
1719463988100,463.75,50
1719463988100,463.75,50
1719463988100,463.75,50
1719463988100,463.75,50
1719463988100,463.75,50
1719463993613,462.85,50
1719463993613,462.85,50
1719463995527,462.35,175
1719463995967,463.95,100
1719463995967,463.95,100
1719463996800,463.25,175
1719463996800,463.25,175
1719463998824,461.8,25
1719463999218,461.45,400
1719463999218,461.45,400
1719464000675,460.5,75
1719464000815,460.0,25
1719464000815,460.0,25
1719464002609,461.8,25
1719464003109,461.65,25
1719464003109,461.65,25
1719464006326,460.2,25
1719464006326,460.2,25
1719464008258,461.1,250
1719464008258,461.1,250
1719464008258,461.1,250
1719464008258,461.1,250
1719464008258,461.1,250
1719464012939,460.3,150
1719464012939,460.3,150
1719464012939,460.3,150
1719464016093,460.25,175
1719464016093,460.25,175
1719464017696,460.9,200
1719464017696,460.9,200
1719464018487,462.0,100
1719464018487,462.0,100
1719464018487,462.0,100
1719464021484,464.2,25
1719464021857,464.25,25
1719464021857,464.25,25
1719464022580,463.75,25
1719464022580,463.75,25
1719464022580,463.75,25
1719464026641,461.45,25
1719464026641,461.45,25
1719464026641,461.45,25
1719464026641,461.45,25
1719464026641,461.45,25
1719464026641,461.45,25
1719464032838,461.2,200
1719464033286,461.25,25
1719464034334,460.2,50
1719464035187,460.0,25
1719464035187,460.0,25
1719464036052,459.0,50
1719464036052,459.0,50
1719464036052,459.0,50
1719464039396,458.0,125
1719464039396,458.0,125
1719464039396,458.0,125
1719464039396,458.0,125
1719464039396,458.0,125
1719464044351,457.4,100
1719464044711,457.0,375
1719464045014,457.6,50
1719464045014,457.6,50
1719464046960,456.75,25
1719464046960,456.75,25
1719464046960,456.75,25
1719464049564,457.7,25
1719464049955,457.7,25
1719464049955,457.7,25
1719464050810,456.85,150
1719464050810,456.85,150
1719464050810,456.85,150
1719464053662,455.0,50
1719464054154,456.9,25
1719464054154,456.9,25
1719464055114,457.0,100
1719464055114,457.0,100
1719464056035,458.85,100
1719464056742,459.5,25
1719464057356,461.0,25
1719464057356,461.0,25
1719464057356,461.0,25
1719464061145,458.5,100
1719464061145,458.5,100
1719464061145,458.5,100
1719464063176,457.0,175
1719464063176,457.0,175
1719464074584,456.0,25
1719464075085,456.2,50
1719464075085,456.2,50
1719464076136,455.35,100
1719464076136,455.35,100
1719464076136,455.35,100
1719464076136,455.35,100
1719464076136,455.35,100
1719464080369,455.0,75
1719464080369,455.0,75
1719464080369,455.0,75
1719464080369,455.0,75
1719464083823,455.0,50
1719464084447,454.35,175
1719464088256,454.15,150
1719464088734,452.9,50
1719464088734,452.9,50
1719464088734,452.9,50
1719464092240,455.35,75
1719464092366,456.0,25
1719464092366,456.0,25
1719464092366,456.0,25
1719464094016,458.85,25
1719464094320,460.0,25
1719464094573,460.6,25
1719464094573,460.6,25
1719464094573,460.6,25
1719464097034,459.45,25
1719464097034,459.45,25
1719464097952,459.7,25
1719464098526,459.2,25
1719464098526,459.2,25
1719464099257,457.25,50
1719464099257,457.25,50
1719464099257,457.25,50
1719464099257,457.25,50
1719464099257,457.25,50
1719464119270,458.55,25
1719464121237,461.95,25
1719464122310,460.7,25
1719464122310,460.7,25
1719464122800,459.65,25
1719464123254,459.65,25
1719464123823,459.0,25
1719464123823,459.0,25
1719464123823,459.0,25
1719464125959,459.2,25
1719464125959,459.2,25
1719464127422,459.65,25
1719464127422,459.65,25
1719464127422,459.65,25
1719464127422,459.65,25
1719464165811,457.95,25
1719464165811,457.95,25
1719464165811,457.95,25
1719464165811,457.95,25
1719464173443,461.0,200
1719464173443,461.0,200
1719464175509,459.95,75
1719464175509,459.95,75
1719464175509,459.95,75
1719464175509,459.95,75
1719464180327,459.0,250
1719464180327,459.0,250
1719464180327,459.0,250
1719464182823,461.0,25
1719464182823,461.0,25
1719464183575,460.4,50
1719464205422,458.6,25
1719464205422,458.6,25
1719464206822,459.85,75
1719464207997,460.05,25
1719464208918,460.1,25
1719464208918,460.1,25
1719464209715,461.0,25
1719464209715,461.0,25
1719464209715,461.0,25
1719464209715,461.0,25
1719464209715,461.0,25
1719464209715,461.0,25
1719464216362,460.75,175
1719464216362,460.75,175
1719464218974,464.0,50
1719464219081,465.0,75
1719464220294,466.75,25
1719464220294,466.75,25
1719464220294,466.75,25
1719464220294,466.75,25
1719464222932,466.1,25
1719464222932,466.1,25
1719464222932,466.1,25
1719464225183,465.0,25
1719464225838,465.65,25
1719464226070,467.45,1350
1719464228147,469.0,25
1719464228147,469.0,25
1719464229286,469.8,75
1719464229286,469.8,75
1719464230433,470.45,50
1719464232443,471.05,100
1719464232806,470.0,25
1719464232891,469.15,100
1719464232891,469.15,100
1719464234390,469.35,50
1719464235594,468.25,25
1719464236502,470.0,200
1719464236502,470.0,200
1719464237310,469.0,75
1719464237310,469.0,75
1719464237310,469.0,75
1719464237310,469.0,75
1719464240646,470.15,25
1719464241288,470.35,250
1719464241288,470.35,250
1719464242229,469.95,250
1719464242229,469.95,250
1719464244512,471.0,25
1719464245335,470.15,50
1719464246841,474.6,100
1719464247251,474.6,50
1719464248408,477.65,25
1719464248656,479.0,250
1719464249502,481.0,125
1719464249502,481.0,125
1719464250225,478.05,25
1719464251280,481.1,25
1719464251280,481.1,25
1719464252390,479.15,100
1719464252390,479.15,100
1719464253373,480.65,25
1719464253765,479.8,50
1719464254428,482.0,25
1719464255351,478.5,50
1719464255351,478.5,50
1719464256373,479.1,25
1719464256373,479.1,25
1719464257305,480.05,100
1719464258347,482.4,25
1719464258347,482.4,25
1719464259346,482.6,50
1719464259965,480.15,25
1719464260428,480.2,75
1719464261285,479.05,50
1719464261662,480.15,25
1719464262298,480.0,25
1719464263089,480.65,25
1719464263527,480.55,25
1719464263527,480.55,25
1719464265238,480.85,25
1719464265238,480.85,25
1719464265238,480.85,25
1719464266898,480.5,25
1719464268214,479.95,75
1719464268214,479.95,75
1719464268762,481.55,50
1719464268762,481.55,50
1719464269752,482.0,25
1719464270653,480.0,300
1719464271622,480.0,25
1719464271668,480.0,25
1719464272384,478.7,300
1719464273245,481.2,25
1719464273245,481.2,25
1719464274886,478.75,25
1719464274886,478.75,25
1719464291569,482.3,25
1719464292213,485.0,25
1719464292213,485.0,25
1719464293642,483.15,25
1719464294458,483.7,150
1719464294458,483.7,150
1719464295250,483.6,50
1719464295250,483.6,50
1719464297219,482.2,50
1719464297465,482.95,25
1719464298515,482.8,50
1719464298515,482.8,50
1719464299184,483.7,25
1719464299710,482.85,100
1719464299710,482.85,100
1719464299710,482.85,100
1719464299710,482.85,100
1719464302830,482.4,25
1719464302830,482.4,25
1719464304449,484.7,25
1719464304726,482.05,50
1719464304726,482.05,50
1719464304726,482.05,50
1719464306007,482.4,25
1719464306846,482.4,25
1719464307015,481.05,25
1719464307015,481.05,25
1719464307015,481.05,25
1719464309669,485.4,200
1719464309669,485.4,200
1719464310230,485.95,25
1719464311046,484.8,25
1719464311046,484.8,25
1719464311046,484.8,25
1719464312430,486.0,250
1719464313660,486.0,100
1719464313660,486.0,100
1719464314398,490.0,25
1719464315137,487.75,25
1719464315620,487.65,25
1719464316659,488.9,125
1719464316659,488.9,125
1719464317207,490.4,25
1719464317207,490.4,25
1719464318603,487.55,25
1719464319345,487.45,50
1719464319455,488.35,25
1719464319812,489.85,25
1719464319812,489.85,25
1719464320914,489.2,25
1719464320914,489.2,25
1719464322000,489.3,25
1719464322000,489.3,25
1719464323412,491.0,25
1719464324128,490.55,100
1719464324128,490.55,100
1719464324874,489.45,25
1719464324874,489.45,25
1719464324874,489.45,25
1719464327371,487.0,25
1719464327525,486.2,25
1719464328347,485.0,25
1719464328347,485.0,25
1719464329870,483.2,50
1719464330565,484.15,75
1719464330627,484.25,25
1719464367283,485.45,25
1719464367283,485.45,25
1719464368091,485.2,25
1719464369032,485.25,25
1719464369032,485.25,25
1719464369032,485.25,25
1719464370324,484.8,250
1719464370560,484.35,75
1719464371064,486.5,100
1719464371064,486.5,100
1719464371064,486.5,100
1719464371064,486.5,100
1719464373251,487.0,25
1719464377534,485.6,25
1719464378834,487.0,50
1719464378834,487.0,50
1719464379178,485.0,100
1719464379178,485.0,100
1719464380492,484.65,125
1719464381088,485.1,150
1719464381088,485.1,150
1719464382547,484.6,50
1719464384057,484.0,100
1719464384057,484.0,100
1719464384135,483.45,1575
1719464385203,483.2,25
1719464385203,483.2,25
1719464386210,482.4,250
1719464386210,482.4,250
1719464387337,484.05,125
1719464387337,484.05,125
1719464388461,483.75,100
1719464389675,484.85,150
1719464390887,485.35,25
1719464390887,485.35,25
1719464392400,485.7,25
1719464392400,485.7,25
1719464394379,486.85,25
1719464395465,485.0,375
1719464395465,485.0,375
1719464395971,485.0,75
1719464396418,484.6,25
1719464396418,484.6,25
1719464397732,486.8,75
1719464398553,487.4,50
1719464398974,487.0,25
1719464398974,487.0,25
1719464398974,487.0,25
1719464401680,485.2,125
1719464401680,485.2,125
1719464403430,485.0,175
1719464403430,485.0,175
1719464404583,484.8,25
1719464404583,484.8,25
1719464405907,486.8,300
1719464405907,486.8,300
1719464406268,487.5,100
1719464406268,487.5,100
1719464407703,485.7,75
1719464408290,485.85,125
1719464408290,485.85,125
1719464408290,485.85,125
1719464411916,483.95,25
1719464411916,483.95,25
1719464413080,483.55,50
1719464413080,483.55,50
1719464413080,483.55,50
1719464415153,484.95,100
1719464415954,484.45,25
1719464415954,484.45,25
1719464415954,484.45,25
1719464418853,485.0,25
1719464419041,485.85,75
1719464419041,485.85,75
1719464420064,486.3,50
1719464420064,486.3,50
1719464421405,485.35,25
1719464421405,485.35,25
1719464421405,485.35,25
1719464423811,484.35,25
1719464424318,485.05,25
1719464424318,485.05,25
1719464424884,485.15,25
1719464424884,485.15,25
1719464425926,486.3,25
1719464427025,486.65,25
1719464427025,486.65,25
1719464427831,485.35,100
1719464429081,485.4,25
1719464429081,485.4,25
1719464429081,485.4,25
1719464429081,485.4,25
1719464432374,487.5,125
1719464432374,487.5,125
1719464432374,487.5,125
1719464434845,486.75,100
1719464435538,488.0,150
1719464436067,487.6,100
1719464436067,487.6,100
1719464436067,487.6,100
1719464438094,488.5,25
1719464439035,488.65,25
1719464439168,488.65,50
1719464439168,488.65,50
1719464440732,489.85,125
1719464441470,488.15,25
1719464441470,488.15,25
1719464443449,487.9,50
1719464443449,487.9,50
1719464443449,487.9,50
1719464446205,487.9,25
1719464446698,486.85,25
1719464446698,486.85,25
1719464447921,485.35,50
1719464447921,485.35,50
1719464449108,487.25,25
1719464449108,487.25,25
1719464453573,485.75,100
1719464453646,485.0,50
1719464465675,480.0,25
1719464466599,481.05,25
1719464467787,482.3,25
1719464467787,482.3,25
1719464469379,482.0,25
1719464469379,482.0,25
1719464469379,482.0,25
1719464472009,482.4,25
1719464472772,483.0,25
1719464472772,483.0,25
1719464474041,485.0,700
1719464474264,484.35,50
1719464474264,484.35,50
1719464476299,483.75,25
1719464476299,483.75,25
1719464477379,482.9,225
1719464477379,482.9,225
1719464477379,482.9,225
1719464491609,480.65,50
1719464506204,481.2,50
1719464506204,481.2,50
1719464506204,481.2,50
1719464511351,480.05,125
1719464511351,480.05,125
1719464519300,480.0,50
1719464521536,479.15,25
1719464521536,479.15,25
1719464521700,479.3,25
1719464522565,475.0,25
1719464522565,475.0,25
1719464523318,476.05,50
1719464524313,474.5,25
1719464524569,473.25,100
1719464525315,475.6,25
1719464536114,477.3,350
1719464536114,477.3,350
1719464537952,476.65,50
1719464537952,476.65,50
1719464538438,476.0,250
1719464539700,476.3,50
1719464539700,476.3,50
1719464539700,476.3,50
1719464543939,475.0,50
1719464543939,475.0,50
1719464545291,474.0,250
1719464545902,473.45,575
1719464545902,473.45,575
1719464548732,474.45,75
1719464548732,474.45,75
1719464562660,472.5,50
1719464565038,470.0,100
1719464565038,470.0,100
1719464565764,470.45,25
1719464566876,471.05,150
1719464567053,470.9,25
1719464567053,470.9,25
1719464567980,470.1,250
1719464567980,470.1,250
1719464569457,471.1,25
1719464570149,472.0,25
1719464570149,472.0,25
1719464571318,471.0,50
1719464572390,472.45,25
1719464572390,472.45,25
1719464572999,472.3,50
1719464572999,472.3,50
1719464575022,473.0,25
1719464575022,473.0,25
1719464575022,473.0,25
1719464577233,470.9,25
1719464577749,473.15,125
1719464582122,471.5,50
1719464582122,471.5,50
1719464587679,472.9,25
1719464588747,471.0,25
1719464588855,469.2,75
1719464589560,469.65,100
1719464590666,468.0,100
1719464592043,463.45,50
1719464592043,463.45,50
1719464592043,463.45,50
1719464593567,462.0,25
1719464594638,464.0,50
1719464595766,464.45,25
1719464597251,464.45,25
1719464597251,464.45,25
1719464599732,460.0,25
1719464600360,460.95,50
1719464600360,460.95,50
1719464601688,452.8,75
1719464602118,452.0,250
1719464602886,451.55,125
1719464602886,451.55,125
1719464605211,451.65,125
1719464605211,451.65,125
1719464606137,452.3,25
1719464606797,445.0,125
1719464607402,442.0,50
1719464607556,442.5,175
1719464608465,443.2,25
1719464608944,442.8,25
1719464609982,438.0,150
1719464610581,438.0,450
1719464610581,438.0,450
1719464611567,430.0,25
1719464611869,426.8,125
1719464611994,422.0,25
1719464612644,417.3,25
1719464613831,391.5,75
1719464626840,427.1,175
1719464627420,426.0,100
1719464627420,426.0,100
1719464628737,430.8,25
1719464628884,432.45,25
1719464629767,433.25,50
1719464629767,433.25,50
1719464630695,434.15,25
1719464631720,430.7,25
1719464631720,430.7,25
1719464632778,432.55,25
1719464633108,432.05,50
1719464633108,432.05,50
1719464635069,423.05,25
1719464635665,423.05,100
1719464635804,421.55,250
1719464636508,417.85,200
1719464637337,416.55,75
1719464637933,419.35,50
1719464638732,418.0,25
1719464638732,418.0,25
1719464639688,421.9,50
1719464640458,420.4,25
1719464640775,420.35,25
1719464641388,418.95,25
1719464642047,419.35,25
1719464642458,418.95,25
1719464642857,422.3,25
1719464643505,419.3,50
1719464643892,422.0,25
1719464644377,422.15,25
1719464644377,422.15,25
1719464646123,422.5,50
1719464647073,428.5,25
1719464647177,427.65,75
1719464647809,429.15,25
1719464648464,430.0,25
1719464648464,430.0,25
1719464649366,429.45,25
1719464650078,426.45,25
1719464650078,426.45,25
1719464651144,424.15,25
1719464651144,424.15,25
1719464652098,424.15,25
1719464652098,424.15,25
1719464653866,423.5,500
1719464654432,421.85,100
1719464654432,421.85,100
1719464655854,421.95,250
1719464655988,423.1,25
1719464656735,422.9,25
1719464656735,422.9,25
1719464658478,421.2,25
1719464658478,421.2,25
1719464660244,428.15,25
1719464660435,430.2,100
1719464662075,426.8,75
1719464662518,427.45,125
1719464663378,424.95,125
1719464663647,424.85,25
1719464665076,419.45,100
1719464665288,419.9,25
1719464665288,419.9,25
1719464667358,422.2,25
1719464667358,422.2,25
1719464668760,421.3,25
1719464669010,420.45,125
1719464669712,421.35,25
1719464669712,421.35,25
1719464670907,426.2,25
1719464670907,426.2,25
1719464671844,427.65,50
1719464671844,427.65,50
1719464672730,427.95,25
1719464672730,427.95,25
1719464673841,428.0,100
1719464674810,428.8,50
1719464675521,428.9,25
1719464675521,428.9,25
1719464676791,427.6,25
1719464676992,428.95,25
1719464676992,428.95,25
1719464678814,426.7,25
1719464678814,426.7,25
1719464680061,424.65,25
1719464681482,423.0,25
1719464681664,424.7,25
1719464681664,424.7,25
1719464682887,424.65,25
1719464683805,425.1,25
1719464683805,425.1,25
1719464684380,426.25,50
1719464684380,426.25,50
1719464685620,424.95,175
1719464686459,426.3,25
1719464686459,426.3,25
1719464687770,422.6,125
1719464688325,422.5,25
1719464688325,422.5,25
1719464688325,422.5,25
1719464688325,422.5,25
1719464691290,421.35,25
1719464691756,420.1,25
1719464692727,420.2,150
1719464692727,420.2,150
1719464694029,420.0,25
1719464694149,419.6,25
1719464694149,419.6,25
1719464695945,416.95,25
1719464696219,416.35,25
1719464696958,417.05,150
1719464697840,417.0,25
1719464698875,413.15,50
1719464702757,405.45,150
1719464703663,405.75,25
1719464703663,405.75,25
1719464704862,404.95,50
1719464705744,410.65,50
1719464705883,408.0,25
1719464710898,414.45,25
1719464710898,414.45,25
1719464712860,415.45,25
1719464713712,416.2,25
1719464714595,416.1,50
1719464715509,421.15,75
1719464715509,421.15,75
1719464716660,420.65,100
1719464717075,420.45,25
1719464717634,419.25,25
1719464717634,419.25,25
1719464719697,418.7,100
1719464719840,419.3,25
1719464720039,418.5,25
1719464720569,418.95,50
1719464721507,416.2,125
1719464721905,416.3,25
1719464722704,414.85,50
1719464723341,411.9,25
1719464723400,412.7,25
1719464724906,414.65,25
1719464724906,414.65,25
1719464724906,414.65,25
1719464726352,413.0,50
1719464726824,414.1,25
1719464726824,414.1,25
1719464728231,413.0,25
1719464729426,412.65,25
1719464729426,412.65,25
1719464730700,414.3,25
1719464730791,413.3,100
1719464731182,414.05,100
1719464731182,414.05,100
1719464731182,414.05,100
1719464732443,413.0,25
1719464732443,413.0,25
1719464733749,416.15,25
1719464733749,416.15,25
1719464734858,414.75,125
1719464734962,417.35,150
1719464735839,417.25,25
1719464735918,416.2,25
1719464737455,415.5,450
1719464738523,417.2,25
1719464738523,417.2,25
1719464740551,417.45,100
1719464740551,417.45,100
1719464740551,417.45,100
1719464744740,416.75,100
1719464744740,416.75,100
1719464746185,418.45,25
1719464746994,418.75,25
1719464746994,418.75,25
1719464748005,418.6,100
1719464748637,418.5,75
1719464749414,422.0,25
1719464749923,420.4,25
1719464751243,421.05,50
1719464751243,421.05,50
1719464751243,421.05,50
1719464754284,423.35,25
1719464754284,423.35,25
1719464754850,422.5,25
1719464755671,423.6,100
1719464755892,425.0,25
1719464756229,425.9,25
1719464757147,425.4,50
1719464757761,427.4,75
1719464758150,426.2,75
1719464758860,427.15,75
1719464779536,422.4,50
1719464779536,422.4,50
1719464781473,422.65,25
1719464782301,422.0,275
1719464782697,421.45,100
1719464783585,420.8,25
1719464783585,420.8,25
1719464783585,420.8,25
1719464783585,420.8,25
1719464786404,426.6,50
1719464786776,428.0,50
1719464787723,429.6,75
1719464787723,429.6,75
1719464787723,429.6,75
1719464787723,429.6,75
1719464791907,424.6,50
1719464791907,424.6,50
1719464806032,425.5,100
1719464810299,425.9,100
1719464810299,425.9,100
1719464811387,425.0,25
1719464811387,425.0,25
1719464813747,423.0,25
1719464813747,423.0,25
1719464813747,423.0,25
1719464813747,423.0,25
1719464813747,423.0,25
1719464819869,424.65,25
1719464820175,423.35,25
1719464820175,423.35,25
1719464820175,423.35,25
1719464822294,428.8,75
1719464822482,427.2,100
1719464822774,426.2,25
1719464822774,426.2,25
1719464824664,424.25,25
1719464825337,423.0,1000
1719464825337,423.0,1000
1719464825337,423.0,1000
1719464825337,423.0,1000
1719464829505,426.45,25
1719464829817,426.6,25
1719464830549,430.05,25
1719464830549,430.05,25
1719464831031,432.0,50
1719464831031,432.0,50
1719464833120,434.05,25
1719464833284,432.85,125
1719464834413,433.45,25
1719464835341,431.15,25
1719464835886,429.9,100
1719464836754,428.7,25
1719464836754,428.7,25
1719464840144,430.9,25
1719464841536,431.1,50
1719464842192,430.9,150
1719464842947,430.6,100
1719464843909,433.95,25
1719464844205,432.0,50
1719464844841,431.4,50
1719464845712,432.7,100
1719464845712,432.7,100
1719464850805,432.15,100
1719464851891,433.2,250
1719464852221,433.6,75
1719464852221,433.6,75
1719464854152,436.0,150
1719464854479,436.6,25
1719464855634,434.45,100
1719464855813,434.6,50
1719464856609,435.2,100
1719464856609,435.2,100
1719464857906,437.8,25
1719464858748,438.1,25
1719464860300,437.3,25
1719464860435,437.25,125
1719464860435,437.25,125
1719464861225,436.85,100
1719464862193,434.6,25
1719464863507,433.6,25
1719464863952,432.15,25
1719464864142,431.75,25
1719464864142,431.75,25
1719464866022,431.5,175
1719464866741,433.6,25
1719464867400,435.8,50
1719464867400,435.8,50
1719464867400,435.8,50
1719464868872,437.9,50
1719464869178,438.0,50
1719464869178,438.0,50
1719464871919,435.9,25
1719464872591,435.65,25
1719464872591,435.65,25
1719464873420,435.15,75
1719464875538,438.0,50
1719464876239,438.5,50
1719464876542,440.1,75
1719464877858,438.6,25
1719464877858,438.6,25
1719464878065,437.55,50
1719464878065,437.55,50
1719464880736,435.0,700
1719464880736,435.0,700
1719464880736,435.0,700
1719464881911,434.2,125
1719464882982,435.5,50
1719464883172,434.6,50
1719464883172,434.6,50
1719464885092,433.0,300
1719464885539,432.2,50
1719464885539,432.2,50
1719464886911,432.75,25
1719464887417,434.15,25
1719464887417,434.15,25
1719464889318,434.5,25
1719464889318,434.5,25
1719464890791,433.2,25
1719464890791,433.2,25
1719464891809,430.2,75
1719464892487,430.0,200
1719464892487,430.0,200
1719464892487,430.0,200
1719464894359,427.5,25
1719464894359,427.5,25
1719464895530,430.65,25
1719464895530,430.65,25
1719464895530,430.65,25
1719464898604,427.8,25
1719464898918,429.2,25
1719464898918,429.2,25
1719464900167,428.6,25
1719464900291,428.0,25
1719464900291,428.0,25
1719464900291,428.0,25
1719464904294,430.65,25
1719464905283,434.0,25
1719464905283,434.0,25
1719464906107,436.75,50
1719464906881,438.0,25
1719464906881,438.0,25
1719464906881,438.0,25
1719464910158,440.0,50
1719464910584,443.0,125
1719464910584,443.0,125
1719464911512,440.4,25
1719464911647,440.15,125
1719464912138,441.25,100
1719464912913,439.55,25
1719464913487,440.05,75
1719464914042,441.25,50
1719464914042,441.25,50
1719464915372,437.2,25
1719464915372,437.2,25
1719464917032,433.85,250
1719464917207,436.3,75
1719464918168,434.3,75
1719464918168,434.3,75
1719464919609,437.05,75
1719464919609,437.05,75
1719464919609,437.05,75
1719464922122,434.9,125
1719464922122,434.9,125
1719464922723,434.95,100
1719464922723,434.95,100
1719464922723,434.95,100
1719464925691,434.7,25
1719464925691,434.7,25
1719464925691,434.7,25
1719464925691,434.7,25
1719464925691,434.7,25
1719464925691,434.7,25
1719464931525,433.45,25
1719464931525,433.45,25
1719464931525,433.45,25
1719464934352,431.25,25
1719464934352,431.25,25
1719464934352,431.25,25
1719464936801,430.0,125
1719464936801,430.0,125
1719464937622,429.8,100
1719464937622,429.8,100
1719464937622,429.8,100
1719464939860,434.3,75
1719464941006,435.35,100
1719464941006,435.35,100
1719464942344,436.55,25
1719464942653,435.15,25
1719464942888,434.9,125
1719464942888,434.9,125
1719464942888,434.9,125
1719464942888,434.9,125
1719464947593,434.8,25
1719464947593,434.8,25
1719464947593,434.8,25
1719464947593,434.8,25
1719464950755,430.4,150
1719464950755,430.4,150
1719464952331,427.95,25
1719464952606,428.9,25
1719464953725,429.95,175
1719464953725,429.95,175
1719464953725,429.95,175
1719464953725,429.95,175
1719464957316,432.35,25
1719464958330,432.75,25
1719464958330,432.75,25
1719464959396,432.9,25
1719464959396,432.9,25
1719464959396,432.9,25
1719464959396,432.9,25
1719464962803,430.7,25
1719464962920,431.05,50
1719464962920,431.05,50
1719464964551,431.0,25
1719464964551,431.0,25
1719464964551,431.0,25
1719464966401,432.0,25
1719464966814,432.0,25
1719464966814,432.0,25
1719464967408,432.95,25
1719464967408,432.95,25
1719464968632,432.05,75
1719464969772,430.85,100
1719464969772,430.85,100
1719464969772,430.85,100
1719464972256,430.4,100
1719464972256,430.4,100
1719464973734,431.9,50
1719464973734,431.9,50
1719464976338,430.6,25
1719464976338,430.6,25
1719464976338,430.6,25
1719464979114,430.7,25
1719464979114,430.7,25
1719464981209,429.8,25
1719464981209,429.8,25
1719464982765,429.1,50
1719464982765,429.1,50
1719464982765,429.1,50
1719464985992,430.45,50
1719464986477,430.0,300
1719464986477,430.0,300
1719464986477,430.0,300
1719464989634,428.0,250
1719464989634,428.0,250
1719464989634,428.0,250
1719464991425,427.45,50
1719464992043,427.3,75
1719464992043,427.3,75
1719464992043,427.3,75
1719464992043,427.3,75
1719464992043,427.3,75
1719464992043,427.3,75
1719464999669,427.6,125
1719464999669,427.6,125
1719464999669,427.6,125
1719464999669,427.6,125
1719465002067,429.25,50
1719465002280,429.65,25
1719465002280,429.65,25
1719465002280,429.65,25
1719465002280,429.65,25
1719465007163,430.25,25
1719465007163,430.25,25
1719465007163,430.25,25
1719465009895,427.3,25
1719465009938,427.8,75
1719465010266,428.35,25
1719465010266,428.35,25
1719465011907,428.75,25
1719465011907,428.75,25
1719465013458,427.0,50
1719465013458,427.0,50
1719465013458,427.0,50
1719465015283,426.45,25
1719465015527,426.25,75
1719465015527,426.25,75
1719465017443,425.4,75
1719465017762,427.0,25
1719465017762,427.0,25
1719465017762,427.0,25
1719465017762,427.0,25
1719465017762,427.0,25
1719465023209,424.7,25
1719465024056,425.8,25
1719465024056,425.8,25
1719465032733,428.4,50
1719465034382,427.9,25
1719465044322,427.4,25
1719465046449,429.0,125
1719465046449,429.0,125
1719465047394,429.3,75
1719465047394,429.3,75
1719465047394,429.3,75
1719465047394,429.3,75
1719465051669,431.4,25
1719465051669,431.4,25
1719465052218,431.1,25
1719465052611,430.2,25
1719465052611,430.2,25
1719465054024,434.15,25
