time,price,volume
1719461503707,289.55,75
1719461503707,289.55,75
1719461503707,289.55,75
1719461505743,289.9,25
1719461507225,289.05,100
1719461507225,289.05,100
1719461507960,290.0,75
1719461508618,289.5,25
1719461508618,289.5,25
1719461509090,289.35,25
1719461510363,289.2,25
1719461510363,289.2,25
1719461511714,289.9,25
1719461511714,289.9,25
1719461511714,289.9,25
1719461514480,290.55,50
1719461514963,290.4,25
1719461516580,291.5,25
1719461516726,291.35,25
1719461516726,291.35,25
1719461517667,289.65,25
1719461518889,288.55,25
1719461519409,288.75,25
1719461520187,289.8,50
1719461520808,289.2,25
1719461520808,289.2,25
1719461523020,287.8,275
1719461523020,287.8,275
1719461524154,285.0,25
1719461524516,286.2,25
1719461524516,286.2,25
1719461525850,286.35,50
1719461526866,285.35,50
1719461527202,284.55,50
1719461527540,284.0,25
1719461527540,284.0,25
1719461529141,284.6,25
1719461529332,285.35,25
1719461530114,285.4,200
1719461530114,285.4,200
1719461531503,285.15,25
1719461531904,284.3,25
1719461531904,284.3,25
1719461533766,285.2,25
1719461533766,285.2,25
1719461534016,285.4,25
1719461534742,285.95,25
1719461536535,285.0,25
1719461536535,285.0,25
1719461537618,285.2,25
1719461538557,285.1,25
1719461538557,285.1,25
1719461539640,284.4,25
1719461540468,284.4,25
1719461541182,284.35,100
1719461541798,283.65,50
1719461542579,283.55,25
1719461543476,282.35,25
1719461543476,282.35,25
1719461545343,282.55,25
1719461545343,282.55,25
1719461545800,281.0,50
1719461546152,280.85,25
1719461546720,281.1,25
1719461546720,281.1,25
1719461548728,283.5,25
1719461548859,283.55,50
1719461548859,283.55,50
1719461550370,283.1,25
1719461550370,283.1,25
1719461551522,282.75,25
1719461551757,283.2,25
1719461551757,283.2,25
1719461553601,282.65,50
1719461553968,282.7,50
1719461554591,284.1,25
1719461555509,283.75,25
1719461556092,283.25,125
1719461556092,283.25,125
1719461557904,284.3,25
1719461558636,283.85,25
1719461558636,283.85,25
1719461559482,283.65,25
1719461560583,283.8,25
1719461560583,283.8,25
1719461561977,283.35,150
1719461561977,283.35,150
1719461562259,283.2,25
1719461563114,282.25,25
1719461563114,282.25,25
1719461563114,282.25,25
1719461563114,282.25,25
1719461567364,281.25,25
1719461567841,281.85,25
1719461567841,281.85,25
1719461569842,281.25,25
1719461570262,282.0,25
1719461571415,282.5,25
1719461571938,283.5,25
1719461571938,283.5,25
1719461571938,283.5,25
1719461575481,282.85,25
1719461575898,283.35,25
1719461575898,283.35,25
1719461575898,283.35,25
1719461580019,285.0,100
1719461580019,285.0,100
1719461580019,285.0,100
1719461580019,285.0,100
1719461583136,284.85,200
1719461583136,284.85,200
1719461583136,284.85,200
1719461583136,284.85,200
1719461587883,283.65,25
1719461588360,282.35,25
1719461588360,282.35,25
1719461590275,282.8,25
1719461590275,282.8,25
1719461591088,282.0,25
1719461592021,282.0,25
1719461592382,281.85,25
1719461592623,281.85,25
1719461592623,281.85,25
1719461592623,281.85,25
1719461596488,284.25,25
1719461596488,284.25,25
1719461597963,284.45,25
1719461597963,284.45,25
1719461597963,284.45,25
1719461600707,285.05,50
1719461602032,283.95,275
1719461602032,283.95,275
1719461602032,283.95,275
1719461604599,283.15,25
1719461605583,284.15,25
1719461606435,285.05,50
1719461606435,285.05,50
1719461608225,283.4,75
1719461608867,283.3,25
1719461608867,283.3,25
1719461608867,283.3,25
1719461608867,283.3,25
1719461608867,283.3,25
1719461608867,283.3,25
1719461608867,283.3,25
1719461608867,283.3,25
1719461608867,283.3,25
1719461619912,283.6,25
1719461619912,283.6,25
1719461619912,283.6,25
1719461622573,284.55,25
1719461622573,284.55,25
1719461624467,286.5,25
1719461624517,287.1,25
1719461624517,287.1,25
1719461624517,287.1,25
1719461628753,287.8,25
1719461628753,287.8,25
1719461629962,287.45,25
1719461630634,288.0,125
1719461630634,288.0,125
1719461631152,287.75,50
1719461632349,286.5,400
1719461632349,286.5,400
1719461632349,286.5,400
1719461634752,287.6,425
1719461634752,287.6,425
1719461636683,288.0,25
1719461637067,287.95,50
1719461637067,287.95,50
1719461637067,287.95,50
1719461639355,287.3,25
1719461639867,287.6,100
1719461639867,287.6,100
1719461639867,287.6,100
1719461639867,287.6,100
1719461639867,287.6,100
1719461644266,287.05,50
1719461644266,287.05,50
1719461644266,287.05,50
1719461644266,287.05,50
1719461644266,287.05,50
1719461652470,287.05,125
1719461652921,288.0,550
1719461653299,288.5,25
1719461653299,288.5,25
1719461653299,288.5,25
1719461658225,287.05,50
1719461658225,287.05,50
1719461659955,286.9,25
1719461659955,286.9,25
1719461659955,286.9,25
1719461662882,285.0,25
1719461663699,284.35,50
1719461663699,284.35,50
1719461664292,284.25,25
1719461664292,284.25,25
1719461666099,285.0,25
1719461666099,285.0,25
1719461668051,287.25,550
1719461668308,286.95,75
1719461668308,286.95,75
1719461669815,287.15,50
1719461669815,287.15,50
1719461669815,287.15,50
1719461670929,286.65,75
1719461670929,286.65,75
1719461670929,286.65,75
1719461674477,286.4,50
1719461674695,285.45,25
1719461674695,285.45,25
1719461674695,285.45,25
1719461678307,286.65,100
1719461679145,285.7,50
1719461679145,285.7,50
1719461680421,285.7,25
1719461680421,285.7,25
1719461680421,285.7,25
1719461683833,288.0,100
1719461683833,288.0,100
1719461685648,287.55,25
1719461685648,287.55,25
1719461685648,287.55,25
1719461689499,286.8,25
1719461689578,287.2,50
1719461689578,287.2,50
1719461691000,288.0,100
1719461691951,287.85,25
1719461692289,287.0,175
1719461692289,287.0,175
1719461692289,287.0,175
1719461692289,287.0,175
1719461696955,287.6,25
1719461696955,287.6,25
1719461698864,286.4,25
1719461698864,286.4,25
1719461700067,286.15,50
1719461700409,287.1,50
1719461700409,287.1,50
1719461701143,288.0,100
1719461702610,288.5,25
1719461702610,288.5,25
1719461702924,287.8,25
1719461702924,287.8,25
1719461702924,287.8,25
1719461706467,286.0,250
1719461706467,286.0,250
1719461707882,284.0,25
1719461708100,285.0,200
1719461708797,285.95,100
1719461709603,285.0,250
1719461709603,285.0,250
1719461709603,285.0,250
1719461712816,287.95,250
1719461712816,287.95,250
1719461712816,287.95,250
1719461716161,286.3,25
1719461716161,286.3,25
1719461716161,286.3,25
1719461719944,288.0,25
1719461720371,288.5,75
1719461721525,287.55,75
1719461722615,287.45,25
1719461724121,287.3,125
1719461747393,292.6,50
1719461749459,294.2,50
1719461750004,292.95,25
1719461750422,293.55,50
1719461750422,293.55,50
1719461751689,294.4,25
1719461752593,295.5,50
1719461752593,295.5,50
1719461753707,294.5,75
1719461753707,294.5,75
1719461754552,293.45,50
1719461755312,295.05,100
1719461755312,295.05,100
1719461756557,294.85,25
1719461756920,294.05,25
1719461756920,294.05,25
1719461759019,294.25,50
1719461759019,294.25,50
1719461759312,293.55,50
1719461760344,294.3,25
1719461760344,294.3,25
1719461760344,294.3,25
1719461761182,294.25,50
1719461762243,296.0,225
1719461762243,296.0,225
1719461763945,294.55,25
1719461764271,296.2,100
1719461764271,296.2,100
1719461765689,295.0,25
1719461765689,295.0,25
1719461766544,294.65,50
1719461766544,294.65,50
1719461769321,295.75,25
1719461769719,295.6,25
1719461770231,295.2,25
1719461771517,294.95,75
1719461772690,294.0,25
1719461772738,294.65,25
1719461773930,293.8,25
1719461773930,293.8,25
1719461774631,293.05,275
1719461775688,294.25,50
1719461775688,294.25,50
1719461777383,293.9,125
1719461777760,293.35,25
1719461778244,293.65,75
1719461779321,294.1,50
1719461779321,294.1,50
1719461780138,293.55,300
1719461780138,293.55,300
1719461781196,294.8,25
1719461782311,295.0,50
1719461782311,295.0,50
1719461783433,295.1,225
1719461784055,294.9,50
1719461784055,294.9,50
1719461785653,295.15,25
1719461785653,295.15,25
1719461786825,297.2,25
1719461787737,297.9,25
1719461788571,298.45,25
1719461788899,298.45,25
1719461789772,298.7,175
1719461789772,298.7,175
1719461790698,299.45,25
1719461790698,299.45,25
1719461792145,298.8,75
1719461792631,297.05,125
1719461793795,298.3,150
1719461794343,297.7,100
1719461794637,297.6,25
1719461795600,296.6,25
1719461796616,297.8,50
1719461796616,297.8,50
1719461797846,297.65,50
1719461797846,297.65,50
1719461799902,297.05,25
1719461800403,297.2,100
1719461800403,297.2,100
1719461801619,298.0,50
1719461801619,298.0,50
1719461802885,298.8,25
1719461802885,298.8,25
1719461804592,298.15,25
1719461805118,298.45,75
1719461806628,298.35,25
1719461807491,298.4,25
1719461807491,298.4,25
1719461808155,298.1,50
1719461808155,298.1,50
1719461809432,297.85,25
1719461810794,298.65,50
1719461810872,298.7,25
1719461811182,297.95,375
1719461812569,297.95,25
1719461812802,297.95,50
1719461812802,297.95,50
1719461815094,297.75,275
1719461815931,297.3,25
1719461815931,297.3,25
1719461819275,295.3,25
1719461819864,295.9,25
1719461820198,295.3,100
1719461820563,295.95,25
1719461820563,295.95,25
1719461821741,296.1,175
1719461822400,295.8,25
1719461822400,295.8,25
1719461823343,295.05,250
1719461823343,295.05,250
1719461824741,293.6,50
1719461825460,294.9,25
1719461825460,294.9,25
1719461826733,294.3,25
1719461827683,294.5,25
1719461827683,294.5,25
1719461828484,294.25,50
1719461828900,294.7,25
1719461829624,294.75,25
1719461830807,293.4,50
1719461830807,293.4,50
1719461831680,293.35,25
1719461832150,293.45,400
1719461832150,293.45,400
1719461833318,295.0,100
1719461833318,295.0,100
1719461833318,295.0,100
1719461836145,297.0,25
1719461836145,297.0,25
1719461836145,297.0,25
1719461839674,294.65,25
1719461839674,294.65,25
1719461841957,294.3,25
1719461841957,294.3,25
1719461843509,294.95,25
1719461843986,294.9,25
1719461843986,294.9,25
1719461843986,294.9,25
1719461846094,295.45,25
1719461846094,295.45,25
1719461848300,295.55,25
1719461848300,295.55,25
1719461848300,295.55,25
1719461848300,295.55,25
1719461852021,295.0,50
1719461852021,295.0,50
1719461853409,294.3,25
1719461853409,294.3,25
1719461856020,295.3,75
1719461856464,295.2,25
1719461856464,295.2,25
1719461858158,294.45,25
1719461858158,294.45,25
1719461860194,294.3,25
1719461860423,293.45,25
1719461860423,293.45,25
1719461861964,294.95,25
1719461862358,294.8,25
1719461862358,294.8,25
1719461863667,294.65,25
1719461863667,294.65,25
1719461864603,295.1,50
1719461865180,295.0,50
1719461865925,294.9,25
1719461866909,294.45,25
1719461866909,294.45,25
1719461867922,295.0,100
1719461869304,294.1,25
1719461869304,294.1,25
1719461869981,294.2,25
1719461869981,294.2,25
1719461871119,295.0,50
1719461871570,294.7,150
1719461872271,293.55,25
1719461872271,293.55,25
1719461873613,293.0,25
1719461873613,293.0,25
1719461875099,292.0,25
1719461876078,293.15,25
1719461876078,293.15,25
1719461876517,292.45,25
1719461876517,292.45,25
1719461877924,292.4,50
1719461878340,292.25,25
1719461878340,292.25,25
1719461879875,292.0,125
1719461880117,292.2,25
1719461880117,292.2,25
1719461880117,292.2,25
1719461881874,290.2,25
1719461882101,290.45,25
1719461882101,290.45,25
1719461884429,291.95,25
1719461884456,291.95,25
1719461884456,291.95,25
1719461884456,291.95,25
1719461886864,292.55,100
1719461886864,292.55,100
1719461887849,292.4,25
1719461887849,292.4,25
1719461889561,292.7,850
1719461889727,292.7,25
1719461890228,292.45,25
1719461890228,292.45,25
1719461890228,292.45,25
1719461890228,292.45,25
1719461894843,290.7,50
1719461894843,290.7,50
1719461896228,291.75,150
1719461897632,291.2,50
1719461897632,291.2,50
1719461897632,291.2,50
1719461900508,292.0,50
1719461900508,292.0,50
1719461901980,292.9,50
1719461901980,292.9,50
1719461903333,293.9,25
1719461903333,293.9,25
1719461904668,293.4,125
1719461904668,293.4,125
1719461907129,291.35,25
1719461907329,291.7,25
1719461907329,291.7,25
1719461909187,291.45,25
1719461909187,291.45,25
1719461909187,291.45,25
1719461910964,290.0,25
1719461911577,290.25,25
1719461911577,290.25,25
1719461911577,290.25,25
1719461911577,290.25,25
1719461917038,289.05,75
1719461917038,289.05,75
1719461917038,289.05,75
1719461920871,290.15,25
1719461921210,291.0,25
1719461922533,291.2,25
1719461922910,290.15,100
1719461922910,290.15,100
1719461925767,292.35,25
1719461925767,292.35,25
1719461926947,292.0,25
1719461927586,292.0,25
1719461927586,292.0,25
1719461927926,291.3,25
1719461927926,291.3,25
1719461929857,291.0,25
1719461930197,292.0,25
1719461930197,292.0,25
1719461931407,291.6,75
1719461931407,291.6,75
1719461931407,291.6,75
1719461934921,291.2,25
1719461936151,291.3,25
1719461936151,291.3,25
1719461936577,290.45,25
1719461937687,291.55,25
1719461937687,291.55,25
1719461938148,290.5,25
1719461938148,290.5,25
1719461939941,291.75,25
1719461939941,291.75,25
1719461940785,292.3,100
1719461941165,292.1,25
1719461941529,291.95,25
1719461941529,291.95,25
1719461942903,292.15,25
1719461944160,292.2,25
1719461944494,291.8,25
1719461944494,291.8,25
1719461945139,291.95,25
1719461945139,291.95,25
1719461947860,292.75,25
1719461948332,292.7,25
1719461948332,292.7,25
1719461949596,293.4,25
1719461950822,293.9,25
1719461950822,293.9,25
1719461951773,293.6,25
1719461952764,293.85,25
1719461952764,293.85,25
1719461953672,293.85,25
1719461953672,293.85,25
1719461954889,293.45,25
1719461954932,293.35,75
1719461956187,294.15,25
1719461956187,294.15,25
1719461956187,294.15,25
1719461957805,294.0,200
1719461958798,295.65,25
1719461958798,295.65,25
1719461959767,295.45,25
1719461960685,297.0,1800
1719461960685,297.0,1800
1719461962092,298.2,25
1719461962092,298.2,25
1719461962092,298.2,25
1719461963510,298.85,50
1719461964408,298.0,250
1719461964408,298.0,250
1719461964408,298.0,250
1719461967441,297.9,25
1719461967441,297.9,25
1719461968705,298.3,125
1719461968705,298.3,125
1719461969915,298.45,25
1719461969915,298.45,25
1719461969915,298.45,25
1719461971960,299.1,50
1719461971960,299.1,50
1719461973106,298.75,50
1719461973961,298.3,25
1719461973961,298.3,25
1719461975594,297.6,25
1719461975911,298.65,25
1719461975911,298.65,25
1719461975911,298.65,25
1719461978527,297.6,25
1719461978527,297.6,25
1719461980339,298.55,25
1719461980339,298.55,25
1719461981804,298.0,300
1719461981804,298.0,300
1719461984242,300.0,25
1719461984492,300.0,25
1719461984679,300.05,200
1719461986128,299.4,25
1719461986754,299.8,25
1719461986754,299.8,25
1719461986754,299.8,25
1719461989856,299.05,25
1719461989856,299.05,25
1719461991304,299.1,25
1719461992579,299.95,150
1719461992579,299.95,150
1719461993063,298.85,75
1719461993456,300.0,25
1719461994417,300.0,75
1719461994417,300.0,75
1719461995807,300.0,25
1719461995807,300.0,25
1719461996790,298.6,150
1719461997851,298.5,25
1719461997851,298.5,25
1719461999052,298.65,25
1719461999052,298.65,25
1719461999052,298.65,25
1719461999052,298.65,25
1719462001766,300.0,25
1719462002710,300.4,50
1719462002710,300.4,50
1719462003260,300.0,200
1719462004312,300.0,25
1719462004312,300.0,25
1719462004312,300.0,25
1719462006502,300.8,25
1719462007061,301.2,100
1719462007061,301.2,100
1719462008066,301.7,25
1719462008919,303.0,475
1719462008919,303.0,475
1719462009722,301.45,25
1719462011026,300.9,25
1719462011695,300.95,25
1719462012829,301.45,50
1719462013854,301.5,25
1719462014174,301.65,50
1719462014821,300.95,25
1719462015937,302.0,25
1719462016659,302.1,25
1719462016659,302.1,25
1719462018027,302.25,25
1719462018974,302.85,150
1719462019431,302.25,50
1719462019431,302.25,50
1719462020782,302.85,50
1719462021085,302.75,25
1719462021613,301.7,50
1719462022157,301.25,25
1719462023346,299.65,100
1719462024009,299.65,25
1719462024009,299.65,25
1719462026079,299.6,25
1719462026690,299.75,25
1719462026690,299.75,25
1719462028202,298.65,25
1719462028966,298.85,25
1719462029274,299.15,25
1719462029274,299.15,25
1719462029274,299.15,25
1719462031071,299.75,25
1719462031697,299.8,25
1719462031697,299.8,25
1719462031697,299.8,25
1719462034750,299.55,25
1719462036123,299.6,25
1719462036676,300.65,100
1719462037290,299.85,75
1719462038780,299.35,25
1719462038780,299.35,25
1719462038780,299.35,25
1719462041203,299.85,50
1719462042034,299.6,50
1719462042034,299.6,50
1719462043189,299.45,25
1719462043189,299.45,25
1719462045055,299.0,25
1719462045948,299.35,50
1719462046266,299.45,25
1719462047171,299.8,25
1719462048331,299.95,25
1719462048331,299.95,25
1719462050221,300.65,375
1719462050221,300.65,375
1719462051760,301.25,25
1719462052648,301.75,25
1719462054094,301.8,25
1719462054094,301.8,25
1719462054094,301.8,25
1719462057950,299.55,25
1719462058076,299.65,25
1719462059082,299.5,50
1719462059082,299.5,50
1719462059082,299.5,50
1719462059082,299.5,50
1719462061527,301.0,25
1719462061814,301.8,25
1719462062012,301.4,50
1719462062012,301.4,50
1719462062012,301.4,50
1719462065370,300.0,50
1719462065963,299.7,25
1719462067949,299.0,25
1719462068337,299.9,25
1719462068337,299.9,25
1719462070286,299.0,25
1719462070286,299.0,25
1719462071814,299.55,25
1719462072259,299.0,50
1719462073388,299.65,75
1719462074543,299.5,25
1719462074543,299.5,25
1719462074543,299.5,25
1719462076988,299.95,25
1719462076988,299.95,25
1719462076988,299.95,25
1719462080731,299.15,75
1719462080731,299.15,75
1719462082257,298.95,25
1719462082784,297.0,100
1719462082784,297.0,100
1719462083907,297.55,125
1719462083907,297.55,125
1719462085402,296.75,25
1719462085402,296.75,25
1719462086976,297.45,50
1719462086976,297.45,50
1719462086976,297.45,50
1719462091405,297.45,25
1719462091405,297.45,25
1719462092218,297.6,50
1719462092433,297.4,100
1719462093249,297.55,25
1719462094693,296.75,25
1719462094888,295.55,75
1719462095620,295.85,25
1719462095620,295.85,25
1719462095620,295.85,25
1719462098792,295.5,50
1719462098792,295.5,50
1719462098792,295.5,50
1719462102195,296.5,100
1719462102195,296.5,100
1719462102195,296.5,100
1719462105860,295.95,25
1719462105860,295.95,25
1719462106836,295.4,50
1719462107988,296.2,25
1719462107988,296.2,25
1719462108753,297.45,25
1719462108753,297.45,25
1719462108753,297.45,25
1719462112457,297.1,25
1719462112859,298.0,25
1719462112859,298.0,25
1719462112859,298.0,25
1719462115653,297.2,25
1719462115653,297.2,25
1719462115653,297.2,25
1719462118384,296.4,25
1719462118669,296.0,25
1719462119597,295.0,50
1719462119597,295.0,50
1719462119597,295.0,50
1719462119597,295.0,50
1719462122454,294.0,100
1719462123020,294.95,25
1719462123504,294.1,25
1719462124539,293.9,50
1719462124539,293.9,50
1719462125505,294.25,50
1719462125505,294.25,50
1719462126808,294.3,25
1719462126808,294.3,25
1719462126808,294.3,25
1719462130256,294.45,25
1719462130541,293.35,25
1719462130541,293.35,25
1719462130541,293.35,25
1719462133532,292.9,25
1719462133669,294.4,25
1719462133669,294.4,25
1719462135813,295.1,200
1719462136124,295.4,50
1719462136847,295.6,250
1719462137536,294.3,100
1719462137536,294.3,100
1719462140251,293.35,200
1719462141413,293.25,25
1719462141413,293.25,25
1719462141413,293.25,25
1719462143191,293.15,50
1719462144464,292.65,25
1719462145319,293.35,200
1719462145319,293.35,200
1719462147438,295.3,50
1719462147438,295.3,50
1719462148929,294.55,50
1719462149479,294.15,300
1719462149479,294.15,300
1719462149479,294.15,300
1719462151289,293.85,50
1719462151289,293.85,50
1719462151289,293.85,50
1719462154536,294.05,25
1719462155594,294.2,150
1719462155594,294.2,150
1719462155594,294.2,150
1719462158198,293.9,200
1719462158198,293.9,200
1719462160603,293.8,200
1719462160603,293.8,200
1719462160603,293.8,200
1719462161694,294.05,150
1719462162846,293.65,25
1719462163757,292.35,25
1719462163757,292.35,25
1719462164766,292.05,75
1719462164766,292.05,75
1719462166815,293.3,200
1719462167169,292.9,25
1719462167169,292.9,25
1719462168494,292.6,50
1719462169674,290.5,25
1719462169899,290.7,275
1719462170530,291.3,300
1719462171312,291.3,50
1719462171759,291.3,25
1719462171759,291.3,25
1719462174142,294.0,25
1719462174647,294.25,25
1719462174647,294.25,25
1719462174647,294.25,25
1719462174647,294.25,25
1719462174647,294.25,25
1719462174647,294.25,25
1719462174647,294.25,25
1719462174647,294.25,25
1719462183841,290.7,25
1719462184464,291.25,50
1719462184464,291.25,50
1719462185468,290.9,50
1719462185468,290.9,50
1719462187065,290.0,25
1719462188012,290.65,75
1719462188650,289.8,50
1719462188650,289.8,50
1719462190648,290.4,50
1719462190648,290.4,50
1719462191483,290.4,50
1719462191918,291.25,25
1719462192880,290.85,25
1719462192880,290.85,25
1719462193591,290.85,50
1719462193591,290.85,50
1719462195904,290.65,25
1719462196343,291.25,25
1719462196343,291.25,25
1719462197772,290.65,50
1719462197772,290.65,50
1719462198624,290.05,25
1719462198624,290.05,25
1719462200363,290.75,50
1719462200363,290.75,50
1719462201808,291.65,200
1719462202584,291.7,25
1719462202584,291.7,25
1719462204476,293.1,25
1719462204476,293.1,25
1719462204476,293.1,25
1719462206552,293.35,50
1719462207148,292.9,50
1719462207398,293.35,25
1719462207398,293.35,25
1719462208999,291.7,25
1719462209178,291.6,50
1719462209178,291.6,50
1719462210340,291.95,25
1719462210340,291.95,25
1719462210340,291.95,25
1719462211691,291.0,25
1719462212276,290.9,25
1719462213584,291.75,25
1719462213584,291.75,25
1719462215448,290.9,25
1719462216128,290.7,50
1719462216128,290.7,50
1719462216128,290.7,50
1719462218064,291.4,25
1719462218064,291.4,25
1719462220303,292.4,25
1719462220551,292.2,25
1719462220551,292.2,25
1719462222274,291.5,25
1719462222928,291.5,50
1719462222928,291.5,50
1719462223519,291.35,75
1719462223519,291.35,75
1719462225007,291.25,75
1719462225007,291.25,75
1719462226613,291.95,25
1719462227000,292.3,25
1719462227459,291.25,25
1719462228559,291.55,25
1719462229795,291.25,25
1719462229795,291.25,25
1719462230252,291.5,25
1719462230252,291.5,25
1719462230252,291.5,25
1719462234322,290.8,50
1719462234322,290.8,50
1719462236055,291.5,25
1719462236055,291.5,25
1719462237583,290.4,25
1719462237583,290.4,25
1719462238578,290.1,25
1719462239463,291.15,25
1719462239463,291.15,25
1719462239935,291.3,25
1719462240223,291.3,175
1719462240223,291.3,175
1719462240223,291.3,175
1719462241809,291.95,25
1719462241809,291.95,25
1719462243440,292.25,300
1719462243440,292.25,300
1719462243440,292.25,300
1719462246732,293.45,200
1719462247741,292.1,25
1719462247741,292.1,25
1719462247741,292.1,25
1719462248428,293.35,25
1719462248428,293.35,25
1719462250577,292.6,50
1719462251298,293.0,25
1719462252825,293.1,75
1719462252825,293.1,75
1719462254584,292.85,25
1719462254827,292.7,25
1719462254839,293.4,50
1719462254839,293.4,50
1719462257311,292.6,25
1719462257762,293.0,50
1719462257762,293.0,50
1719462258453,292.2,25
1719462258453,292.2,25
1719462261323,292.5,25
1719462262499,292.7,25
1719462262499,292.7,25
1719462264021,293.45,25
1719462264378,293.35,25
1719462264378,293.35,25
1719462264378,293.35,25
1719462266584,293.3,25
1719462267377,293.75,100
1719462267377,293.75,100
1719462268636,294.15,25
1719462268636,294.15,25
1719462270455,293.8,25
1719462270476,293.8,25
1719462270476,293.8,25
1719462271997,293.7,50
1719462271997,293.7,50
1719462273738,293.4,25
1719462273738,293.4,25
1719462275584,293.8,25
1719462275818,294.15,50
1719462275818,294.15,50
1719462276705,293.95,25
1719462277552,295.2,25
1719462277552,295.2,25
1719462277552,295.2,25
1719462280057,295.05,25
1719462280851,295.55,100
1719462281452,295.95,50
1719462281570,295.85,25
1719462282107,295.9,100
1719462282107,295.9,100
1719462282107,295.9,100
1719462285145,295.15,50
1719462285145,295.15,50
1719462286749,295.6,25
1719462286879,295.05,25
1719462286879,295.05,25
1719462289464,295.15,25
1719462289856,296.5,100
1719462290210,295.8,25
1719462290956,297.0,400
1719462290956,297.0,400
1719462291934,298.1,50
1719462292579,298.45,25
1719462292579,298.45,25
1719462295290,296.2,25
1719462295605,296.25,50
1719462295605,296.25,50
1719462296659,296.35,25
1719462297681,296.65,25
1719462297681,296.65,25
1719462298479,296.85,25
1719462298479,296.85,25
1719462298479,296.85,25
1719462298479,296.85,25
1719462301789,297.65,25
1719462301789,297.65,25
1719462303326,297.55,25
1719462303326,297.55,25
1719462305166,297.6,25
1719462305342,298.0,375
1719462305342,298.0,375
1719462307869,298.15,50
1719462307869,298.15,50
1719462309741,296.4,100
1719462311497,296.8,50
1719462311497,296.8,50
1719462312054,298.6,500
1719462312511,299.8,25
1719462313233,299.95,50
1719462313233,299.95,50
1719462313233,299.95,50
1719462315181,299.3,25
1719462316363,298.6,25
1719462317793,300.0,25
1719462317793,300.0,25
1719462319839,299.55,25
1719462319839,299.55,25
1719462320780,299.5,25
1719462320780,299.5,25
1719462322750,298.15,100
1719462323078,298.85,25
1719462324008,298.9,25
1719462324008,298.9,25
1719462324008,298.9,25
1719462326976,299.4,25
1719462328331,300.0,25
1719462328331,300.0,25
1719462329201,300.0,25
1719462329201,300.0,25
1719462330025,299.4,350
1719462330025,299.4,350
1719462330808,299.95,25
1719462331289,300.2,25
1719462331664,300.0,25
1719462331664,300.0,25
1719462333407,298.4,125
1719462334080,299.5,25
1719462334080,299.5,25
1719462334080,299.5,25
1719462338407,297.65,50
1719462338407,297.65,50
1719462338407,297.65,50
1719462342410,299.55,25
1719462342410,299.55,25
1719462342410,299.55,25
1719462342410,299.55,25
1719462342410,299.55,25
1719462349925,299.25,25
1719462349925,299.25,25
1719462350716,299.55,75
1719462351445,299.05,50
1719462351445,299.05,50
1719462351445,299.05,50
1719462353719,298.65,25
1719462353719,298.65,25
1719462354914,298.4,300
1719462354914,298.4,300
1719462354914,298.4,300
1719462354914,298.4,300
1719462354914,298.4,300
1719462354914,298.4,300
1719462361343,297.4,25
1719462361343,297.4,25
1719462363221,297.3,200
1719462363221,297.3,200
1719462363537,297.4,25
1719462363537,297.4,25
1719462365530,296.65,25
1719462366055,296.75,25
1719462366430,296.7,25
1719462366430,296.7,25
1719462367182,296.0,25
1719462367182,296.0,25
1719462369767,296.75,25
1719462369767,296.75,25
1719462369767,296.75,25
1719462369767,296.75,25
1719462369767,296.75,25
1719462376579,298.0,25
1719462377449,297.75,25
1719462377449,297.75,25
1719462379666,296.75,50
1719462379666,296.75,50
1719462379666,296.75,50
1719462382526,295.9,75
1719462382868,296.6,100
1719462382868,296.6,100
1719462382868,296.6,100
1719462382868,296.6,100
1719462386979,296.95,100
1719462388339,296.6,25
1719462388339,296.6,25
1719462388597,296.6,25
1719462388597,296.6,25
1719462388597,296.6,25
1719462388597,296.6,25
1719462391744,296.45,25
1719462391744,296.45,25
1719462394062,297.0,125
1719462394062,297.0,125
1719462395761,298.0,25
1719462395761,298.0,25
1719462397187,299.0,600
1719462397643,298.7,50
1719462397643,298.7,50
1719462398572,299.0,25
1719462400047,301.1,50
1719462400142,301.4,75
1719462400835,303.55,75
1719462400835,303.55,75
1719462401926,304.4,25
1719462403281,305.0,50
1719462403281,305.0,50
1719462403987,304.95,75
1719462405002,303.85,50
1719462405002,303.85,50
1719462406224,303.65,25
1719462406496,303.85,25
1719462407140,305.0,50
1719462408358,306.2,125
1719462408418,307.3,100
1719462408607,307.1,175
1719462409846,306.2,25
1719462410706,307.1,50
1719462410706,307.1,50
1719462412273,307.8,25
1719462412439,308.2,25
1719462413259,308.15,100
1719462413579,307.0,50
1719462415043,309.25,25
1719462415341,310.6,25
1719462416196,310.4,50
1719462416551,310.85,75
1719462417287,312.2,25
1719462418141,311.6,25
1719462418385,312.55,25
1719462419166,312.9,50
1719462420073,312.3,25
1719462420412,314.0,100
1719462421203,314.8,50
1719462421660,315.5,25
1719462422232,317.0,25
1719462423456,316.65,25
1719462423575,316.85,25
1719462424401,316.65,25
1719462425073,316.2,1150
1719462425490,316.2,25
1719462426498,315.25,25
1719462426600,314.95,25
1719462427290,316.15,25
1719462428452,314.8,25
1719462429115,316.0,25
1719462429581,315.6,25
1719462431095,314.95,25
1719462431590,316.7,25
1719462432338,315.95,25
1719462432988,314.7,25
1719462432988,314.7,25
1719462433930,315.0,25
1719462435107,316.5,25
1719462435692,316.7,25
1719462435692,316.7,25
1719462436993,316.3,25
1719462438111,317.2,75
1719462438406,317.35,75
1719462438629,316.7,50
1719462439809,316.4,400
1719462440345,315.0,25
1719462440578,315.0,300
1719462441582,316.25,25
1719462441762,316.5,75
1719462443190,315.6,50
1719462443190,315.6,50
1719462443549,316.15,100
1719462443549,316.15,100
1719462445214,317.0,25
1719462445972,317.85,25
1719462446507,317.0,25
1719462446507,317.0,25
1719462447718,316.5,25
1719462447718,316.5,25
1719462447718,316.5,25
1719462447718,316.5,25
1719462450849,315.0,25
1719462451762,315.7,75
1719462451974,315.95,25
1719462452396,315.0,175
1719462452396,315.0,175
1719462453979,315.7,50
1719462455161,315.2,25
1719462455161,315.2,25
1719462457514,316.1,25
1719462457708,315.35,50
1719462458501,314.75,25
1719462458501,314.75,25
1719462460056,316.0,50
1719462460056,316.0,50
1719462461157,315.75,25
1719462461157,315.75,25
1719462462188,316.6,125
1719462462807,317.0,125
1719462462807,317.0,125
1719462464566,316.85,25
1719462465128,317.25,75
1719462466313,319.0,100
1719462466496,319.85,125
1719462467078,320.0,50
1719462468562,321.0,25
1719462468766,320.55,50
1719462469832,321.4,25
1719462471179,321.95,50
1719462471470,321.6,125
1719462472372,324.1,25
1719462473181,325.0,25
1719462473522,324.4,50
1719462474094,324.2,50
1719462475048,323.45,50
1719462475213,323.25,50
1719462475485,324.2,225
1719462476689,326.0,100
1719462477264,326.0,25
1719462478233,325.1,25
1719462478595,324.35,25
1719462478595,324.35,25
1719462479536,323.7,25
1719462480432,325.65,25
1719462481079,327.9,25
1719462481079,327.9,25
1719462482225,329.25,25
1719462482952,329.7,75
1719462483517,328.95,250
1719462483517,328.95,250
1719462485121,329.25,425
1719462485418,330.5,25
1719462485527,329.9,25
1719462486451,328.35,125
1719462486451,328.35,125
1719462488511,326.95,25
1719462489169,327.85,25
1719462489603,328.55,25
1719462489603,328.55,25
1719462491530,328.35,50
1719462491985,328.95,50
1719462491985,328.95,50
1719462493307,327.75,50
1719462493307,327.75,50
1719462494384,327.3,25
1719462494835,327.3,75
1719462494835,327.3,75
1719462495995,326.45,50
1719462497007,327.0,275
1719462497007,327.0,275
1719462498410,326.95,200
1719462498470,327.05,25
1719462498933,326.45,50
1719462499837,323.45,25
1719462499837,323.45,25
1719462500849,324.35,25
1719462501312,325.4,25
1719462501312,325.4,25
1719462503357,325.45,25
1719462503357,325.45,25
1719462503837,325.55,25
1719462505436,327.05,50
1719462505436,327.05,50
1719462506495,328.05,100
1719462506495,328.05,100
1719462507479,328.25,50
1719462508129,329.15,50
1719462508499,328.0,75
1719462508929,328.1,25
1719462509984,328.0,25
1719462509984,328.0,25
1719462510810,327.35,25
1719462512033,328.55,25
1719462512033,328.55,25
1719462513154,330.0,100
1719462513598,329.2,25
1719462513598,329.2,25
1719462514556,330.0,25
1719462516113,328.7,25
1719462516880,328.7,125
1719462517133,329.75,25
1719462518645,328.0,25
1719462518792,327.5,25
1719462519014,327.95,25
1719462519512,328.0,50
1719462519512,328.0,50
1719462520944,328.0,200
1719462521887,326.4,25
1719462522638,326.25,25
1719462523611,325.75,100
1719462523611,325.75,100
1719462525114,325.7,25
1719462525737,325.95,150
1719462526553,326.15,25
1719462527217,325.8,200
1719462527665,325.7,25
1719462528470,325.0,25
1719462529183,324.9,50
1719462530192,323.95,50
1719462531191,325.0,25
1719462531927,325.6,25
1719462532360,324.7,25
1719462533069,325.3,25
1719462533617,324.65,50
1719462533750,324.55,125
1719462535276,324.9,25
1719462535276,324.9,25
1719462535276,324.9,25
1719462537346,326.4,25
1719462538343,325.85,50
1719462538343,325.85,50
1719462539001,326.3,25
1719462540095,327.9,25
1719462540095,327.9,25
1719462541791,327.15,25
1719462541791,327.15,25
1719462541791,327.15,25
1719462544018,327.3,75
1719462544018,327.3,75
1719462545207,327.0,50
1719462545244,327.1,25
1719462546118,327.1,25
1719462546118,327.1,25
1719462547282,325.6,25
1719462547282,325.6,25
1719462548970,326.75,25
1719462549388,327.0,25
1719462549388,327.0,25
1719462549388,327.0,25
1719462553668,327.05,25
1719462553668,327.05,25
1719462554306,327.45,25
1719462554570,327.4,25
1719462554570,327.4,25
1719462555420,328.35,25
1719462555420,328.35,25
1719462557558,328.5,100
1719462557558,328.5,100
1719462558975,329.4,25
1719462559183,328.85,25
1719462559398,329.0,25
1719462559398,329.0,25
1719462561859,330.0,100
1719462561859,330.0,100
1719462562509,330.0,500
1719462563172,328.4,100
1719462563172,328.4,100
1719462564507,328.4,25
1719462564507,328.4,25
1719462566001,329.2,50
1719462566001,329.2,50
1719462567822,329.0,100
1719462567822,329.0,100
1719462570184,329.75,50
1719462570184,329.75,50
1719462570184,329.75,50
1719462570611,329.55,25
1719462571572,330.0,25
1719462571572,330.0,25
1719462572933,329.2,25
1719462572933,329.2,25
1719462574193,329.25,25
1719462574811,330.15,25
1719462575487,329.7,175
1719462575929,328.9,75
1719462576650,328.45,25
1719462577397,328.2,25
1719462578133,326.75,25
1719462578133,326.75,25
1719462579270,327.0,50
1719462580111,326.5,25
1719462581085,326.8,25
1719462581085,326.8,25
1719462582415,326.9,25
1719462582452,326.0,75
1719462583556,327.0,25
1719462584227,326.85,25
1719462584730,328.45,25
1719462584730,328.45,25
1719462585619,328.55,25
1719462586597,329.05,25
1719462586597,329.05,25
1719462587760,329.1,200
1719462587760,329.1,200
1719462588873,328.75,25
1719462590081,329.3,50
1719462590276,328.85,150
1719462590774,329.5,25
1719462590774,329.5,25
1719462592100,329.1,150
1719462593454,328.35,25
1719462593599,328.65,75
1719462594079,328.65,50
1719462594966,328.4,25
1719462594966,328.4,25
1719462596063,328.5,50
1719462596063,328.5,50
1719462597158,328.45,50
1719462598646,329.05,75
1719462598646,329.05,75
1719462599236,328.95,25
1719462600382,331.0,25
1719462600431,331.1,25
1719462600501,330.3,300
1719462601335,332.75,175
1719462601335,332.75,175
1719462603361,330.5,75
1719462603361,330.5,75
1719462603823,330.5,25
1719462604883,329.1,25
1719462604883,329.1,25
1719462606455,329.75,75
1719462606455,329.75,75
1719462606455,329.75,75
1719462607781,330.15,50
1719462607781,330.15,50
1719462609291,330.25,25
1719462610056,329.15,25
1719462610432,329.7,175
1719462610798,329.05,25
1719462611495,329.8,25
1719462611495,329.8,25
1719462612986,330.0,50
1719462614246,329.15,50
1719462615287,331.05,25
1719462616679,329.75,25
1719462616935,329.85,200
1719462617365,330.2,75
1719462618150,329.85,100
1719462618150,329.85,100
1719462618675,329.0,50
1719462620128,328.0,75
1719462620696,328.05,50
1719462620696,328.05,50
1719462622652,326.8,25
1719462622687,326.8,25
1719462623584,326.85,25
1719462623719,326.65,25
1719462625103,326.0,25
1719462625103,326.0,25
1719462626096,326.6,50
1719462626816,326.85,50
1719462626816,326.85,50
1719462628205,328.5,250
1719462628538,328.25,25
1719462628872,328.6,25
1719462629623,328.25,25
1719462629623,328.25,25
1719462630816,328.35,25
1719462631679,328.9,25
1719462631679,328.9,25
1719462633083,330.0,25
1719462633292,329.7,50
1719462634270,331.0,75
1719462635491,330.9,50
1719462636393,331.35,50
1719462636393,331.35,50
1719462637246,330.95,25
1719462637796,331.3,25
1719462638309,332.0,50
1719462639191,332.05,50
1719462640038,330.45,50
1719462640038,330.45,50
1719462641448,331.1,25
1719462641448,331.1,25
1719462642662,330.3,75
1719462642662,330.3,75
1719462644039,328.95,25
1719462644256,329.1,25
1719462644899,330.0,25
1719462646412,331.6,50
1719462646902,331.4,25
1719462647232,332.0,100
1719462648215,331.35,25
1719462648399,331.25,50
1719462648399,331.25,50
1719462650316,330.4,50
1719462650316,330.4,50
1719462653457,331.65,25
1719462653457,331.65,25
1719462653694,331.8,50
1719462654963,331.05,100
1719462654963,331.05,100
1719462655835,331.05,25
1719462655835,331.05,25
1719462657157,331.8,25
1719462657931,333.2,25
1719462657931,333.2,25
1719462659344,334.1,25
1719462660488,336.45,25
1719462661229,335.65,25
1719462661960,336.7,75
1719462662452,336.95,25
1719462663526,337.8,25
1719462704932,342.2,50
1719462706382,340.95,50
1719462706904,341.35,50
1719462707210,342.4,200
1719462708159,341.1,25
1719462708159,341.1,25
1719462709322,341.5,25
1719462710041,341.7,25
1719462710041,341.7,25
1719462710650,340.65,25
1719462711628,343.0,1400
1719462712623,343.0,25
1719462713312,343.0,475
1719462713770,343.0,200
1719462714259,345.0,25
1719462715272,344.5,75
1719462716267,344.25,700
1719462716267,344.25,700
1719462717433,344.5,25
1719462718488,345.0,50
1719462718741,345.3,50
1719462719233,345.85,275
1719462720382,345.75,25
1719462720382,345.75,25
1719462721057,347.0,50
1719462722159,349.65,925
1719462722159,349.65,925
1719462723131,351.05,75
1719462723714,349.95,100
1719462724246,350.75,25
1719462725330,349.2,25
1719462725330,349.2,25
1719462726727,350.0,50
1719462726764,350.0,50
1719462727445,348.35,25
1719462728005,349.15,50
1719462728431,348.65,25
1719462729506,349.0,25
1719462730289,348.75,50
1719462731715,350.05,25
1719462732194,349.0,50
1719462732425,349.9,100
1719462733492,349.35,50
1719462733492,349.35,50
1719462734495,349.2,75
1719462735206,348.8,50
1719462735206,348.8,50
1719462736113,349.55,25
1719462737080,348.1,25
1719462737080,348.1,25
1719462737080,348.1,25
1719462738821,348.9,25
1719462738973,349.2,25
1719462740392,348.5,25
1719462740392,348.5,25
1719462742662,348.25,25
1719462743308,348.4,100
1719462743696,348.8,50
1719462743926,348.1,25
1719462745275,348.0,125
1719462745410,348.2,50
1719462745927,348.0,25
1719462746496,348.0,200
1719462746496,348.0,200
1719462747968,348.0,25
1719462748741,348.0,425
1719462749093,348.2,25
1719462750366,347.05,75
1719462750366,347.05,75
1719462750755,347.3,50
1719462752327,348.6,50
1719462752920,348.95,50
1719462753620,349.55,50
1719462754459,348.45,50
1719462755616,347.8,25
1719462755973,347.8,25
1719462756739,348.5,50
1719462757547,348.65,25
1719462757966,348.75,25
1719462757966,348.75,25
1719462760011,347.85,25
1719462760320,347.9,125
1719462760560,347.8,475
1719462760984,347.9,100
1719462762018,347.25,25
1719462762018,347.25,25
1719462763240,348.1,25
1719462763240,348.1,25
1719462764669,346.75,25
1719462765464,346.45,50
1719462765464,346.45,50
1719462766119,347.25,25
1719462766119,347.25,25
1719462767354,346.35,50
1719462768076,346.05,50
1719462768856,346.0,25
1719462769367,346.15,25
1719462770160,347.0,25
1719462770160,347.0,25
1719462771736,350.0,25
1719462771736,350.0,25
1719462773440,351.65,25
1719462773637,352.4,25
1719462773637,352.4,25
1719462775370,351.05,50
1719462775370,351.05,50
1719462776598,350.0,25
1719462777064,349.65,250
1719462778209,350.5,25
1719462778209,350.5,25
1719462779545,350.0,25
1719462779545,350.0,25
1719462779545,350.0,25
1719462781666,353.25,200
1719462781975,353.3,250
1719462782322,352.35,50
1719462783034,353.6,25
1719462783505,353.9,150
1719462784184,354.25,50
1719462785101,354.35,75
1719462785645,353.55,25
1719462786414,353.6,150
1719462786822,353.8,50
1719462787428,354.25,25
1719462788542,354.2,25
1719462788844,354.05,25
1719462788844,354.05,25
1719462790545,355.55,25
1719462790545,355.55,25
1719462791220,355.45,25
1719462791693,355.1,25
1719462791693,355.1,25
1719462793013,354.35,25
1719462793855,353.4,25
1719462793911,354.3,75
1719462795058,354.85,150
1719462795058,354.85,150
1719462796036,354.05,25
1719462796896,353.15,50
1719462797444,353.75,25
1719462798356,352.1,25
1719462798356,352.1,25
1719462800487,353.6,50
1719462800708,355.0,25
1719462801551,354.75,25
1719462801551,354.75,25
1719462803130,355.0,25
1719462803571,354.25,75
1719462803571,354.25,75
1719462804316,354.85,25
1719462805265,353.75,25
1719462805265,353.75,25
1719462806408,353.7,350
1719462806858,352.65,25
1719462808555,351.25,100
1719462808809,352.7,25
1719462809372,351.45,150
1719462810325,350.35,25
1719462810572,350.85,50
1719462810572,350.85,50
1719462811209,350.25,100
1719462812290,348.0,25
1719462812290,348.0,25
1719462813294,348.95,50
1719462813926,351.1,25
1719462814383,348.95,50
1719462815172,347.8,25
1719462815172,347.8,25
1719462816094,348.9,25
1719462817312,348.7,75
1719462817312,348.7,75
1719462818016,346.8,25
1719462818549,348.05,25
1719462818549,348.05,25
1719462819796,345.75,50
1719462820694,345.5,100
1719462820694,345.5,100
1719462822248,345.0,50
1719462822540,345.3,25
1719462823387,346.3,125
1719462823937,346.65,50
1719462824265,346.2,25
1719462825327,345.75,25
1719462825632,346.8,25
1719462826513,346.3,25
1719462827071,346.25,125
1719462827071,346.25,125
1719462828741,346.0,25
1719462828864,345.8,25
1719462828864,345.8,25
1719462830477,347.35,50
1719462830477,347.35,50
1719462831189,346.55,25
1719462832307,346.8,25
1719462832718,347.9,75
1719462832718,347.9,75
1719462834374,346.85,100
1719462834374,346.85,100
1719462836720,347.5,25
1719462837354,347.05,50
1719462838803,347.45,100
1719462839732,349.45,25
1719462839943,349.5,25
1719462839943,349.5,25
1719462839943,349.5,25
1719462840917,348.5,50
1719462842287,349.7,25
1719462842287,349.7,25
1719462843782,349.0,25
1719462843982,349.05,25
1719462843982,349.05,25
1719462845230,350.0,500
1719462846350,349.75,275
1719462847076,348.9,25
1719462847806,348.45,50
1719462847806,348.45,50
1719462847806,348.45,50
1719462850863,348.85,75
1719462851804,350.0,50
1719462851804,350.0,50
1719462853147,348.75,50
1719462853147,348.75,50
1719462854728,349.1,25
1719462855626,349.6,25
1719462856568,348.4,50
1719462856806,348.2,25
1719462856806,348.2,25
1719462857851,348.2,25
1719462858970,348.0,25
1719462859087,348.0,25
1719462859087,348.0,25
1719462860834,348.25,25
1719462861172,348.4,50
1719462862383,349.2,25
1719462862474,349.05,50
1719462863266,349.9,50
1719462863266,349.9,50
1719462864376,350.0,25
1719462865527,351.0,25
1719462865527,351.0,25
1719462866175,349.9,25
1719462867015,349.6,25
1719462868322,350.2,25
1719462868322,350.2,25
1719462869347,348.8,25
1719462985711,352.35,25
1719462985711,352.35,25
1719462987203,351.95,25
1719462988366,351.15,25
1719463009258,352.1,225
1719463009258,352.1,225
1719463010125,351.75,25
1719463010125,351.75,25
1719463011508,352.35,25
1719463011508,352.35,25
1719463011508,352.35,25
1719463015101,352.15,25
1719463015101,352.15,25
1719463015101,352.15,25
1719463017693,352.0,50
1719463017922,353.0,25
1719463017922,353.0,25
1719463019566,353.75,25
1719463020184,354.0,100
1719463021007,354.85,25
1719463021255,355.4,25
1719463022175,356.0,250
1719463022175,356.0,250
1719463022175,356.0,250
1719463102282,352.95,150
1719463106196,352.55,50
1719463107625,352.7,25
1719463108382,352.4,25
1719463108382,352.4,25
1719463109725,351.8,25
1719463110010,351.4,250
1719463110010,351.4,250
1719463110010,351.4,250
1719463110010,351.4,250
1719463114275,352.1,125
1719463115177,351.6,25
1719463115177,351.6,25
1719463116413,351.95,225
1719463117346,351.4,25
1719463117346,351.4,25
1719463118470,352.85,25
1719463118470,352.85,25
1719463119407,352.6,25
1719463119836,352.0,25
1719463120831,353.15,50
1719463121440,355.0,25
1719463121440,355.0,25
1719463121440,355.0,25
1719463125081,355.15,50
1719463125939,355.95,25
1719463127774,358.55,100
1719463127774,358.55,100
1719463127774,358.55,100
1719463129426,354.6,50
1719463129426,354.6,50
1719463131559,353.15,50
1719463132426,353.95,50
1719463132426,353.95,50
1719463133712,354.65,50
1719463133712,354.65,50
1719463136765,354.9,25
1719463136765,354.9,25
1719463138756,354.05,25
1719463138756,354.05,25
1719463238592,355.15,25
1719463238592,355.15,25
1719463239567,354.3,25
1719463320537,359.15,25
1719463321250,360.0,25
1719463321250,360.0,25
1719463322605,360.8,25
1719463322944,361.3,25
1719463324306,360.85,25
1719463324306,360.85,25
1719463326694,361.3,25
1719463327517,360.3,50
1719463327828,360.3,275
1719463327828,360.3,275
1719463327828,360.3,275
1719463330040,360.0,25
1719463330583,360.1,50
1719463331234,360.45,125
1719463331234,360.45,125
1719463331234,360.45,125
1719463333103,359.7,200
1719463334685,360.7,25
1719463335260,359.95,25
1719463335260,359.95,25
1719463336773,359.6,25
1719463336773,359.6,25
1719463338630,360.85,25
1719463339561,359.75,25
1719463340510,359.7,75
1719463340510,359.7,75
1719463342376,360.05,25
1719463343016,359.6,25
1719463343159,360.45,200
1719463344472,359.4,25
1719463344472,359.4,25
1719463346587,360.1,25
1719463346874,360.05,25
1719463347978,359.4,25
1719463348761,358.6,250
1719463349584,359.4,25
1719463349584,359.4,25
1719463349584,359.4,25
1719463350701,360.65,25
1719463350701,360.65,25
1719463351556,359.5,25
1719463351556,359.5,25
1719463354123,360.25,25
1719463354703,360.35,25
1719463355837,361.3,25
1719463356087,361.2,100
1719463356867,361.95,25
1719463357825,362.45,25
1719463358089,362.55,25
1719463358790,362.85,25
1719463358790,362.85,25
1719463359907,363.2,25
1719463360570,364.15,25
1719463360570,364.15,25
1719463362171,363.6,25
1719463362591,363.5,25
1719463363545,362.9,25
1719463364386,363.9,25
1719463365066,363.25,25
1719463366159,363.7,50
1719463366557,363.4,25
1719463367615,363.35,25
1719463368057,362.5,25
1719463368459,363.75,25
1719463369709,364.45,25
1719463369709,364.45,25
1719463370531,363.55,25
1719463371111,364.35,25
1719463371680,363.85,25
1719463372226,363.9,25
1719463372226,363.9,25
1719463373439,364.1,25
1719463373991,365.0,25
1719463376272,364.7,25
1719463377189,364.3,25
1719463377327,364.3,25
1719463377874,364.45,150
1719463378247,364.1,25
1719463379631,363.0,150
1719463379631,363.0,150
1719463379631,363.0,150
1719463380985,361.95,225
1719463380985,361.95,225
1719463383128,361.5,25
1719463383128,361.5,25
1719463383557,361.0,25
1719463384649,360.25,25
1719463384649,360.25,25
1719463384649,360.25,25
1719463384649,360.25,25
1719463388463,361.1,25
1719463388463,361.1,25
1719463388463,361.1,25
1719463391534,359.4,25
1719463391534,359.4,25
1719463393577,360.35,25
1719463393577,360.35,25
1719463395863,359.1,150
1719463395863,359.1,150
1719463395863,359.1,150
1719463397825,359.6,50
1719463397956,358.8,50
1719463399367,359.1,25
1719463399663,359.4,25
1719463400880,359.15,25
1719463400880,359.15,25
1719463401187,358.5,25
1719463401973,358.55,25
1719463401973,358.55,25
1719463403630,358.7,25
1719463404319,357.2,25
1719463404319,357.2,25
1719463405624,358.5,50
1719463405624,358.5,50
1719463406278,358.45,50
1719463407466,355.0,50
1719463407466,355.0,50
1719463408659,355.0,100
1719463408659,355.0,100
1719463409630,355.0,75
1719463410324,354.5,25
1719463410324,354.5,25
1719463411130,354.15,25
1719463411130,354.15,25
1719463412621,354.95,25
1719463412621,354.95,25
1719463412989,354.55,25
1719463414232,354.8,100
1719463414682,354.8,25
1719463415674,354.8,25
1719463415674,354.8,25
1719463416325,354.65,25
1719463417666,354.5,25
1719463417666,354.5,25
1719463418781,354.55,25
1719463419357,354.45,25
1719463419357,354.45,25
1719463420213,353.75,25
1719463420213,353.75,25
1719463422001,355.05,25
1719463422465,353.0,25
1719463422465,353.0,25
1719463423598,351.85,225
1719463423598,351.85,225
1719463425103,353.4,25
1719463425705,353.15,25
1719463426031,352.95,25
1719463426581,351.35,25
1719463427711,351.75,125
1719463428712,346.3,25
1719463429169,347.1,50
1719463429909,346.65,25
1719463430625,348.1,25
1719463431131,347.95,25
1719463431818,348.1,25
1719463432811,344.65,25
1719463433126,344.8,75
1719463433657,345.4,50
1719463434409,345.05,100
1719463434885,344.45,100
1719463435905,345.9,25
1719463436231,345.25,25
1719463437100,345.6,25
1719463437543,345.9,25
1719463438104,346.05,25
1719463439010,345.1,25
1719463439879,346.9,25
1719463440320,346.15,25
1719463440320,346.15,25
1719463441078,347.05,25
1719463441078,347.05,25
1719463441078,347.05,25
1719463444089,347.85,25
1719463444089,347.85,25
1719463445886,347.95,100
1719463445886,347.95,100
1719463446516,348.85,25
1719463447798,349.4,50
1719463447798,349.4,50
1719463448729,348.5,25
1719463448729,348.5,25
1719463450115,348.35,25
1719463450789,347.9,50
1719463451114,347.75,75
1719463451600,348.4,25
1719463451600,348.4,25
1719463453343,349.9,25
1719463453559,348.5,50
1719463453559,348.5,50
1719463454917,350.0,150
1719463455068,350.0,250
1719463455860,349.7,25
1719463455860,349.7,25
1719463455860,349.7,25
1719463458209,349.9,100
1719463458847,350.15,25
1719463459368,349.3,25
1719463459368,349.3,25
1719463460325,348.5,25
1719463460863,348.0,25
1719463460863,348.0,25
1719463462577,347.85,25
1719463463898,348.4,25
1719463464198,348.8,25
1719463464198,348.8,25
1719463465303,348.75,25
1719463465303,348.75,25
1719463466934,348.4,150
1719463467733,348.5,25
1719463467733,348.5,25
1719463468364,349.4,25
1719463468782,349.9,25
1719463468782,349.9,25
1719463470411,351.35,125
1719463470411,351.35,125
1719463471056,352.0,150
1719463471779,352.35,25
1719463471779,352.35,25
1719463473081,352.35,25
1719463473256,351.8,25
1719463474466,352.55,25
1719463475029,352.35,75
1719463475029,352.35,75
1719463475029,352.35,75
1719463478091,351.6,25
1719463478091,351.6,25
1719463478091,351.6,25
1719463478091,351.6,25
1719463478091,351.6,25
1719463478091,351.6,25
1719463478091,351.6,25
1719463478091,351.6,25
1719463478091,351.6,25
1719463491765,348.1,25
1719463491765,348.1,25
1719463493232,348.0,25
1719463493720,347.6,25
1719463494520,347.65,25
1719463495634,347.9,75
1719463495634,347.9,75
1719463495634,347.9,75
1719463498998,347.6,200
1719463498998,347.6,200
1719463498998,347.6,200
1719463498998,347.6,200
1719463501577,349.05,25
1719463501577,349.05,25
1719463503649,348.85,25
1719463504013,347.9,25
1719463504013,347.9,25
1719463506140,345.05,25
1719463506140,345.05,25
1719463506792,346.15,25
1719463507698,346.4,25
1719463507698,346.4,25
1719463507698,346.4,25
1719463511592,346.0,25
1719463512951,345.85,25
1719463513955,346.3,25
1719463513955,346.3,25
1719463516110,345.05,100
1719463516110,345.05,100
1719463516372,345.45,25
1719463517908,345.75,25
1719463517908,345.75,25
1719463518577,345.6,200
1719463519311,345.9,25
1719463519311,345.9,25
1719463520708,346.7,25
1719463521032,347.65,50
1719463522080,348.1,25
1719463522080,348.1,25
1719463523744,349.0,25
1719463523744,349.0,25
1719463525155,350.0,25
1719463525495,349.6,25
1719463525495,349.6,25
1719463526673,350.0,50
1719463526673,350.0,50
1719463528853,350.25,25
1719463529458,350.3,25
1719463529458,350.3,25
1719463530347,351.0,25
1719463530347,351.0,25
1719463530347,351.0,25
1719463530347,351.0,25
1719463533435,351.25,50
1719463534753,352.7,50
1719463535812,352.8,25
1719463536015,352.7,125
1719463536454,353.4,25
1719463537481,354.6,200
1719463537481,354.6,200
1719463539091,354.6,50
1719463539091,354.6,50
1719463539091,354.6,50
1719463539091,354.6,50
1719463543014,354.15,25
1719463543014,354.15,25
1719463546193,354.85,200
1719463546193,354.85,200
1719463547635,354.9,25
1719463547907,355.5,25
1719463547907,355.5,25
1719463547907,355.5,25
1719463549887,356.8,25
1719463549887,356.8,25
1719463551598,355.5,75
1719463551598,355.5,75
1719463554301,355.35,75
1719463554301,355.35,75
1719463554301,355.35,75
1719463557433,353.5,25
1719463557433,353.5,25
1719463559632,355.0,25
1719463560464,353.75,25
1719463560802,354.45,50
1719463561336,354.35,100
1719463562013,353.35,25
1719463562013,353.35,25
1719463562013,353.35,25
1719463563453,353.8,25
1719463564541,352.55,25
1719463564541,352.55,25
1719463565584,352.55,25
1719463566273,352.55,25
1719463566564,352.55,125
1719463567584,352.0,25
1719463567584,352.0,25
1719463567584,352.0,25
1719463568679,352.1,25
1719463569557,352.0,25
1719463571396,351.65,25
1719463571997,352.0,25
1719463572959,352.25,25
1719463572959,352.25,25
1719463574626,351.6,25
1719463575772,351.4,250
1719463575772,351.4,250
1719463576756,351.55,25
1719463576756,351.55,25
1719463576756,351.55,25
1719463580939,350.5,25
1719463580939,350.5,25
1719463582544,350.0,250
1719463582544,350.0,250
1719463583750,349.3,125
1719463583750,349.3,125
1719463583750,349.3,125
1719463587050,350.15,50
1719463587050,350.15,50
1719463587050,350.15,50
1719463590198,349.25,25
1719463590198,349.25,25
1719463590198,349.25,25
1719463590198,349.25,25
1719463593372,349.0,100
1719463593372,349.0,100
1719463596292,349.0,275
1719463598224,348.75,50
1719463598224,348.75,50
1719463600116,348.35,25
1719463600116,348.35,25
1719463602875,349.45,75
1719463602875,349.45,75
1719463604095,351.15,25
1719463604095,351.15,25
1719463605120,353.05,75
1719463606103,352.4,25
1719463606303,352.9,25
1719463606303,352.9,25
1719463607714,353.1,50
1719463607714,353.1,50
1719463608532,352.75,25
1719463608532,352.75,25
1719463610211,351.05,25
1719463611075,350.9,25
1719463611389,350.9,25
1719463611389,350.9,25
1719463612940,351.55,50
1719463612940,351.55,50
1719463612940,351.55,50
1719463616629,351.45,25
1719463617530,351.7,25
1719463617530,351.7,25
1719463617530,351.7,25
1719463617530,351.7,25
1719463617530,351.7,25
1719463622115,349.0,25
1719463622597,349.3,25
1719463622597,349.3,25
1719463622597,349.3,25
1719463622597,349.3,25
1719463629240,349.4,25
1719463629545,349.4,25
1719463629545,349.4,25
1719463630747,349.95,75
1719463630747,349.95,75
1719463630747,349.95,75
1719463633785,350.65,50
1719463633785,350.65,50
1719463635067,350.65,50
1719463635067,350.65,50
1719463635067,350.65,50
1719463639353,351.4,25
1719463639840,351.3,25
1719463639840,351.3,25
1719463640741,352.25,25
1719463640741,352.25,25
1719463641668,352.5,25
1719463642593,352.5,25
1719463644620,352.65,25
1719463644620,352.65,25
1719463645250,353.0,25
1719463645592,352.8,25
1719463645592,352.8,25
1719463645592,352.8,25
1719463649316,350.65,25
1719463649316,350.65,25
1719463649316,350.65,25
1719463651128,350.5,25
1719463651128,350.5,25
1719463651128,350.5,25
1719463654358,349.6,25
1719463654730,349.5,25
1719463654730,349.5,25
1719463655816,349.3,100
1719463655816,349.3,100
1719463655816,349.3,100
1719463658259,348.25,50
1719463658259,348.25,50
1719463658259,348.25,50
1719463658259,348.25,50
1719463658259,348.25,50
1719463666257,348.0,25
1719463666280,348.0,25
1719463666280,348.0,25
1719463666280,348.0,25
1719463666280,348.0,25
1719463671211,347.55,50
1719463671211,347.55,50
1719463671976,349.65,25
1719463672389,349.65,25
1719463672389,349.65,25
1719463673554,350.85,75
1719463674929,349.95,50
1719463674929,349.95,50
1719463674929,349.95,50
1719463674929,349.95,50
1719463679266,349.8,25
1719463679266,349.8,25
1719463679266,349.8,25
1719463679266,349.8,25
1719463679266,349.8,25
1719463679266,349.8,25
1719463679266,349.8,25
1719463686770,350.1,25
1719463686770,350.1,25
1719463686770,350.1,25
1719463690245,348.85,100
1719463690848,348.7,25
1719463690848,348.7,25
1719463690848,348.7,25
1719463690848,348.7,25
1719463695798,348.1,25
1719463696333,347.85,225
1719463696811,347.6,25
1719463697779,348.95,25
1719463698102,349.9,25
1719463698750,350.1,25
1719463699753,349.85,25
1719463699753,349.85,25
1719463700395,349.85,25
1719463701517,349.8,150
1719463701517,349.8,150
1719463702856,350.2,50
1719463703228,350.9,100
1719463703464,351.25,50
1719463703464,351.25,50
1719463705354,350.5,50
1719463706548,350.15,25
1719463706548,350.15,25
1719463706548,350.15,25
1719463709271,349.9,25
1719463710047,350.5,125
1719463710047,350.5,125
1719463710686,350.15,25
1719463710686,350.15,25
1719463712260,352.5,75
1719463712520,351.75,25
1719463712520,351.75,25
1719463713397,352.0,25
1719463713397,352.0,25
1719463713397,352.0,25
1719463716907,352.4,25
1719463716907,352.4,25
1719463718383,352.25,25
1719463719551,353.4,50
1719463719551,353.4,50
1719463721538,352.9,25
1719463722639,354.4,50
1719463722639,354.4,50
1719463723319,353.8,25
1719463724811,353.55,25
1719463724811,353.55,25
1719463726402,353.55,400
1719463726402,353.55,400
1719463727148,352.9,25
1719463728188,352.0,25
1719463729574,350.1,100
1719463729774,350.5,25
1719463729774,350.5,25
1719463729774,350.5,25
1719463732233,350.8,25
1719463732233,350.8,25
1719463732233,350.8,25
1719463732233,350.8,25
1719463732233,350.8,25
1719463740076,351.95,25
1719463740076,351.95,25
1719463740076,351.95,25
1719463740816,351.85,25
1719463740816,351.85,25
1719463740816,351.85,25
1719463740816,351.85,25
1719463745596,352.1,175
1719463745596,352.1,175
1719463745596,352.1,175
1719463745596,352.1,175
1719463750280,351.6,25
1719463750280,351.6,25
1719463750280,351.6,25
1719463750280,351.6,25
1719463750280,351.6,25
1719463757802,353.15,25
1719463757948,353.2,25
1719463758829,353.85,50
1719463759887,355.0,50
1719463760605,355.55,50
1719463760605,355.55,50
1719463760605,355.55,50
1719463764268,355.4,25
1719463764268,355.4,25
1719463764268,355.4,25
1719463767307,352.35,50
1719463767307,352.35,50
1719463767307,352.35,50
1719463767307,352.35,50
1719463767307,352.35,50
1719463767307,352.35,50
1719463774047,355.15,25
1719463774047,355.15,25
1719463775929,355.0,25
1719463775929,355.0,25
1719463776987,355.85,75
1719463777201,356.6,125
1719463777201,356.6,125
1719463777201,356.6,125
1719463777201,356.6,125
1719463782450,354.7,25
1719463782450,354.7,25
1719463783794,354.55,25
1719463784621,355.1,200
1719463784621,355.1,200
1719463784621,355.1,200
1719463784621,355.1,200
1719463784621,355.1,200
1719463784621,355.1,200
1719463791971,355.6,25
1719463791971,355.6,25
1719463793610,355.45,50
1719463793610,355.45,50
1719463796560,355.75,25
1719463797276,355.3,25
1719463798376,355.55,25
1719463798473,355.5,75
1719463799385,354.65,25
1719463799385,354.65,25
1719463800454,355.2,25
1719463800913,355.05,25
1719463801413,354.1,50
1719463801413,354.1,50
1719463801413,354.1,50
1719463803468,354.15,25
1719463803468,354.15,25
1719463805574,354.1,25
1719463806596,353.75,25
1719463807560,354.4,25
1719463807560,354.4,25
1719463809796,354.75,50
1719463809796,354.75,50
1719463810884,355.6,250
1719463811078,355.15,50
1719463811078,355.15,50
1719463813168,356.6,25
1719463813168,356.6,25
1719463815216,357.8,25
1719463815216,357.8,25
1719463815216,357.8,25
1719463815216,357.8,25
1719463815216,357.8,25
1719463822960,356.45,75
1719463822960,356.45,75
1719463822960,356.45,75
1719463825589,357.0,25
1719463825589,357.0,25
1719463825589,357.0,25
1719463825589,357.0,25
1719463825589,357.0,25
1719463830803,354.2,25
1719463830803,354.2,25
1719463830803,354.2,25
1719463830803,354.2,25
1719463830803,354.2,25
1719463838239,353.6,25
1719463838239,353.6,25
1719463838811,353.85,25
1719463838811,353.85,25
1719463840531,353.3,50
1719463840531,353.3,50
1719463843067,352.55,50
1719463843067,352.55,50
1719463844695,352.8,50
1719463844695,352.8,50
1719463844695,352.8,50
1719463847765,353.5,50
1719463847765,353.5,50
1719463847765,353.5,50
1719463847765,353.5,50
1719463847765,353.5,50
1719463854459,352.0,25
1719463854459,352.0,25
1719463855816,351.4,50
1719463855816,351.4,50
1719463855816,351.4,50
1719463860109,355.0,25
1719463860109,355.0,25
1719463860109,355.0,25
1719463861551,354.9,50
1719463861551,354.9,50
1719463861977,355.55,50
1719463861977,355.55,50
1719463861977,355.55,50
1719463866031,354.1,25
1719463866031,354.1,25
1719463866031,354.1,25
1719463866031,354.1,25
1719463866031,354.1,25
1719463866031,354.1,25
1719463866031,354.1,25
1719463876234,354.1,25
1719463876234,354.1,25
1719463877187,354.1,125
1719463877187,354.1,125
1719463877187,354.1,125
1719463880912,355.6,100
1719463880912,355.6,100
1719463882541,356.45,25
1719463882541,356.45,25
1719463882541,356.45,25
1719463882541,356.45,25
1719463887756,357.0,25
1719463888161,357.25,25
1719463888161,357.25,25
1719463890032,356.75,25
1719463890032,356.75,25
1719463890032,356.75,25
1719463891922,355.8,25
1719463891922,355.8,25
1719463894958,355.8,25
1719463895171,354.7,25
1719463895972,355.1,25
1719463896529,354.0,1000
1719463896529,354.0,1000
1719463896529,354.0,1000
1719463896529,354.0,1000
1719464036047,350.0,25
1719464036047,350.0,25
1719464036047,350.0,25
1719464039175,349.3,25
1719464039175,349.3,25
1719464039175,349.3,25
1719464039175,349.3,25
1719464039175,349.3,25
1719464044702,348.2,50
1719464044702,348.2,50
1719464044702,348.2,50
1719464047913,348.2,25
1719464047913,348.2,25
1719464050196,348.2,25
1719464050196,348.2,25
1719464050196,348.2,25
1719464055370,349.9,25
1719464055370,349.9,25
1719464055916,349.3,50
1719464055916,349.3,50
1719464055916,349.3,50
1719464059884,349.8,25
1719464059884,349.8,25
1719464060545,348.8,25
1719464060545,348.8,25
1719464062525,348.35,50
1719464062525,348.35,50
1719464062525,348.35,50
1719464062525,348.35,50
1719464067772,349.2,50
1719464067772,349.2,50
1719464068945,348.35,25
1719464068945,348.35,25
1719464068945,348.35,25
1719464070837,348.9,25
1719464071551,348.0,25
1719464071551,348.0,25
1719464073152,348.0,25
1719464073152,348.0,25
1719464074056,347.1,175
1719464074056,347.1,175
1719464074056,347.1,175
1719464077044,347.0,25
1719464077807,347.5,25
1719464077807,347.5,25
1719464079557,347.0,50
1719464079557,347.0,50
1719464081807,346.65,50
1719464081807,346.65,50
1719464083814,346.2,25
1719464083859,347.0,25
1719464084460,346.4,50
1719464084597,346.75,50
1719464086157,345.5,25
1719464086910,345.8,50
1719464086910,345.8,50
1719464086910,345.8,50
1719464090030,345.5,25
1719464090030,345.5,25
1719464090773,346.05,50
1719464090773,346.05,50
1719464092314,346.45,25
1719464092703,347.1,25
1719464093255,348.2,25
1719464094058,348.8,25
1719464095322,348.95,50
1719464095322,348.95,50
1719464095322,348.95,50
1719464095322,348.95,50
1719464095322,348.95,50
1719464101797,349.0,25
1719464103137,349.0,25
1719464103137,349.0,25
1719464104142,348.8,25
1719464104487,349.5,50
1719464104487,349.5,50
1719464104487,349.5,50
1719464107738,348.35,25
1719464108370,349.85,75
1719464108370,349.85,75
1719464108370,349.85,75
1719464111045,348.15,25
1719464111045,348.15,25
1719464112401,348.9,25
1719464112401,348.9,25
1719464112401,348.9,25
1719464116552,348.1,25
1719464116552,348.1,25
1719464116552,348.1,25
1719464119015,350.0,75
1719464119015,350.0,75
1719464119015,350.0,75
1719464123199,349.35,50
1719464123199,349.35,50
1719464124680,348.9,100
1719464124977,349.5,75
1719464124977,349.5,75
1719464126061,349.25,50
1719464126061,349.25,50
1719464128148,349.55,25
1719464128148,349.55,25
1719464128148,349.55,25
1719464131140,350.0,25
1719464131140,350.0,25
1719464131140,350.0,25
1719464135482,348.55,75
1719464135482,348.55,75
1719464135696,347.6,50
1719464135696,347.6,50
1719464135696,347.6,50
1719464139739,347.0,25
1719464139739,347.0,25
1719464141477,347.25,25
1719464141477,347.25,25
1719464142394,348.3,25
1719464142394,348.3,25
1719464144132,349.55,25
1719464145012,350.8,25
1719464145012,350.8,25
1719464146656,350.1,25
1719464146656,350.1,25
1719464148603,350.8,25
1719464148801,350.05,25
1719464148801,350.05,25
1719464148801,350.05,25
1719464148801,350.05,25
1719464152455,350.45,25
1719464152455,350.45,25
1719464154062,350.35,125
1719464154542,350.35,50
1719464154542,350.35,50
1719464155849,348.05,150
1719464155849,348.05,150
1719464157598,347.8,25
1719464158128,348.25,50
1719464158405,349.0,25
1719464158405,349.0,25
1719464158405,349.0,25
1719464160562,349.1,25
1719464160562,349.1,25
1719464160562,349.1,25
1719464164499,349.9,25
1719464164499,349.9,25
1719464164499,349.9,25
1719464168640,351.3,200
1719464168640,351.3,200
1719464168640,351.3,200
1719464168640,351.3,200
1719464173140,349.95,50
1719464173571,350.4,50
1719464174173,349.85,25
1719464174173,349.85,25
1719464174173,349.85,25
1719464174173,349.85,25
1719464174173,349.85,25
1719464179329,348.75,100
1719464179329,348.75,100
1719464180673,349.9,25
1719464180981,351.0,25
1719464180981,351.0,25
1719464182229,351.0,525
1719464183620,351.0,150
1719464183620,351.0,150
1719464184894,351.0,25
1719464184894,351.0,25
1719464184894,351.0,25
1719464184894,351.0,25
1719464184894,351.0,25
1719464184894,351.0,25
1719464184894,351.0,25
1719464192328,349.7,50
1719464192328,349.7,50
1719464192328,349.7,50
1719464196333,351.0,25
1719464196333,351.0,25
1719464196333,351.0,25
1719464200317,350.8,275
1719464200317,350.8,275
1719464200317,350.8,275
1719464200317,350.8,275
1719464205371,349.4,50
1719464205371,349.4,50
1719464205837,349.9,50
1719464205837,349.9,50
1719464207384,350.2,50
1719464207384,350.2,50
1719464207384,350.2,50
1719464207384,350.2,50
1719464213179,350.2,25
1719464213179,350.2,25
1719464214070,350.2,75
1719464214070,350.2,75
1719464214070,350.2,75
1719464218961,352.65,50
1719464219029,353.0,50
1719464219029,353.0,50
1719464219029,353.0,50
1719464219029,353.0,50
1719464219029,353.0,50
1719464219029,353.0,50
1719464226054,355.0,25
1719464226054,355.0,25
1719464226054,355.0,25
1719464226054,355.0,25
1719464231962,357.2,25
1719464232173,357.9,25
1719464232221,357.9,100
1719464232823,357.3,25
1719464232823,357.3,25
1719464232823,357.3,25
1719464232823,357.3,25
1719464232823,357.3,25
1719464232823,357.3,25
1719464232823,357.3,25
1719464244003,357.55,100
1719464244516,358.0,25
1719464244516,358.0,25
1719464246758,359.05,75
1719464246758,359.05,75
1719464248148,360.0,150
1719464248874,362.0,25
1719464249372,363.8,25
1719464250026,362.1,50
1719464250529,361.05,25
1719464251008,363.15,50
1719464251008,363.15,50
1719464253114,363.2,50
1719464254068,364.0,25
1719464254068,364.0,25
1719464254068,364.0,25
1719464255750,363.45,50
1719464256119,363.6,125
1719464256119,363.6,125
1719464256119,363.6,125
1719464256119,363.6,125
1719464261003,362.45,25
1719464261003,362.45,25
1719464263326,363.9,50
1719464264036,364.95,150
1719464264036,364.95,150
1719464264036,364.95,150
1719464265824,363.75,25
1719464266853,363.6,300
1719464266853,363.6,300
1719464266853,363.6,300
1719464269306,364.65,25
1719464270595,363.9,25
1719464270595,363.9,25
1719464270864,364.1,25
1719464270864,364.1,25
1719464273947,363.95,50
1719464274412,363.95,25
1719464275162,362.25,175
1719464275162,362.25,175
1719464276377,364.2,50
1719464276377,364.2,50
1719464276377,364.2,50
1719464280238,361.3,50
1719464280238,361.3,50
1719464280238,361.3,50
1719464280238,361.3,50
1719464280238,361.3,50
1719464287020,363.35,50
1719464287020,363.35,50
1719464287020,363.35,50
1719464287020,363.35,50
1719464290876,363.1,25
1719464292157,366.3,25
1719464292157,366.3,25
1719464293862,366.25,75
1719464293862,366.25,75
1719464295570,365.1,25
1719464295570,365.1,25
1719464295945,366.4,25
1719464297250,365.65,25
1719464297250,365.65,25
1719464297250,365.65,25
1719464299200,366.3,25
1719464300436,366.0,25
1719464300707,366.3,50
1719464300707,366.3,50
1719464301391,366.0,150
1719464302506,365.75,225
1719464302827,365.9,25
1719464302827,365.9,25
1719464304405,366.25,25
1719464304405,366.25,25
1719464305781,366.1,1800
1719464306648,365.0,25
1719464307031,365.1,25
1719464307627,365.2,25
1719464308697,366.5,25
1719464308697,366.5,25
1719464310122,367.0,25
1719464310122,367.0,25
1719464310122,367.0,25
1719464310778,368.5,100
1719464311666,367.65,50
1719464311666,367.65,50
1719464313233,368.75,25
1719464313752,369.9,150
1719464314312,370.0,25
1719464315693,369.0,25
1719464316311,371.0,375
1719464317184,372.9,300
1719464317430,371.05,25
1719464317934,370.2,25
1719464319067,370.85,25
1719464320362,372.05,25
1719464320556,371.0,25
1719464321448,371.05,25
1719464322131,370.7,25
1719464322484,371.45,25
1719464323380,372.0,300
1719464324043,371.9,25
1719464324415,372.55,25
1719464324415,372.55,25
1719464326580,371.0,200
1719464327408,370.0,150
1719464327408,370.0,150
1719464328103,368.95,25
1719464329017,367.3,25
1719464329229,366.5,50
1719464329229,366.5,50
1719464331102,368.75,25
1719464331548,370.05,25
1719464333484,369.85,100
1719464333484,369.85,100
1719464334517,370.1,250
1719464334517,370.1,250
1719464335883,370.65,375
1719464336441,369.9,25
1719464336441,369.9,25
1719464338772,370.0,50
1719464339112,370.05,50
1719464339112,370.05,50
1719464339112,370.05,50
1719464339112,370.05,50
1719464339112,370.05,50
1719464339112,370.05,50
1719464345002,368.1,25
1719464345002,368.1,25
1719464346303,370.0,100
1719464347225,370.0,25
1719464349155,370.15,25
1719464349155,370.15,25
1719464350276,369.85,25
1719464350276,369.85,25
1719464350276,369.85,25
1719464350276,369.85,25
1719464354596,369.85,50
1719464354884,369.1,25
1719464354884,369.1,25
1719464356484,368.75,25
1719464356484,368.75,25
1719464356484,368.75,25
1719464357636,368.15,50
1719464358988,368.9,25
1719464360657,369.85,25
1719464360657,369.85,25
1719464361702,370.55,75
1719464362199,370.5,25
1719464362199,370.5,25
1719464363215,369.65,50
1719464363215,369.65,50
1719464365638,370.3,75
1719464365785,370.0,100
1719464365785,370.0,100
1719464367307,370.25,50
1719464367307,370.25,50
1719464367636,370.15,25
1719464367636,370.15,25
1719464367636,370.15,25
1719464367636,370.15,25
1719464371502,369.2,25
1719464371502,369.2,25
1719464373196,369.95,350
1719464373196,369.95,350
1719464375431,370.6,25
1719464375431,370.6,25
1719464376398,369.7,25
1719464377391,369.75,25
1719464377391,369.75,25
1719464378080,369.6,25
1719464378895,369.8,50
1719464378895,369.8,50
1719464379607,369.25,25
1719464380405,369.1,25
1719464380405,369.1,25
1719464381763,370.1,50
1719464381763,370.1,50
1719464384134,368.0,300
1719464384134,368.0,300
1719464384134,368.0,300
1719464384134,368.0,300
1719464389886,367.65,100
1719464389886,367.65,100
1719464391413,368.75,25
1719464392232,368.7,25
1719464392480,368.65,25
1719464392480,368.65,25
1719464393799,369.3,25
1719464395262,368.85,100
1719464395262,368.85,100
1719464396761,368.7,25
1719464396761,368.7,25
1719464397859,369.2,25
1719464398700,369.4,25
1719464398811,370.2,25
1719464398811,370.2,25
1719464399634,369.75,25
1719464400444,369.75,25
1719464400584,369.6,25
1719464400908,368.15,50
1719464402035,367.0,25
1719464402035,367.0,25
1719464403044,367.5,25
1719464403044,367.5,25
1719464405795,369.45,25
1719464406034,369.75,25
1719464406761,370.45,25
1719464407612,368.7,25
1719464408009,368.9,25
1719464408009,368.9,25
1719464408009,368.9,25
1719464412260,368.7,25
1719464412260,368.7,25
1719464412796,367.9,25
1719464412796,367.9,25
1719464414465,368.45,25
1719464414465,368.45,25
1719464414465,368.45,25
1719464414465,368.45,25
1719464419380,368.7,25
1719464419871,369.35,25
1719464419871,369.35,25
1719464422463,367.8,125
1719464422463,367.8,125
1719464424138,368.25,125
1719464424607,368.25,50
1719464425591,368.7,25
1719464425591,368.7,25
1719464425591,368.7,25
1719464425591,368.7,25
1719464429958,368.65,50
1719464429958,368.65,50
1719464429958,368.65,50
1719464431501,368.6,25
1719464432263,368.55,25
1719464432263,368.55,25
1719464432263,368.55,25
1719464435539,370.0,25
1719464435539,370.0,25
1719464435539,370.0,25
1719464438287,369.75,125
1719464439011,370.45,50
1719464439011,370.45,50
1719464440011,371.45,25
1719464440913,370.5,25
1719464440913,370.5,25
1719464442302,370.65,25
1719464442733,370.45,25
1719464443069,370.2,50
1719464443069,370.2,50
1719464444997,369.45,25
1719464445180,369.3,25
1719464445180,369.3,25
1719464447401,369.0,25
1719464447401,369.0,25
1719464447401,369.0,25
1719464447401,369.0,25
1719464447401,369.0,25
1719464452920,370.0,25
1719464453572,368.85,50
1719464453572,368.85,50
1719464454634,369.15,50
1719464454634,369.15,50
1719464456136,368.8,25
1719464456809,368.0,150
1719464457554,367.85,25
1719464457554,367.85,25
1719464457554,367.85,25
1719464460233,368.4,25
1719464460233,368.4,25
1719464460233,368.4,25
1719464461395,367.0,25
1719464461395,367.0,25
1719464462834,365.5,25
1719464463069,365.5,75
1719464464387,364.85,25
1719464465300,363.8,150
1719464465691,364.25,50
1719464465691,364.25,50
1719464465691,364.25,50
1719464467892,364.45,25
1719464468277,364.3,25
1719464468816,364.35,25
1719464469470,365.1,75
1719464470948,366.2,25
1719464470948,366.2,25
1719464472693,365.4,50
1719464472693,365.4,50
1719464474451,367.15,75
1719464475655,366.3,50
1719464475847,367.0,25
1719464475847,367.0,25
1719464475847,367.0,25
1719464478249,366.7,25
1719464478249,366.7,25
1719464478249,366.7,25
1719464481175,364.7,25
1719464481788,364.25,100
1719464481788,364.25,100
1719464481788,364.25,100
1719464481788,364.25,100
1719464481788,364.25,100
1719464481788,364.25,100
1719464481788,364.25,100
1719464481788,364.25,100
1719464481788,364.25,100
1719464481788,364.25,100
1719464481788,364.25,100
1719464496323,364.6,125
1719464496323,364.6,125
1719464498531,364.25,125
1719464498531,364.25,125
1719464500563,367.0,25
1719464500563,367.0,25
1719464502725,366.2,25
1719464502725,366.2,25
1719464502725,366.2,25
1719464506100,364.5,25
1719464506231,364.25,50
1719464506231,364.25,50
1719464506231,364.25,50
1719464510920,364.65,50
1719464510920,364.65,50
1719464510920,364.65,50
1719464510920,364.65,50
1719464517747,364.0,50
1719464517747,364.0,50
1719464518275,363.8,75
1719464518275,363.8,75
1719464519577,363.35,275
1719464519577,363.35,275
1719464519577,363.35,275
1719464522567,361.35,50
1719464522567,361.35,50
1719464523420,361.4,25
1719464524266,360.0,25
1719464524266,360.0,25
1719464525199,360.45,25
1719464525199,360.45,25
1719464525199,360.45,25
1719464528057,362.45,25
1719464528057,362.45,25
1719464529423,361.95,25
1719464530671,360.55,25
1719464530671,360.55,25
1719464530671,360.55,25
1719464533227,361.6,25
1719464533718,361.0,25
1719464533718,361.0,25
1719464535861,361.0,50
1719464535861,361.0,50
1719464535861,361.0,50
1719464535861,361.0,50
1719464535861,361.0,50
1719464541556,360.05,25
1719464541940,360.15,50
1719464542583,359.7,25
1719464543006,360.45,50
1719464544238,359.0,25
1719464544638,359.0,25
1719464544638,359.0,25
1719464544638,359.0,25
1719464548434,358.0,25
1719464548434,358.0,25
1719464550044,357.9,50
1719464550431,357.95,25
1719464550695,357.0,50
1719464550984,357.0,25
1719464550984,357.0,25
1719464552662,356.75,25
1719464552662,356.75,25
1719464554472,357.0,75
1719464555352,357.35,100
1719464555352,357.35,100
1719464555352,357.35,100
1719464558489,358.2,25
1719464559143,358.45,25
1719464559143,358.45,25
1719464562596,358.2,50
1719464562596,358.2,50
1719464562596,358.2,50
1719464565507,357.15,25
1719464565507,357.15,25
1719464565507,357.15,25
1719464568266,356.75,25
1719464568462,357.75,25
1719464570791,356.8,25
1719464570791,356.8,25
1719464571596,357.55,50
1719464572154,357.3,25
1719464572646,357.45,25
1719464572646,357.45,25
1719464574182,357.4,25
1719464574182,357.4,25
1719464574545,357.4,25
1719464574545,357.4,25
1719464574545,357.4,25
1719464578906,357.0,25
1719464579171,357.05,25
1719464579171,357.05,25
1719464579500,356.75,50
1719464580621,357.05,25
1719464580621,357.05,25
1719464580621,357.05,25
1719464580621,357.05,25
1719464584706,356.5,25
1719464585254,356.0,100
1719464585254,356.0,100
1719464586579,356.15,25
1719464586579,356.15,25
1719464588310,356.2,25
1719464589238,354.0,25
1719464589238,354.0,25
1719464590228,353.85,25
1719464591012,351.05,25
1719464591363,351.55,25
1719464592301,348.85,25
1719464592301,348.85,25
1719464592986,350.0,50
1719464593707,348.35,25
1719464593707,348.35,25
1719464593707,348.35,25
1719464596957,351.1,25
1719464597734,350.05,50
1719464597734,350.05,50
1719464598605,349.4,25
1719464598605,349.4,25
1719464599695,347.3,25
1719464601181,345.0,75
1719464601660,343.4,50
1719464602365,342.65,25
1719464602672,342.1,75
1719464603184,341.95,25
1719464604382,340.8,75
1719464604382,340.8,75
1719464605630,341.15,25
1719464605630,341.15,25
1719464606245,341.3,25
1719464607612,335.0,25
1719464607612,335.0,25
1719464608312,336.6,25
1719464608312,336.6,25
1719464609607,334.6,25
1719464610454,330.7,25
1719464610621,332.75,25
1719464610621,332.75,25
1719464611598,324.9,100
1719464611878,324.0,50
1719464611915,323.9,50
1719464611915,323.9,50
1719464612341,323.1,25
1719464612341,323.1,25
1719464612912,315.25,25
1719464613198,308.85,50
1719464613198,308.85,50
1719464613540,304.05,50
1719464613540,304.05,50
1719464619000,323.15,25
1719464614832,309.3,50
1719464616883,319.7,125
1719464618322,319.75,25
1719464618322,319.75,25
1719464622156,323.5,25
1719464622820,325.15,25
1719464622996,326.6,25
1719464624367,326.9,50
1719464624575,327.65,25
1719464625444,329.15,150
1719464625950,328.35,25
1719464625950,328.35,25
1719464626984,329.1,25
1719464627732,327.95,50
1719464628399,330.0,100
1719464629047,332.0,25
1719464629047,332.0,25
1719464630137,334.2,25
1719464631116,333.2,200
1719464631443,333.0,100
1719464632542,331.05,25
1719464632670,332.0,25
1719464633393,330.05,50
1719464633393,330.05,50
1719464634902,325.4,25
1719464635300,327.4,25
1719464636208,322.9,25
1719464636208,322.9,25
1719464637426,321.3,50
1719464637809,322.55,25
1719464638612,323.2,150
1719464639418,324.4,75
1719464639730,324.1,25
1719464640336,324.0,25
1719464640640,323.4,25
1719464640640,323.4,25
1719464641872,323.25,25
1719464642414,323.05,25
1719464642764,324.35,25
1719464643234,325.15,25
1719464644010,325.8,25
1719464645301,326.85,75
1719464645301,326.85,75
1719464646921,329.65,50
1719464647430,331.0,25
1719464647430,331.0,25
1719464648410,331.0,25
1719464648804,330.75,25
1719464648804,330.75,25
1719464649984,328.8,100
1719464650824,329.65,50
1719464651939,327.5,25
1719464652733,328.0,25
1719464653355,327.5,25
1719464653355,327.5,25
1719464654917,327.35,25
1719464655412,326.6,25
1719464656337,325.55,25
1719464657415,325.75,25
1719464657964,325.2,100
1719464658345,325.65,25
1719464659441,329.0,200
1719464660587,332.5,50
1719464661417,330.1,25
1719464661417,330.1,25
1719464662367,329.9,25
1719464662946,329.65,25
1719464663601,328.2,25
1719464664455,325.8,250
1719464664456,325.8,75
1719464665428,325.3,25
1719464666351,327.6,25
1719464666351,327.6,25
1719464667505,327.45,25
1719464667915,328.75,25
1719464668334,326.15,75
1719464668958,326.0,25
1719464669609,326.6,25
1719464670430,327.7,25
1719464671236,329.45,25
1719464672409,329.9,25
1719464672968,330.15,25
1719464672968,330.15,25
1719464674357,329.75,25
1719464674357,329.75,25
1719464675454,330.3,25
1719464676365,330.0,75
1719464676365,330.0,75
1719464677040,330.2,25
1719464677040,330.2,25
1719464678455,330.0,25
1719464679433,329.8,25
1719464679433,329.8,25
1719464680014,329.0,25
1719464680014,329.0,25
1719464682227,328.6,25
1719464682378,328.85,50
1719464682703,329.6,25
1719464682703,329.6,25
1719464684383,330.05,75
1719464684866,330.4,275
1719464684866,330.4,275
1719464684866,330.4,275
1719464686560,329.0,25
1719464687746,328.0,300
1719464688007,326.25,25
1719464688518,328.05,50
1719464689449,328.65,25
1719464689914,329.25,50
1719464691474,326.0,200
1719464692409,325.8,125
1719464693016,326.1,25
1719464693459,326.65,25
1719464694380,324.35,25
1719464694733,324.0,25
1719464695787,323.15,25
1719464696498,322.75,50
1719464696547,323.0,25
1719464697592,323.1,25
1719464698003,322.95,25
1719464698856,322.0,25
1719464699726,320.0,100
1719464699726,320.0,100
1719464699726,320.0,100
1719464701226,317.5,200
1719464701423,318.0,150
1719464702451,318.0,25
1719464702751,316.9,100
1719464703617,316.7,25
1719464704339,318.3,25
1719464705573,317.95,25
1719464706538,318.95,25
1719464706846,319.35,25
1719464707409,319.15,75
1719464708017,318.3,25
1719464708017,318.3,25
1719464709482,319.35,25
1719464709619,319.3,25
1719464710330,321.55,25
1719464710330,321.55,25
1719464711457,322.3,25
1719464712798,322.95,25
1719464714164,322.3,25
1719464714164,322.3,25
1719464714855,323.2,100
1719464714855,323.2,100
1719464716560,324.5,50
1719464717473,325.0,200
1719464717473,325.0,200
1719464718683,323.9,50
1719464719114,324.4,25
1719464719529,324.65,25
1719464720500,324.4,50
1719464721243,322.9,75
1719464721610,321.95,50
1719464722602,320.7,25
1719464722602,320.7,25
1719464723441,319.35,25
1719464723773,320.7,200
1719464724581,321.75,50
1719464724581,321.75,50
1719464726311,319.3,25
1719464727137,320.35,25
1719464727137,320.35,25
1719464728606,319.5,175
1719464729575,319.45,50
1719464729575,319.45,50
1719464729575,319.45,50
1719464731454,321.1,50
1719464732107,320.2,25
1719464732978,320.95,25
1719464733587,322.55,25
1719464733587,322.55,25
1719464734899,321.05,25
1719464734899,321.05,25
1719464734899,321.05,25
1719464738470,321.9,50
1719464738654,322.65,50
1719464738654,322.65,50
1719464740316,322.7,25
1719464740316,322.7,25
1719464742851,322.55,25
1719464742851,322.55,25
1719464744061,322.55,25
1719464744061,322.55,25
1719464745263,322.7,100
1719464745674,322.3,25
1719464745674,322.3,25
1719464745674,322.3,25
1719464749411,325.0,25
1719464749650,324.95,25
1719464749650,324.95,25
1719464751230,325.65,200
1719464751230,325.65,200
1719464751230,325.65,200
1719464755570,325.95,125
1719464756119,328.05,25
1719464757428,328.55,150
1719464757729,329.0,25
1719464758375,328.4,25
1719464759072,328.05,25
1719464759072,328.05,25
1719464760020,329.55,25
1719464760697,328.9,75
1719464760697,328.9,75
1719464760697,328.9,75
1719464762847,325.45,25
1719464762847,325.45,25
1719464763538,325.25,75
1719464764135,325.0,25
1719464764135,325.0,25
1719464765318,324.3,25
1719464765933,323.5,25
1719464765933,323.5,25
1719464768614,324.9,25
1719464769523,325.6,50
1719464770704,329.15,50
1719464771153,329.55,75
1719464771153,329.55,75
1719464771153,329.55,75
1719464773396,329.15,75
1719464773781,327.6,25
1719464773781,327.6,25
1719464777628,325.85,25
1719464777628,325.85,25
1719464777628,325.85,25
1719464777628,325.85,25
1719464777628,325.85,25
1719464783743,326.9,25
1719464783743,326.9,25
1719464784830,327.1,25
1719464785241,327.1,25
1719464785241,327.1,25
1719464786779,330.1,75
1719464786779,330.1,75
1719464786779,330.1,75
1719464789750,328.8,25
1719464789750,328.8,25
1719464791381,328.0,50
1719464792342,326.2,25
1719464792802,326.0,25
1719464792802,326.0,25
1719464793800,326.4,25
1719464793800,326.4,25
1719464795622,326.4,25
1719464796233,327.4,25
1719464796233,327.4,25
1719464796233,327.4,25
1719464796233,327.4,25
1719464802147,328.95,350
1719464802793,330.0,150
1719464802793,330.0,150
1719464803157,330.5,25
1719464803157,330.5,25
1719464805603,327.65,175
1719464805603,327.65,175
1719464807908,330.0,25
1719464807908,330.0,25
1719464808545,329.75,25
1719464808742,329.65,25
1719464808742,329.65,25
1719464808742,329.65,25
1719464808742,329.65,25
1719464814675,328.75,50
1719464814675,328.75,50
1719464815514,327.8,25
1719464815514,327.8,25
1719464815514,327.8,25
1719464818967,327.3,25
1719464818967,327.3,25
1719464818967,327.3,25
1719464818967,327.3,25
1719464822849,329.2,25
1719464822849,329.2,25
1719464823400,328.95,75
1719464823400,328.95,75
1719464823400,328.95,75
1719464827250,325.65,25
1719464827250,325.65,25
1719464828174,327.0,25
1719464829663,329.3,25
1719464830575,331.3,25
1719464831239,333.3,25
1719464831239,333.3,25
1719464832479,332.8,25
1719464832479,332.8,25
1719464834542,332.6,25
1719464834994,331.85,25
1719464836321,330.15,25
1719464836321,330.15,25
1719464837242,331.45,25
1719464837242,331.45,25
1719464838419,331.05,25
1719464839630,331.45,25
1719464839630,331.45,25
1719464839788,331.95,25
1719464839788,331.95,25
1719464839788,331.95,25
1719464843304,333.0,25
1719464843304,333.0,25
1719464844968,333.0,50
1719464844968,333.0,50
1719464844968,333.0,50
1719464849052,334.25,25
1719464849052,334.25,25
1719464850085,334.5,25
1719464850085,334.5,25
1719464850085,334.5,25
1719464851505,334.0,50
1719464851505,334.0,50
1719464853522,333.05,100
1719464854144,335.05,50
1719464854144,335.05,50
1719464855165,333.7,175
1719464855787,334.55,25
1719464855787,334.55,25
1719464856622,334.65,25
1719464858059,336.5,25
1719464858059,336.5,25
1719464858059,336.5,25
1719464860872,337.0,25
1719464860872,337.0,25
1719464861854,335.7,25
1719464862140,335.0,50
1719464862140,335.0,50
1719464863927,333.0,25
1719464864428,333.0,25
1719464865772,333.7,25
1719464865772,333.7,25
1719464867709,335.6,25
1719464868124,335.85,25
1719464868124,335.85,25
1719464869679,336.45,25
1719464871268,336.45,25
1719464871989,336.55,50
1719464872532,335.8,25
1719464872532,335.8,25
1719464873830,335.65,25
1719464873830,335.65,25
1719464875973,336.1,750
1719464875973,336.1,750
1719464876521,338.0,200
1719464877069,338.15,50
1719464877069,338.15,50
1719464879396,336.0,175
1719464879757,335.5,25
1719464880024,334.5,50
1719464880024,334.5,50
1719464880024,334.5,50
1719464881879,334.45,25
1719464882035,334.4,50
1719464882035,334.4,50
1719464884051,335.0,25
1719464884051,335.0,25
1719464884957,334.2,50
1719464885272,333.0,50
1719464885272,333.0,50
1719464887829,333.2,25
1719464887829,333.2,25
1719464889050,335.05,25
1719464889050,335.05,25
1719464889050,335.05,25
1719464892502,331.0,50
1719464893120,331.5,25
1719464893120,331.5,25
1719464894681,330.65,25
1719464894681,330.65,25
1719464895512,330.75,25
1719464895512,330.75,25
1719464897363,330.0,50
1719464897363,330.0,50
1719464898029,330.15,25
1719464898546,330.5,25
1719464898546,330.5,25
1719464898546,330.5,25
1719464898546,330.5,25
1719464901962,328.15,25
1719464903107,329.3,25
1719464903217,329.5,25
1719464903400,330.0,150
1719464904028,330.3,50
1719464904991,332.75,50
1719464906464,335.9,25
1719464906506,336.15,25
1719464906803,335.35,50
1719464906803,335.35,50
1719464909744,336.75,25
1719464910548,339.0,25
1719464910705,340.0,25
1719464910705,340.0,25
1719464914291,338.15,25
1719464914291,338.15,25
1719464915266,336.2,25
1719464915517,335.7,50
1719464915517,335.7,50
1719464917700,333.45,25
1719464917971,333.45,25
1719464917971,333.45,25
1719464918916,335.75,25
1719464918916,335.75,25
1719464920371,337.15,25
1719464920371,337.15,25
1719464921835,334.4,25
1719464921835,334.4,25
1719464923490,335.35,25
1719464923490,335.35,25
1719464923490,335.35,25
1719464927159,334.35,75
1719464927159,334.35,75
1719464929760,335.35,50
1719464929760,335.35,50
1719464929760,335.35,50
1719464931747,334.35,25
1719464931747,334.35,25
1719464933317,334.4,75
1719464933628,332.9,75
1719464933628,332.9,75
1719464933628,332.9,75
1719464938268,332.15,75
1719464938268,332.15,75
1719464939202,335.35,100
1719464939202,335.35,100
1719464939202,335.35,100
1719464939202,335.35,100
1719464939202,335.35,100
1719464939202,335.35,100
1719464946051,335.4,25
1719464946051,335.4,25
1719464948258,333.95,25
1719464948258,333.95,25
1719464948258,333.95,25
1719464948258,333.95,25
1719464952452,330.55,50
1719464952607,331.0,150
1719464952607,331.0,150
1719464952607,331.0,150
1719464952607,331.0,150
1719464952607,331.0,150
1719464952607,331.0,150
1719464952607,331.0,150
1719464961569,333.0,600
1719464961569,333.0,600
1719464964702,331.85,25
1719464964891,332.65,25
1719464964891,332.65,25
1719464964891,332.65,25
1719464964891,332.65,25
1719464968639,333.15,300
1719464969180,333.0,50
1719464969781,332.5,25
1719464969781,332.5,25
1719464969781,332.5,25
1719464970777,331.75,50
1719464971601,332.8,50
1719464973137,332.45,50
1719464973137,332.45,50
1719464973137,332.45,50
1719464975462,333.05,25
1719464975462,333.05,25
1719464977528,332.6,50
1719464977528,332.6,50
1719464978475,332.65,250
1719464979452,332.15,25
1719464979452,332.15,25
1719464979452,332.15,25
1719464983263,332.65,50
1719464984152,332.75,50
1719464984152,332.75,50
1719464985661,333.0,25
1719464985661,333.0,25
1719464986623,332.0,25
1719464988105,331.85,25
1719464988105,331.85,25
1719464989046,331.45,75
1719464989647,331.0,50
1719464989647,331.0,50
1719464990324,331.6,25
1719464990324,331.6,25
1719464992023,329.85,50
1719464992023,329.85,50
1719464994738,332.1,75
1719464994738,332.1,75
1719464995424,331.9,50
1719464995424,331.9,50
1719464997612,330.75,50
1719464997612,330.75,50
1719464999052,330.9,50
1719464999052,330.9,50
1719464999052,330.9,50
1719464999052,330.9,50
1719465001933,331.15,25
1719465002520,332.65,75
1719465003036,332.3,25
1719465003036,332.3,25
1719465003880,331.15,25
1719465003880,331.15,25
1719465003880,331.15,25
1719465006614,333.6,50
1719465007644,332.4,25
1719465007644,332.4,25
1719465009038,332.5,25
1719465009038,332.5,25
1719465010145,331.5,50
1719465010415,331.4,75
1719465010948,332.25,50
1719465012172,332.35,50
1719465012172,332.35,50
1719465012172,332.35,50
1719465015576,331.0,50
1719465016510,331.2,50
1719465016510,331.2,50
1719465017994,331.0,50
1719465017994,331.0,50
1719465018861,331.35,25
1719465018861,331.35,25
1719465022918,329.6,25
1719465023262,329.3,150
1719465023262,329.3,150
1719465023262,329.3,150
1719465025393,327.0,25
1719465026041,325.0,50
1719465026567,325.0,25
1719465026567,325.0,25
1719465027657,328.0,50
1719465028101,328.25,50
1719465028101,328.25,50
1719465029343,330.7,50
1719465029343,330.7,50
1719465029343,330.7,50
1719465031534,332.1,25
1719465031534,332.1,25
1719465031897,331.95,50
1719465033292,331.3,25
1719465033292,331.3,25
1719465033292,331.3,25
1719465033292,331.3,25
1719465033292,331.3,25
1719465033292,331.3,25
1719465040365,331.3,50
1719465040365,331.3,50
1719465040365,331.3,50
1719465043893,330.8,125
1719465043893,330.8,125
1719465045986,332.0,50
1719465046614,331.4,50
1719465046614,331.4,50
1719465047947,332.0,75
1719465047947,332.0,75
1719465047947,332.0,75
1719465050950,334.0,25
1719465050950,334.0,25
1719465051779,333.2,25
1719465051779,333.2,25
1719465053920,334.45,25
1719465053920,334.45,25
1719465053920,334.45,25
1719465057533,330.2,100
1719465058228,328.3,25
1719465059323,326.0,50
1719465059323,326.0,50
1719465059323,326.0,50
1719465061043,325.85,25
1719465061043,325.85,25
1719465062261,326.95,25
1719465062901,328.5,50
1719465062901,328.5,50
1719465062901,328.5,50
1719465062901,328.5,50
1719465068017,326.0,50
1719465068657,325.8,50
1719465069849,327.05,100
1719465069849,327.05,100
1719465070466,327.0,25
1719465071217,328.65,25
1719465071217,328.65,25
1719465072592,327.3,50
1719465072592,327.3,50
1719465074391,327.05,25
1719465074642,327.65,25
1719465074642,327.65,25
1719465075225,328.0,25
1719465075941,328.1,50
1719465078130,327.75,50
1719465078130,327.75,50
1719465078400,329.0,25
1719465079525,329.75,25
1719465079525,329.75,25
1719465080835,329.95,50
1719465081259,329.4,25
1719465081259,329.4,25
1719465083084,328.25,25
1719465083084,328.25,25
1719465086627,327.95,75
1719465086627,327.95,75
1719465086627,327.95,75
1719465086627,327.95,75
1719465086627,327.95,75
1719465086627,327.95,75
1719465086627,327.95,75
1719465086627,327.95,75
1719465093429,325.0,100
1719465093918,326.5,50
1719465093918,326.5,50
1719465093918,326.5,50
1719465093918,326.5,50
1719465099253,323.1,25
1719465099253,323.1,25
1719465100290,324.75,25
1719465100810,325.0,250
1719465100810,325.0,250
1719465101903,323.1,200
1719465103361,321.0,50
1719465103736,323.35,25
1719465103736,323.35,25
1719465105992,324.15,100
1719465106395,323.3,25
1719465108336,323.9,25
1719465108441,324.2,100
1719465108441,324.2,100
1719465109208,323.3,300
1719465109208,323.3,300
1719465111466,325.35,25
1719465112993,323.3,25
1719465112993,323.3,25
1719465113592,322.2,50
1719465114098,323.9,25
1719465114098,323.9,25
1719465115691,322.15,50
1719465115691,322.15,50
1719465118135,321.0,100
1719465118135,321.0,100
1719465119368,320.15,25
1719465119368,320.15,25
1719465119368,320.15,25
1719465121399,321.9,100
1719465121701,322.25,375
1719465121701,322.25,375
1719465123806,325.25,50
1719465124597,325.35,25
1719465124597,325.35,25
1719465125728,325.0,25
1719465125728,325.0,25
1719465127678,324.25,100
1719465127678,324.25,100
1719465130077,324.0,25
1719465130077,324.0,25
1719465132055,322.0,100
1719465132768,321.9,250
1719465132768,321.9,250
1719465132768,321.9,250
1719465132768,321.9,250
1719465137922,321.9,25
1719465137922,321.9,25
1719465139013,322.85,25
1719465139738,322.9,100
1719465139738,322.9,100
1719465140854,322.95,25
1719465140854,322.95,25
1719465140854,322.95,25
1719465143673,319.95,75
1719465143673,319.95,75
1719465145609,322.15,100
1719465145609,322.15,100
1719465145609,322.15,100
1719465150226,325.45,25
1719465150226,325.45,25
1719465150226,325.45,25
1719465151406,324.2,25
1719465151406,324.2,25
1719465151406,324.2,25
1719465153645,324.9,50
1719465153645,324.9,50
1719465153645,324.9,50
1719465153645,324.9,50
1719465159537,324.75,25
1719465159537,324.75,25
1719465159537,324.75,25
1719465162009,324.9,250
1719465162009,324.9,250
1719465162009,324.9,250
1719465166559,325.75,25
1719465166559,325.75,25
1719465167325,324.25,25
1719465167325,324.25,25
1719465167325,324.25,25
1719465171184,322.85,25
1719465171184,322.85,25
1719465172789,322.0,25
1719465172789,322.0,25
1719465172789,322.0,25
1719465172789,322.0,25
1719465172789,322.0,25
1719465172789,322.0,25
1719465172789,322.0,25
1719465181722,321.3,25
1719465181722,321.3,25
1719465181722,321.3,25
1719465185502,322.0,25
1719465185988,323.55,25
1719465188158,321.8,25
1719465188158,321.8,25
1719465188880,321.85,25
1719465188880,321.85,25
1719465191184,321.0,25
1719465191184,321.0,25
1719465191184,321.0,25
1719465191184,321.0,25
1719465191184,321.0,25
1719465196845,323.4,25
1719465196845,323.4,25
1719465200095,320.0,25
1719465200095,320.0,25
1719465201696,319.0,25
1719465201696,319.0,25
1719465202623,317.35,50
1719465203288,315.0,25
1719465203659,314.15,50
1719465205103,314.3,25
1719465205227,315.8,25
1719465205227,315.8,25
1719465208110,314.8,25
1719465208110,314.8,25
1719465209220,314.2,150
1719465209220,314.2,150
1719465209220,314.2,150
1719465210804,315.5,100
1719465210804,315.5,100
1719465211870,315.6,175
1719465212311,314.0,100
1719465213362,311.85,25
1719465214007,311.35,50
1719465214337,312.55,50
1719465215330,311.1,125
1719465216187,305.0,25
1719465216223,303.15,25
1719465216223,303.15,25
1719465217858,306.15,25
1719465217858,306.15,25
1719465218946,307.9,75
1719465218946,307.9,75
1719465220868,300.0,100
1719465221347,299.0,50
1719465221347,299.0,50
1719465222853,302.0,50
1719465223254,302.15,75
1719465223649,303.25,100
1719465224832,300.0,25
1719465224832,300.0,25
1719465225815,302.4,25
1719465226506,300.65,100
1719465226902,299.45,50
1719465227219,297.05,25
1719465228511,293.75,50
1719465228879,290.0,25
1719465229113,288.1,25
1719465229113,288.1,25
1719465230747,295.6,250
1719465231570,294.7,200
1719465231570,294.7,200
1719465232764,295.8,25
1719465233439,296.05,25
1719465233439,296.05,25
1719465234625,297.45,25
1719465234712,296.65,25
1719465235636,295.0,25
1719465236387,291.5,50
1719465236846,290.5,50
1719465238085,290.0,125
1719465238085,290.0,125
1719465238085,290.0,125
1719465239780,290.7,75
1719465240122,290.05,100
1719465240362,289.45,50
1719465240556,287.7,25
1719465241728,286.5,25
1719465241805,287.25,25
1719465242503,287.15,25
1719465243248,288.15,250
1719465243248,288.15,250
1719465243248,288.15,250
1719465245591,289.65,100
1719465246141,288.95,100
1719465246141,288.95,100
1719465247520,289.2,50
1719465248503,291.0,100
1719465248750,290.6,50
1719465250011,287.7,50
1719465250011,287.7,50
1719465251281,287.0,25
1719465252031,288.1,50
1719465252458,286.55,25
1719465253059,284.75,25
1719465253807,287.35,325
1719465254862,287.25,25
1719465254862,287.25,25
1719465255627,287.65,50
1719465256127,289.25,150
1719465256127,289.25,150
1719465257888,289.45,75
1719465258538,286.25,25
1719465258609,286.3,50
1719465259455,284.55,25
1719465260109,285.5,25
1719465260718,285.1,25
1719465261457,286.75,25
1719465261457,286.75,25
1719465262509,287.65,25
1719465263577,284.85,25
1719465263577,284.85,25
1719465265006,287.7,25
1719465265006,287.7,25
1719465265835,286.65,25
1719465266743,289.75,50
1719465266743,289.75,50
1719465267642,288.9,50
1719465268535,288.9,200
1719465268535,288.9,200
1719465269569,286.5,275
1719465270193,284.45,25
1719465270193,284.45,25
1719465270193,284.45,25
1719465271324,281.65,25
1719465271324,281.65,25
1719465272273,282.85,25
1719465273499,280.8,50
1719465273499,280.8,50
1719465274585,280.4,25
1719465275137,281.8,25
1719465275573,282.45,100
1719465276840,282.4,25
1719465276840,282.4,25
1719465278011,283.5,125
1719465278413,283.1,25
1719465278413,283.1,25
1719465279418,283.5,50
1719465279418,283.5,50
1719465280466,283.0,25
1719465280784,283.5,25
1719465281912,284.95,50
1719465282751,285.4,25
1719465282751,285.4,25
1719465284261,286.7,250
1719465285081,286.55,50
1719465286354,283.7,25
1719465286955,284.95,250
1719465286955,284.95,250
1719465287638,286.25,25
1719465288285,286.55,25
1719465288285,286.55,25
1719465289664,286.95,50
1719465290094,287.0,50
1719465290408,285.6,50
1719465291924,286.35,125
1719465292848,288.3,50
1719465293560,288.3,50
1719465293560,288.3,50
1719465294896,289.95,100
1719465294896,289.95,100
1719465295383,288.6,325
1719465297080,288.05,25
1719465297443,287.45,25
1719465297981,286.95,25
1719465297981,286.95,25
1719465300013,287.0,250
1719465300013,287.0,250
1719465300013,287.0,250
1719465301164,285.5,50
1719465301164,285.5,50
1719465302111,285.0,25
1719465303604,283.0,25
1719465303717,282.45,200
1719465304563,281.5,250
1719465305164,279.0,100
1719465305607,276.45,150
1719465306886,277.3,25
1719465306886,277.3,25
1719465308084,277.7,150
1719465308390,277.8,125
1719465308390,277.8,125
1719465309641,279.95,150
1719465309641,279.95,150
1719465310709,279.25,25
1719465311790,277.6,25
1719465312860,278.3,25
1719465313596,278.25,100
1719465313596,278.25,100
1719465314742,278.45,50
1719465314742,278.45,50
1719465315593,278.9,50
1719465315593,278.9,50
1719465317484,277.75,50
1719465317720,278.5,50
1719465318510,276.9,25
1719465318510,276.9,25
1719465319880,277.75,50
1719465319956,277.6,100
1719465320831,278.9,50
1719465321816,279.05,125
1719465322083,279.95,125
1719465323697,276.9,50
1719465323762,277.55,50
1719465324760,278.7,200
1719465324760,278.7,200
1719465325456,278.3,25
1719465326015,277.3,125
1719465328080,276.75,50
1719465328716,277.1,25
1719465328919,277.95,100
1719465330212,279.0,75
1719465330418,280.0,25
1719465330580,280.9,150
1719465331792,282.6,75
1719465331792,282.6,75
1719465332729,280.95,50
1719465332729,280.95,50
1719465334845,280.0,25
1719465334845,280.0,25
1719465335738,281.4,25
1719465336327,281.2,25
1719465337625,278.5,50
1719465338161,277.95,25
1719465338161,277.95,25
1719465339403,277.3,25
1719465339403,277.3,25
1719465341047,277.6,25
1719465341152,277.75,25
1719465341865,278.55,250
1719465342415,278.85,275
1719465342415,278.85,275
1719465343891,280.25,25
1719465344897,281.15,25
1719465345245,282.45,150
1719465345886,281.4,50
1719465346328,282.2,50
1719465346328,282.2,50
1719465347672,282.7,25
1719465347672,282.7,25
1719465349047,280.65,25
1719465349047,280.65,25
1719465350723,283.0,25
1719465351005,282.85,200
1719465353578,282.75,100
1719465353834,283.5,100
1719465354234,283.0,25
1719465354234,283.0,25
1719465355934,283.75,125
1719465355934,283.75,125
1719465355934,283.75,125
1719465357037,282.75,200
1719465358114,280.0,25
1719465358777,279.9,200
1719465359739,279.55,25
1719465359739,279.55,25
1719465359739,279.55,25
1719465360587,280.05,25
1719465360587,280.05,25
1719465360587,280.05,25
1719465363986,280.65,75
1719465365033,281.25,75
1719465365033,281.25,75
1719465365961,281.15,50
1719465365961,281.15,50
1719465367006,283.5,50
1719465367343,283.0,25
1719465368316,282.55,25
1719465368882,281.55,50
1719465369490,282.45,25
1719465369822,283.35,50
1719465369822,283.35,50
1719465369822,283.35,50
1719465372303,283.0,50
1719465372303,283.0,50
1719465372303,283.0,50
1719465375907,283.3,25
1719465376733,283.65,25
1719465376733,283.65,25
1719465377407,282.9,50
1719465378443,282.8,25
1719465378733,282.5,100
1719465379682,283.65,175
1719465379682,283.65,175
1719465379682,283.65,175
1719465382909,284.2,25
1719465383356,284.65,25
1719465383356,284.65,25
1719465384756,284.1,75
1719465384756,284.1,75
1719465386504,284.7,175
1719465386943,284.05,75
1719465387737,283.8,100
1719465387737,283.8,100
1719465389152,282.85,25
1719465389720,283.7,50
1719465390016,283.15,25
1719465390016,283.15,25
1719465390940,280.35,50
1719465391402,280.75,25
1719465391402,280.75,25
1719465392944,279.1,400
1719465392944,279.1,400
1719465393697,278.95,200
1719465394143,277.2,50
1719465395141,279.3,100
1719465395141,279.3,100
1719465397131,279.0,50
1719465398124,282.0,25
1719465398124,282.0,25
1719465400282,284.75,50
1719465400282,284.75,50
1719465402119,285.25,25
1719465402910,285.25,25
1719465403659,284.2,75
1719465404441,284.25,100
1719465405329,283.25,25
1719465405329,283.25,25
1719465406560,283.25,25
1719465406560,283.25,25
1719465407848,283.85,25
1719465408151,283.65,175
1719465408151,283.65,175
1719465409877,283.15,25
1719465409877,283.15,25
1719465409877,283.15,25
1719465409877,283.15,25
1719465413786,284.05,25
1719465415319,283.2,50
1719465415724,284.0,50
1719465416684,283.05,50
1719465416684,283.05,50
1719465416684,283.05,50
1719465416684,283.05,50
1719465420660,282.95,50
1719465420660,282.95,50
1719465422124,282.85,25
1719465422620,283.15,25
1719465422620,283.15,25
1719465425166,281.9,25
1719465425166,281.9,25
1719465425802,282.35,25
1719465426105,282.4,25
1719465426105,282.4,25
1719465427545,282.25,25
1719465428099,282.45,125
1719465428099,282.45,125
1719465429834,281.6,25
1719465429834,281.6,25
1719465430477,281.7,275
1719465431633,283.5,75
1719465431633,283.5,75
1719465432391,284.0,50
1719465432391,284.0,50
1719465433921,284.95,25
1719465433921,284.95,25
1719465433921,284.95,25
1719465437903,283.05,75
1719465438275,282.3,25
1719465438275,282.3,25
1719465439115,282.9,75
1719465440183,282.75,25
1719465440183,282.75,25
1719465440183,282.75,25
1719465443123,280.95,25
1719465443123,280.95,25
1719465444352,279.55,175
1719465445089,279.9,200
1719465445286,281.25,50
1719465445646,281.95,25
1719465446334,281.85,200
1719465447527,282.0,25
1719465447527,282.0,25
1719465450330,280.6,50
1719465450330,280.6,50
1719465451321,281.25,25
1719465451321,281.25,25
1719465452229,281.7,125
1719465452229,281.7,125
1719465454305,280.9,25
1719465455472,281.7,125
