time,price,volume
1719461500824,404.7,25
1719461500824,404.7,25
1719461500824,404.7,25
1719461500824,404.7,25
1719461508196,404.4,25
1719461508196,404.4,25
1719461508196,404.4,25
1719461510956,403.4,25
1719461510956,403.4,25
1719461510956,403.4,25
1719461510956,403.4,25
1719461510956,403.4,25
1719461510956,403.4,25
1719461510956,403.4,25
1719461510956,403.4,25
1719461510956,403.4,25
1719461510956,403.4,25
1719461521710,404.55,25
1719461521710,404.55,25
1719461521710,404.55,25
1719461524157,399.9,25
1719461524405,400.0,25
1719461524405,400.0,25
1719461524405,400.0,25
1719461524405,400.0,25
1719461528675,396.6,75
1719461528675,396.6,75
1719461528675,396.6,75
1719461528675,396.6,75
1719461528675,396.6,75
1719461528675,396.6,75
1719461528675,396.6,75
1719461528675,396.6,75
1719461528675,396.6,75
1719461528675,396.6,75
1719461528675,396.6,75
1719461528675,396.6,75
1719461528675,396.6,75
1719461528675,396.6,75
1719461528675,396.6,75
1719461528675,396.6,75
1719461548627,396.6,25
1719461548627,396.6,25
1719461548627,396.6,25
1719461548627,396.6,25
1719461548627,396.6,25
1719461552354,396.45,25
1719461552354,396.45,25
1719461553601,395.35,25
1719461553601,395.35,25
1719461553601,395.35,25
1719461553601,395.35,25
1719461553601,395.35,25
1719461553601,395.35,25
1719461553601,395.35,25
1719461553601,395.35,25
1719461553601,395.35,25
1719461553601,395.35,25
1719461553601,395.35,25
1719461565365,392.0,25
1719461565365,392.0,25
1719461565365,392.0,25
1719461567820,391.85,25
1719461567820,391.85,25
1719461567820,391.85,25
1719461567820,391.85,25
1719461567820,391.85,25
1719461572234,394.25,25
1719461572234,394.25,25
1719461572234,394.25,25
1719461572234,394.25,25
1719461572234,394.25,25
1719461572234,394.25,25
1719461572234,394.25,25
1719461572234,394.25,25
1719461572234,394.25,25
1719461572234,394.25,25
1719461572234,394.25,25
1719461584793,397.3,25
1719461585981,396.0,25
1719461585981,396.0,25
1719461588067,394.25,25
1719461588456,394.3,50
1719461588456,394.3,50
1719461588456,394.3,50
1719461588456,394.3,50
1719461588456,394.3,50
1719461588456,394.3,50
1719461588456,394.3,50
1719461588456,394.3,50
1719461588456,394.3,50
1719461588456,394.3,50
1719461588456,394.3,50
1719461588456,394.3,50
1719461588456,394.3,50
1719461588456,394.3,50
1719461588456,394.3,50
1719461588456,394.3,50
1719461607147,396.1,25
1719461607147,396.1,25
1719461607147,396.1,25
1719461607147,396.1,25
1719461607147,396.1,25
1719461607147,396.1,25
1719461607147,396.1,25
1719461607147,396.1,25
1719461607147,396.1,25
1719461607147,396.1,25
1719461607147,396.1,25
1719461607147,396.1,25
1719461607147,396.1,25
1719461607147,396.1,25
1719461607147,396.1,25
1719461607147,396.1,25
1719461623670,396.75,50
1719461624487,399.75,50
1719461624487,399.75,50
1719461624855,400.2,25
1719461624855,400.2,25
1719461624855,400.2,25
1719461624855,400.2,25
1719461624855,400.2,25
1719461624855,400.2,25
1719461624855,400.2,25
1719461632390,400.1,100
1719461632390,400.1,100
1719461632390,400.1,100
1719461632390,400.1,100
1719461632390,400.1,100
1719461632390,400.1,100
1719461632390,400.1,100
1719461632390,400.1,100
1719461632390,400.1,100
1719461632390,400.1,100
1719461642455,398.35,25
1719461642455,398.35,25
1719461642455,398.35,25
1719461642455,398.35,25
1719461642455,398.35,25
1719461642455,398.35,25
1719461642455,398.35,25
1719461642455,398.35,25
1719461642455,398.35,25
1719461642455,398.35,25
1719461642455,398.35,25
1719461642455,398.35,25
1719461642455,398.35,25
1719461642455,398.35,25
1719461642455,398.35,25
1719461658316,400.25,125
1719461658316,400.25,125
1719461659049,400.05,25
1719461659049,400.05,25
1719461659049,400.05,25
1719461659049,400.05,25
1719461663579,395.6,25
1719461663771,396.35,25
1719461663771,396.35,25
1719461663771,396.35,25
1719461663771,396.35,25
1719461663771,396.35,25
1719461669319,399.05,25
1719461669319,399.05,25
1719461669319,399.05,25
1719461669319,399.05,25
1719461669319,399.05,25
1719461669319,399.05,25
1719461674286,397.85,100
1719461674286,397.85,100
1719461674286,397.85,100
1719461674286,397.85,100
1719461674286,397.85,100
1719461679376,397.5,25
1719461679376,397.5,25
1719461679376,397.5,25
1719461679376,397.5,25
1719461679376,397.5,25
1719461679376,397.5,25
1719461679376,397.5,25
1719461679376,397.5,25
1719461686342,401.7,25
1719461686342,401.7,25
1719461686342,401.7,25
1719461686342,401.7,25
1719461686342,401.7,25
1719461686342,401.7,25
1719461686342,401.7,25
1719461686342,401.7,25
1719461694023,400.65,25
1719461694023,400.65,25
1719461694023,400.65,25
1719461694023,400.65,25
1719461698688,399.6,100
1719461698688,399.6,100
1719461698820,399.35,25
1719461698820,399.35,25
1719461698820,399.35,25
1719461698820,399.35,25
1719461701765,402.7,25
1719461702418,405.0,25
1719461703024,403.25,50
1719461703024,403.25,50
1719461704794,403.0,25
1719461704794,403.0,25
1719461704794,403.0,25
1719461704794,403.0,25
1719461707801,396.3,25
1719461707801,396.3,25
1719461707801,396.3,25
1719461707801,396.3,25
1719461707801,396.3,25
1719461707801,396.3,25
1719461713684,398.95,25
1719461713684,398.95,25
1719461713684,398.95,25
1719461713684,398.95,25
1719461713684,398.95,25
1719461713684,398.95,25
1719461713684,398.95,25
1719461713684,398.95,25
1719461713684,398.95,25
1719461713684,398.95,25
1719461713684,398.95,25
1719461713684,398.95,25
1719461713684,398.95,25
1719461713684,398.95,25
1719461713684,398.95,25
1719461713684,398.95,25
1719461713684,398.95,25
1719461713684,398.95,25
1719461731668,403.4,25
1719461731668,403.4,25
1719461734237,412.2,25
1719461734237,412.2,25
1719461734237,412.2,25
1719461736631,415.05,25
1719461737362,413.5,25
1719461737396,412.1,100
1719461737396,412.1,100
1719461739306,406.85,25
1719461739306,406.85,25
1719461741232,409.4,75
1719461741232,409.4,75
1719461741232,409.4,75
1719461741232,409.4,75
1719461741232,409.4,75
1719461741232,409.4,75
1719461741232,409.4,75
1719461741232,409.4,75
1719461741232,409.4,75
1719461741232,409.4,75
1719461741232,409.4,75
1719461752591,415.45,25
1719461752591,415.45,25
1719461754215,412.85,25
1719461754215,412.85,25
1719461756622,412.25,25
1719461757066,413.8,25
1719461757066,413.8,25
1719461758249,411.55,25
1719461758424,412.1,25
1719461758424,412.1,25
1719461758424,412.1,25
1719461758424,412.1,25
1719461758424,412.1,25
1719461758424,412.1,25
1719461768176,412.1,25
1719461768211,412.8,25
1719461768211,412.8,25
1719461768211,412.8,25
1719461768211,412.8,25
1719461772254,410.0,75
1719461772254,410.0,75
1719461772254,410.0,75
1719461772254,410.0,75
1719461772254,410.0,75
1719461772254,410.0,75
1719461772254,410.0,75
1719461793106,417.1,25
1719461793106,417.1,25
1719461795411,416.0,25
1719461795411,416.0,25
1719461795411,416.0,25
1719461795411,416.0,25
1719461795411,416.0,25
1719461800349,417.3,50
1719461800349,417.3,50
1719461800349,417.3,50
1719461803065,417.7,50
1719461803797,418.0,25
1719461803797,418.0,25
1719461803797,418.0,25
1719461803797,418.0,25
1719461808454,417.45,25
1719461808454,417.45,25
1719461808454,417.45,25
1719461808454,417.45,25
1719461808454,417.45,25
1719461815055,416.0,25
1719461815055,416.0,25
1719461850514,410.45,100
1719461850514,410.45,100
1719461850514,410.45,100
1719461850514,410.45,100
1719461850514,410.45,100
1719461873625,408.95,25
1719461873625,408.95,25
1719461873625,408.95,25
1719461873625,408.95,25
1719461873625,408.95,25
1719461873625,408.95,25
1719461879870,406.9,25
1719461879870,406.9,25
1719461879870,406.9,25
1719461881872,406.35,25
1719461883222,405.85,25
1719461883222,405.85,25
1719461883222,405.85,25
1719461883222,405.85,25
1719461883222,405.85,25
1719461883222,405.85,25
1719461883222,405.85,25
1719461883222,405.85,25
1719461891598,406.0,25
1719461891598,406.0,25
1719461891598,406.0,25
1719461891598,406.0,25
1719461891598,406.0,25
1719461891598,406.0,25
1719461891598,406.0,25
1719461891598,406.0,25
1719461891598,406.0,25
1719461891598,406.0,25
1719461891598,406.0,25
1719461891598,406.0,25
1719461906933,405.8,25
1719461906933,405.8,25
1719461907747,407.55,25
1719461907747,407.55,25
1719461908875,406.3,25
1719461908875,406.3,25
1719461910658,405.15,25
1719461911266,404.45,25
1719461911332,403.0,25
1719461911332,403.0,25
1719461911332,403.0,25
1719461911332,403.0,25
1719461911332,403.0,25
1719461917025,402.7,25
1719461917025,402.7,25
1719461917025,402.7,25
1719461917025,402.7,25
1719461917025,402.7,25
1719461917025,402.7,25
1719461917025,402.7,25
1719461923812,405.5,25
1719461923812,405.5,25
1719461923812,405.5,25
1719461923812,405.5,25
1719461927911,407.0,25
1719461927911,407.0,25
1719461929302,407.0,25
1719461929302,407.0,25
1719461929856,407.0,625
1719461929856,407.0,625
1719461929856,407.0,625
1719461929856,407.0,625
1719461929856,407.0,625
1719461933708,407.0,25
1719461933794,407.0,625
1719461933794,407.0,625
1719461933794,407.0,625
1719461933794,407.0,625
1719461933794,407.0,625
1719461933794,407.0,625
1719461933794,407.0,625
1719461933794,407.0,625
1719461933794,407.0,625
1719461933794,407.0,625
1719461933794,407.0,625
1719461933794,407.0,625
1719461933794,407.0,625
1719461933794,407.0,625
1719461933794,407.0,625
1719461933794,407.0,625
1719461933794,407.0,625
1719461933794,407.0,625
1719461933794,407.0,625
1719461954893,410.45,25
1719461954893,410.45,25
1719461954893,410.45,25
1719461954893,410.45,25
1719461954893,410.45,25
1719461954893,410.45,25
1719461954893,410.45,25
1719461963145,420.0,25
1719461963145,420.0,25
1719461963145,420.0,25
1719461963145,420.0,25
1719461963145,420.0,25
1719461963145,420.0,25
1719461963145,420.0,25
1719461963145,420.0,25
1719461963145,420.0,25
1719461972529,419.55,25
1719461972529,419.55,25
1719461972529,419.55,25
1719461975304,417.0,400
1719461975486,417.0,425
1719461975486,417.0,425
1719461975486,417.0,425
1719461975486,417.0,425
1719461975486,417.0,425
1719461975486,417.0,425
1719461982642,417.4,25
1719461982905,417.6,25
1719461982905,417.6,25
1719461984873,421.15,25
1719461984873,421.15,25
1719461984873,421.15,25
1719461987171,421.25,50
1719461987171,421.25,50
1719461987171,421.25,50
1719461987171,421.25,50
1719461987171,421.25,50
1719461987171,421.25,50
1719461987171,421.25,50
1719461994772,420.5,25
1719461994772,420.5,25
1719461995861,421.25,25
1719461996717,418.6,25
1719461996717,418.6,25
1719461997933,419.0,25
1719461997933,419.0,25
1719461997933,419.0,25
1719461997933,419.0,25
1719461997933,419.0,25
1719462003086,420.9,25
1719462003086,420.9,25
1719462004323,420.35,25
1719462004323,420.35,25
1719462004323,420.35,25
1719462004323,420.35,25
1719462009714,423.95,25
1719462010140,423.5,25
1719462010140,423.5,25
1719462011555,421.75,25
1719462011770,421.75,25
1719462011770,421.75,25
1719462011770,421.75,25
1719462011770,421.75,25
1719462011770,421.75,25
1719462018303,423.2,25
1719462018303,423.2,25
1719462018303,423.2,25
1719462018303,423.2,25
1719462022227,420.0,225
1719462022227,420.0,225
1719462024020,419.65,25
1719462024020,419.65,25
1719462024020,419.65,25
1719462024020,419.65,25
1719462024020,419.65,25
1719462028894,418.35,25
1719462028894,418.35,25
1719462028894,418.35,25
1719462028894,418.35,25
1719462028894,418.35,25
1719462028894,418.35,25
1719462028894,418.35,25
1719462028894,418.35,25
1719462028894,418.35,25
1719462028894,418.35,25
1719462028894,418.35,25
1719462028894,418.35,25
1719462028894,418.35,25
1719462028894,418.35,25
1719462028894,418.35,25
1719462028894,418.35,25
1719462028894,418.35,25
1719462028894,418.35,25
1719462028894,418.35,25
1719462028894,418.35,25
1719462028894,418.35,25
1719462028894,418.35,25
1719462028894,418.35,25
1719462028894,418.35,25
1719462028894,418.35,25
1719462058453,418.35,175
1719462058453,418.35,175
1719462058453,418.35,175
1719462058453,418.35,175
1719462058453,418.35,175
1719462058453,418.35,175
1719462063964,418.55,25
1719462063964,418.55,25
1719462063964,418.55,25
1719462063964,418.55,25
1719462068281,418.55,50
1719462068281,418.55,50
1719462068281,418.55,50
1719462068281,418.55,50
1719462068281,418.55,50
1719462068281,418.55,50
1719462068281,418.55,50
1719462074241,418.15,25
1719462074241,418.15,25
1719462074241,418.15,25
1719462074241,418.15,25
1719462074241,418.15,25
1719462074241,418.15,25
1719462074241,418.15,25
1719462074241,418.15,25
1719462074241,418.15,25
1719462074241,418.15,25
1719462074241,418.15,25
1719462074241,418.15,25
1719462074241,418.15,25
1719462074241,418.15,25
1719462074241,418.15,25
1719462074241,418.15,25
1719462074241,418.15,25
1719462074241,418.15,25
1719462074241,418.15,25
1719462074241,418.15,25
1719462074241,418.15,25
1719462074241,418.15,25
1719462074241,418.15,25
1719462074241,418.15,25
1719462074241,418.15,25
1719462074241,418.15,25
1719462103921,415.2,100
1719462103921,415.2,100
1719462103921,415.2,100
1719462103921,415.2,100
1719462103921,415.2,100
1719462108524,416.0,25
1719462108524,416.0,25
1719462108524,416.0,25
1719462108524,416.0,25
1719462112857,418.15,100
1719462112857,418.15,100
1719462112857,418.15,100
1719462112857,418.15,100
1719462112857,418.15,100
1719462112857,418.15,100
1719462112857,418.15,100
1719462112857,418.15,100
1719462112857,418.15,100
1719462112857,418.15,100
1719462112857,418.15,100
1719462126669,413.65,25
1719462126669,413.65,25
1719462126669,413.65,25
1719462126669,413.65,25
1719462126669,413.65,25
1719462126669,413.65,25
1719462126669,413.65,25
1719462126669,413.65,25
1719462126669,413.65,25
1719462126669,413.65,25
1719462126669,413.65,25
1719462126669,413.65,25
1719462140781,410.15,100
1719462140781,410.15,100
1719462142883,410.65,25
1719462142883,410.65,25
1719462142883,410.65,25
1719462142883,410.65,25
1719462142883,410.65,25
1719462142883,410.65,25
1719462148785,412.6,25
1719462148785,412.6,25
1719462148785,412.6,25
1719462148785,412.6,25
1719462148785,412.6,25
1719462148785,412.6,25
1719462148785,412.6,25
1719462148785,412.6,25
1719462148785,412.6,25
1719462148785,412.6,25
1719462148785,412.6,25
1719462148785,412.6,25
1719462148785,412.6,25
1719462148785,412.6,25
1719462148785,412.6,25
1719462148785,412.6,25
1719462148785,412.6,25
1719462148785,412.6,25
1719462166826,409.5,75
1719462166826,409.5,75
1719462166826,409.5,75
1719462170422,408.45,100
1719462170422,408.45,100
1719462170422,408.45,100
1719462170422,408.45,100
1719462174225,411.05,25
1719462174225,411.05,25
1719462174225,411.05,25
1719462177027,408.75,25
1719462177754,409.0,25
1719462178147,406.9,275
1719462178147,406.9,275
1719462178147,406.9,275
1719462178147,406.9,275
1719462178147,406.9,275
1719462181875,407.1,25
1719462181875,407.1,25
1719462183043,406.6,50
1719462183043,406.6,50
1719462184811,406.05,275
1719462184811,406.05,275
1719462184811,406.05,275
1719462187033,404.8,25
1719462187033,404.8,25
1719462187033,404.8,25
1719462187033,404.8,25
1719462187033,404.8,25
1719462187033,404.8,25
1719462187033,404.8,25
1719462187033,404.8,25
1719462187033,404.8,25
1719462187033,404.8,25
1719462187033,404.8,25
1719462199334,407.25,25
1719462199334,407.25,25
1719462199334,407.25,25
1719462199334,407.25,25
1719462199334,407.25,25
1719462199334,407.25,25
1719462205861,411.3,25
1719462206291,412.95,100
1719462207479,411.5,75
1719462207479,411.5,75
1719462207479,411.5,75
1719462207479,411.5,75
1719462207479,411.5,75
1719462207479,411.5,75
1719462207479,411.5,75
1719462207479,411.5,75
1719462207479,411.5,75
1719462207479,411.5,75
1719462207479,411.5,75
1719462207479,411.5,75
1719462220276,409.5,25
1719462220276,409.5,25
1719462220276,409.5,25
1719462220276,409.5,25
1719462220276,409.5,25
1719462220276,409.5,25
1719462220276,409.5,25
1719462220276,409.5,25
1719462220276,409.5,25
1719462220276,409.5,25
1719462220276,409.5,25
1719462220276,409.5,25
1719462220276,409.5,25
1719462220276,409.5,25
1719462220276,409.5,25
1719462220276,409.5,25
1719462220276,409.5,25
1719462220276,409.5,25
1719462220276,409.5,25
1719462220276,409.5,25
1719462220276,409.5,25
1719462220276,409.5,25
1719462220276,409.5,25
1719462220276,409.5,25
1719462220276,409.5,25
1719462220276,409.5,25
1719462220276,409.5,25
1719462220276,409.5,25
1719462220276,409.5,25
1719462220276,409.5,25
1719462220276,409.5,25
1719462220276,409.5,25
1719462220276,409.5,25
1719462220276,409.5,25
1719462220276,409.5,25
1719462220276,409.5,25
1719462220276,409.5,25
1719462220276,409.5,25
1719462220276,409.5,25
1719462220276,409.5,25
1719462220276,409.5,25
1719462220276,409.5,25
1719462220276,409.5,25
1719462220276,409.5,25
1719462220276,409.5,25
1719462220276,409.5,25
1719462220276,409.5,25
1719462220276,409.5,25
1719462220276,409.5,25
1719462220276,409.5,25
1719462220276,409.5,25
1719462220276,409.5,25
1719462220276,409.5,25
1719462284993,414.8,25
1719462284993,414.8,25
1719462284993,414.8,25
1719462284993,414.8,25
1719462289855,417.75,25
1719462289855,417.75,25
1719462289855,417.75,25
1719462289855,417.75,25
1719462289855,417.75,25
1719462289855,417.75,25
1719462289855,417.75,25
1719462299026,417.6,25
1719462325355,420.75,25
1719462325355,420.75,25
1719462325355,420.75,25
1719462325355,420.75,25
1719462333734,422.7,50
1719462333734,422.7,50
1719462333734,422.7,50
1719462333734,422.7,50
1719462333734,422.7,50
1719462337924,422.0,25
1719462337924,422.0,25
1719462337924,422.0,25
1719462337924,422.0,25
1719462342396,420.8,25
1719462344695,422.95,25
1719462344695,422.95,25
1719462344695,422.95,25
1719462344695,422.95,25
1719462344695,422.95,25
1719462354800,419.5,25
1719462354905,419.7,100
1719462354905,419.7,100
1719462354905,419.7,100
1719462354905,419.7,100
1719462354905,419.7,100
1719462354905,419.7,100
1719462361015,419.7,100
1719462361025,419.7,225
1719462361025,419.7,225
1719462361025,419.7,225
1719462361025,419.7,225
1719462361025,419.7,225
1719462361025,419.7,225
1719462361025,419.7,225
1719462361025,419.7,225
1719462361025,419.7,225
1719462361025,419.7,225
1719462361025,419.7,225
1719462405493,430.8,50
1719462405493,430.8,50
1719462405493,430.8,50
1719462407784,433.5,25
1719462408519,437.75,25
1719462408519,437.75,25
1719462409796,434.25,25
1719462410809,434.35,100
1719462410809,434.35,100
1719462410809,434.35,100
1719462413103,434.2,50
1719462413103,434.2,50
1719462414817,438.0,150
1719462415125,440.05,25
1719462415125,440.05,25
1719462415125,440.05,25
1719462415125,440.05,25
1719462419074,444.2,25
1719462419330,444.35,50
1719462419330,444.35,50
1719462420169,445.95,50
1719462420169,445.95,50
1719462421800,451.0,25
1719462421925,452.05,25
1719462421925,452.05,25
1719462421925,452.05,25
1719462424508,449.4,50
1719462425018,450.15,50
1719462425018,450.15,50
1719462425018,450.15,50
1719462427530,447.6,25
1719462427530,447.6,25
1719462429231,449.4,75
1719462429231,449.4,75
1719462429231,449.4,75
1719462429231,449.4,75
1719462429231,449.4,75
1719462435138,449.4,75
1719462435138,449.4,75
1719462435742,449.3,25
1719462436113,451.0,75
1719462436113,451.0,75
1719462436113,451.0,75
1719462436113,451.0,75
1719462439695,449.4,25
1719462439695,449.4,25
1719462439695,449.4,25
1719462439695,449.4,25
1719462444663,450.4,100
1719462444663,450.4,100
1719462447185,450.35,25
1719462447185,450.35,25
1719462447185,450.35,25
1719462449202,450.45,25
1719462449202,450.45,25
1719462449202,450.45,25
1719462451403,449.8,25
1719462451403,449.8,25
1719462452858,446.8,25
1719462452858,446.8,25
1719462454873,449.65,25
1719462455129,450.0,25
1719462457624,451.15,75
1719462457624,451.15,75
1719462457624,451.15,75
1719462457624,451.15,75
1719462457624,451.15,75
1719462462683,451.4,50
1719462462683,451.4,50
1719462462683,451.4,50
1719462465393,452.8,25
1719462465990,454.55,25
1719462465990,454.55,25
1719462467062,457.9,25
1719462467062,457.9,25
1719462467062,457.9,25
1719462470766,460.9,25
1719462470766,460.9,25
1719462470766,460.9,25
1719462473072,465.0,125
1719462473788,465.0,75
1719462473788,465.0,75
1719462473788,465.0,75
1719462473788,465.0,75
1719462479212,463.15,100
1719462479212,463.15,100
1719462479913,462.35,25
1719462481229,467.55,50
1719462481229,467.55,50
1719462481229,467.55,50
1719462484900,471.55,25
1719462484900,471.55,25
1719462484900,471.55,25
1719462484900,471.55,25
1719462490694,470.8,25
1719462490694,470.8,25
1719462493344,468.35,100
1719462493580,468.0,150
1719462493580,468.0,150
1719462493580,468.0,150
1719462493580,468.0,150
1719462497946,466.55,25
1719462497946,466.55,25
1719462499472,464.3,50
1719462499472,464.3,50
1719462501442,465.8,50
1719462501442,465.8,50
1719462501442,465.8,50
1719462501442,465.8,50
1719462501442,465.8,50
1719462507150,472.15,25
1719462507150,472.15,25
1719462507150,472.15,25
1719462507150,472.15,25
1719462507150,472.15,25
1719462507150,472.15,25
1719462517297,473.45,50
1719462517297,473.45,50
1719462518641,471.25,25
1719462518933,469.8,100
1719462519500,470.95,25
1719462519500,470.95,25
1719462519500,470.95,25
1719462519500,470.95,25
1719462525855,467.6,25
1719462525855,467.6,25
1719462526920,468.05,100
1719462526920,468.05,100
1719462533916,469.2,50
1719462533916,469.2,50
1719462533916,469.2,50
1719462533916,469.2,50
1719462533916,469.2,50
1719462533916,469.2,50
1719462533916,469.2,50
1719462560779,472.55,25
1719462560779,472.55,25
1719462560779,472.55,25
1719462563097,474.15,25
1719462563097,474.15,25
1719462563097,474.15,25
1719462563097,474.15,25
1719462567491,472.8,25
1719462567491,472.8,25
1719462567491,472.8,25
1719462574507,475.1,50
1719462575797,475.05,25
1719462575797,475.05,25
1719462593755,473.3,25
1719462602394,479.5,25
1719462602394,479.5,25
1719462604176,475.8,25
1719462604176,475.8,25
1719462605576,476.9,375
1719462605942,475.4,25
1719462607172,476.1,25
1719462607172,476.1,25
1719462608560,476.2,25
1719462608560,476.2,25
1719462608560,476.2,25
1719462611595,474.1,25
1719462612161,474.05,50
1719462612161,474.05,50
1719462612161,474.05,50
1719462612161,474.05,50
1719462615284,476.0,25
1719462615284,476.0,25
1719462616615,475.05,100
1719462616817,474.25,25
1719462616817,474.25,25
1719462616817,474.25,25
1719462616817,474.25,25
1719462616817,474.25,25
1719462616817,474.25,25
1719462616817,474.25,25
1719462616817,474.25,25
1719462616817,474.25,25
1719462616817,474.25,25
1719462616817,474.25,25
1719462616817,474.25,25
1719462616817,474.25,25
1719462616817,474.25,25
1719462616817,474.25,25
1719462616817,474.25,25
1719462616817,474.25,25
1719462616817,474.25,25
1719462616817,474.25,25
1719462616817,474.25,25
1719462616817,474.25,25
1719462642074,477.0,25
1719462642074,477.0,25
1719462644006,473.75,25
1719462644006,473.75,25
1719462644006,473.75,25
1719462644006,473.75,25
1719462647520,477.6,50
1719462647520,477.6,50
1719462647520,477.6,50
1719462647520,477.6,50
1719462650874,475.8,25
1719462651178,475.95,25
1719462651178,475.95,25
1719462656275,478.35,25
1719462656275,478.35,25
1719462659529,482.0,25
1719462659529,482.0,25
1719462660488,485.0,25
1719462660767,485.0,75
1719462660767,485.0,75
1719462661511,486.45,100
1719462661511,486.45,100
1719462661511,486.45,100
1719462661511,486.45,100
1719462667411,486.8,50
1719462667411,486.8,50
1719462668957,488.75,25
1719462668957,488.75,25
1719462668957,488.75,25
1719462668957,488.75,25
1719462668957,488.75,25
1719462674689,485.7,325
1719462674689,485.7,325
1719462674689,485.7,325
1719462674689,485.7,325
1719462674689,485.7,325
1719462674689,485.7,325
1719462674689,485.7,325
1719462674689,485.7,325
1719462674689,485.7,325
1719462687419,488.95,25
1719462687419,488.95,25
1719462687419,488.95,25
1719462687419,488.95,25
1719462691165,489.6,25
1719462691165,489.6,25
1719462691165,489.6,25
1719462691165,489.6,25
1719462691165,489.6,25
1719462691165,489.6,25
1719462699809,489.55,25
1719462699809,489.55,25
1719462699809,489.55,25
1719462728957,507.1,25
1719462735854,502.05,25
1719462736831,501.25,25
1719462736831,501.25,25
1719462736831,501.25,25
1719462739744,500.0,50
1719462739744,500.0,50
1719462739744,500.0,50
1719462739744,500.0,50
1719462739744,500.0,50
1719462739744,500.0,50
1719462739744,500.0,50
1719462739744,500.0,50
1719462739744,500.0,50
1719462739744,500.0,50
1719462739744,500.0,50
1719462752057,499.75,25
1719462752057,499.75,25
1719462752057,499.75,25
1719462755204,502.1,25
1719462755204,502.1,25
1719462755204,502.1,25
1719462758119,503.3,25
1719462759155,503.4,25
1719462759155,503.4,25
1719462759155,503.4,25
1719462763976,499.1,125
1719462763976,499.1,125
1719462763976,499.1,125
1719462771775,507.35,25
1719462771775,507.35,25
1719462774322,507.95,25
1719462774322,507.95,25
1719462774322,507.95,25
1719462774322,507.95,25
1719462774322,507.95,25
1719462774322,507.95,25
1719462774322,507.95,25
1719462774322,507.95,25
1719462774322,507.95,25
1719462774322,507.95,25
1719462785541,511.55,25
1719462785541,511.55,25
1719462785541,511.55,25
1719462788924,511.0,25
1719462788924,511.0,25
1719462789925,513.35,25
1719462789925,513.35,25
1719462792123,513.4,25
1719462792123,513.4,25
1719462793017,513.3,25
1719462793017,513.3,25
1719462793017,513.3,25
1719462793017,513.3,25
1719462793017,513.3,25
1719462793017,513.3,25
1719462793017,513.3,25
1719462793017,513.3,25
1719462793017,513.3,25
1719462793017,513.3,25
1719462806172,513.45,25
1719462806172,513.45,25
1719462806172,513.45,25
1719462806172,513.45,25
1719462809984,507.25,25
1719462809984,507.25,25
1719462809984,507.25,25
1719462812568,505.05,50
1719462812568,505.05,50
1719462812568,505.05,50
1719462812568,505.05,50
1719462816010,508.4,25
1719462816010,508.4,25
1719462816010,508.4,25
1719462816010,508.4,25
1719462816010,508.4,25
1719462816010,508.4,25
1719462816010,508.4,25
1719462825658,506.1,25
1719462825658,506.1,25
1719462825658,506.1,25
1719462825658,506.1,25
1719462829835,503.75,25
1719462829835,503.75,25
1719462830864,504.15,75
1719462830864,504.15,75
1719462830864,504.15,75
1719462830864,504.15,75
1719462834713,504.75,25
1719462834713,504.75,25
1719462836604,504.2,25
1719462836604,504.2,25
1719462837181,504.45,25
1719462837181,504.45,25
1719462837181,504.45,25
1719462837181,504.45,25
1719462837181,504.45,25
1719462841485,508.45,25
1719462841485,508.45,25
1719462841485,508.45,25
1719462845064,509.65,25
1719462845064,509.65,25
1719462845909,508.45,50
1719462845909,508.45,50
1719462847827,505.4,25
1719462847827,505.4,25
1719462847827,505.4,25
1719462850408,504.05,50
1719462850408,504.05,50
1719462851733,507.75,50
1719462851733,507.75,50
1719462853366,507.25,50
1719462853366,507.25,50
1719462853366,507.25,50
1719462853366,507.25,50
1719462853366,507.25,50
1719462853366,507.25,50
1719462853366,507.25,50
1719462853366,507.25,50
1719462853366,507.25,50
1719462853366,507.25,50
1719462853366,507.25,50
1719462865911,509.95,50
1719462865911,509.95,50
1719462865911,509.95,50
1719462865911,509.95,50
1719462865911,509.95,50
1719462865911,509.95,50
1719462865911,509.95,50
1719462865911,509.95,50
1719462865911,509.95,50
1719462865911,509.95,50
1719462865911,509.95,50
1719462865911,509.95,50
1719462880631,509.55,75
1719462880631,509.55,75
1719462880631,509.55,75
1719462880631,509.55,75
1719462880631,509.55,75
1719462886014,509.7,50
1719462886014,509.7,50
1719462886014,509.7,50
1719462886014,509.7,50
1719462886014,509.7,50
1719462886014,509.7,50
1719462886014,509.7,50
1719462886014,509.7,50
1719462886014,509.7,50
1719462886014,509.7,50
1719462886014,509.7,50
1719462897985,512.4,25
1719462897985,512.4,25
1719462897985,512.4,25
1719462900744,518.75,25
1719462900744,518.75,25
1719462901414,517.7,25
1719462901414,517.7,25
1719462903696,511.0,25
1719462903696,511.0,25
1719462903696,511.0,25
1719462903696,511.0,25
1719462903696,511.0,25
1719462903696,511.0,25
1719462903696,511.0,25
1719462903696,511.0,25
1719462903696,511.0,25
1719462903696,511.0,25
1719462903696,511.0,25
1719462917201,510.45,75
1719462917201,510.45,75
1719462917201,510.45,75
1719462919040,512.2,50
1719462920016,512.7,25
1719462920016,512.7,25
1719462920016,512.7,25
1719462920016,512.7,25
1719462920016,512.7,25
1719462920016,512.7,25
1719462925655,513.55,25
1719462925655,513.55,25
1719462925655,513.55,25
1719462928446,512.85,50
1719462928446,512.85,50
1719462928446,512.85,50
1719462928446,512.85,50
1719462931542,513.0,25
1719462931542,513.0,25
1719462931542,513.0,25
1719462931542,513.0,25
1719462931542,513.0,25
1719462931542,513.0,25
1719462931542,513.0,25
1719462931542,513.0,25
1719462941386,520.0,150
1719462941386,520.0,150
1719462943523,520.55,25
1719462943523,520.55,25
1719462943523,520.55,25
1719462943523,520.55,25
1719462943523,520.55,25
1719462943523,520.55,25
1719462943523,520.55,25
1719462952394,513.95,25
1719462952394,513.95,25
1719462952394,513.95,25
1719462952394,513.95,25
1719462952394,513.95,25
1719462959263,513.0,125
1719462959984,513.8,25
1719462959984,513.8,25
1719462959984,513.8,25
1719462961119,517.45,25
1719462961119,517.45,25
1719462961119,517.45,25
1719462961119,517.45,25
1719462961119,517.45,25
1719462961119,517.45,25
1719462961119,517.45,25
1719462961119,517.45,25
1719462971817,516.6,25
1719462971817,516.6,25
1719462971817,516.6,25
1719462971817,516.6,25
1719462971817,516.6,25
1719462971817,516.6,25
1719462977704,516.6,50
1719462977891,517.75,25
1719462977891,517.75,25
1719462977891,517.75,25
1719462977891,517.75,25
1719462977891,517.75,25
1719462977891,517.75,25
1719462977891,517.75,25
1719462977891,517.75,25
1719462977891,517.75,25
1719462977891,517.75,25
1719462988431,513.6,25
1719462988431,513.6,25
1719463012888,513.05,75
1719463012888,513.05,75
1719463012888,513.05,75
1719463012888,513.05,75
1719463012888,513.05,75
1719463012888,513.05,75
1719463020803,520.0,125
1719463020803,520.0,125
1719463020803,520.0,125
1719463020803,520.0,125
1719463020803,520.0,125
1719463020803,520.0,125
1719463020803,520.0,125
1719463020803,520.0,125
1719463020803,520.0,125
1719463020803,520.0,125
1719463020803,520.0,125
1719463020803,520.0,125
1719463020803,520.0,125
1719463020803,520.0,125
1719463020803,520.0,125
1719463020803,520.0,125
1719463020803,520.0,125
1719463020803,520.0,125
1719463020803,520.0,125
1719463046368,516.3,25
1719463046368,516.3,25
1719463046368,516.3,25
1719463046368,516.3,25
1719463046368,516.3,25
1719463046368,516.3,25
1719463046368,516.3,25
1719463052219,515.0,25
1719463052219,515.0,25
1719463052219,515.0,25
1719463052219,515.0,25
1719463052219,515.0,25
1719463057092,514.95,50
1719463057519,514.6,25
1719463057519,514.6,25
1719463057519,514.6,25
1719463059593,511.75,100
1719463059593,511.75,100
1719463059593,511.75,100
1719463059593,511.75,100
1719463059593,511.75,100
1719463059593,511.75,100
1719463059593,511.75,100
1719463059593,511.75,100
1719463068874,512.55,50
1719463068874,512.55,50
1719463070223,515.2,25
1719463070223,515.2,25
1719463071722,513.1,25
1719463071722,513.1,25
1719463071722,513.1,25
1719463074929,514.1,75
1719463074929,514.1,75
1719463074929,514.1,75
1719463074929,514.1,75
1719463074929,514.1,75
1719463074929,514.1,75
1719463074929,514.1,75
1719463074929,514.1,75
1719463074929,514.1,75
1719463074929,514.1,75
1719463074929,514.1,75
1719463074929,514.1,75
1719463074929,514.1,75
1719463074929,514.1,75
1719463074929,514.1,75
1719463074929,514.1,75
1719463074929,514.1,75
1719463074929,514.1,75
1719463074929,514.1,75
1719463074929,514.1,75
1719463074929,514.1,75
1719463074929,514.1,75
1719463074929,514.1,75
1719463074929,514.1,75
1719463103489,517.15,25
1719463103489,517.15,25
1719463103489,517.15,25
1719463103489,517.15,25
1719463107377,516.15,25
1719463108202,514.85,25
1719463108338,516.7,25
1719463108338,516.7,25
1719463108338,516.7,25
1719463108338,516.7,25
1719463108338,516.7,25
1719463108338,516.7,25
1719463108338,516.7,25
1719463108338,516.7,25
1719463108338,516.7,25
1719463117150,514.9,50
1719463117150,514.9,50
1719463117150,514.9,50
1719463117150,514.9,50
1719463117150,514.9,50
1719463117150,514.9,50
1719463117150,514.9,50
1719463117150,514.9,50
1719463127378,523.3,25
1719463127378,523.3,25
1719463127378,523.3,25
1719463127378,523.3,25
1719463131054,516.95,50
1719463131777,517.45,25
1719463131777,517.45,25
1719463131777,517.45,25
1719463131777,517.45,25
1719463131777,517.45,25
1719463131777,517.45,25
1719463131777,517.45,25
1719463131777,517.45,25
1719463131777,517.45,25
1719463131777,517.45,25
1719463141639,522.4,25
1719463141639,522.4,25
1719463141639,522.4,25
1719463141639,522.4,25
1719463145216,517.25,50
1719463145216,517.25,50
1719463145216,517.25,50
1719463147507,520.65,25
1719463147507,520.65,25
1719463147507,520.65,25
1719463147507,520.65,25
1719463147507,520.65,25
1719463147507,520.65,25
1719463147507,520.65,25
1719463155916,520.45,25
1719463155916,520.45,25
1719463155916,520.45,25
1719463155916,520.45,25
1719463155916,520.45,25
1719463155916,520.45,25
1719463161618,521.0,25
1719463161618,521.0,25
1719463161618,521.0,25
1719463161618,521.0,25
1719463161618,521.0,25
1719463161618,521.0,25
1719463161618,521.0,25
1719463169159,521.5,25
1719463169159,521.5,25
1719463169159,521.5,25
1719463169159,521.5,25
1719463169159,521.5,25
1719463173470,520.9,25
1719463173628,520.95,25
1719463173805,520.95,25
1719463173805,520.95,25
1719463173805,520.95,25
1719463173805,520.95,25
1719463173805,520.95,25
1719463173805,520.95,25
1719463179954,517.0,50
1719463179954,517.0,50
1719463181785,521.0,25
1719463182394,522.2,25
1719463182394,522.2,25
1719463182394,522.2,25
1719463182394,522.2,25
1719463185659,521.7,50
1719463185659,521.7,50
1719463185659,521.7,50
1719463188382,520.15,25
1719463188382,520.15,25
1719463188382,520.15,25
1719463188382,520.15,25
1719463188382,520.15,25
1719463188382,520.15,25
1719463188382,520.15,25
1719463188382,520.15,25
1719463188382,520.15,25
1719463188382,520.15,25
1719463188382,520.15,25
1719463200619,519.6,25
1719463200724,517.8,50
1719463201160,519.0,75
1719463201160,519.0,75
1719463201160,519.0,75
1719463204081,517.5,50
1719463204081,517.5,50
1719463204081,517.5,50
1719463204081,517.5,50
1719463207645,519.2,25
1719463207645,519.2,25
1719463207645,519.2,25
1719463207645,519.2,25
1719463210768,520.15,200
1719463210768,520.15,200
1719463213157,522.55,25
1719463213157,522.55,25
1719463213157,522.55,25
1719463213157,522.55,25
1719463213157,522.55,25
1719463213157,522.55,25
1719463213157,522.55,25
1719463213157,522.55,25
1719463221947,519.1,25
1719463221947,519.1,25
1719463221947,519.1,25
1719463225328,523.25,25
1719463225328,523.25,25
1719463225328,523.25,25
1719463227436,525.15,25
1719463227436,525.15,25
1719463227436,525.15,25
1719463227436,525.15,25
1719463227436,525.15,25
1719463227436,525.15,25
1719463227436,525.15,25
1719463227436,525.15,25
1719463227436,525.15,25
1719463227436,525.15,25
1719463239746,518.15,75
1719463239746,518.15,75
1719463239746,518.15,75
1719463239746,518.15,75
1719463239746,518.15,75
1719463244306,518.85,75
1719463244306,518.85,75
1719463245476,519.35,25
1719463245476,519.35,25
1719463245476,519.35,25
1719463245476,519.35,25
1719463245476,519.35,25
1719463245476,519.35,25
1719463245476,519.35,25
1719463245476,519.35,25
1719463254215,519.1,25
1719463254561,520.35,25
1719463254561,520.35,25
1719463254561,520.35,25
1719463254561,520.35,25
1719463254561,520.35,25
1719463254561,520.35,25
1719463254561,520.35,25
1719463254561,520.35,25
1719463254561,520.35,25
1719463254561,520.35,25
1719463267814,520.1,50
1719463267814,520.1,50
1719463268608,521.05,525
1719463268608,521.05,525
1719463268608,521.05,525
1719463268608,521.05,525
1719463271610,521.7,25
1719463271610,521.7,25
1719463271610,521.7,25
1719463271610,521.7,25
1719463276004,524.25,25
1719463276512,528.25,50
1719463276740,531.45,75
1719463278773,530.9,25
1719463278773,530.9,25
1719463279998,529.3,25
1719463279998,529.3,25
1719463281469,527.5,25
1719463281469,527.5,25
1719463281469,527.5,25
1719463283848,526.45,25
1719463283848,526.45,25
1719463283848,526.45,25
1719463283848,526.45,25
1719463283848,526.45,25
1719463283848,526.45,25
1719463283848,526.45,25
1719463283848,526.45,25
1719463283848,526.45,25
1719463283848,526.45,25
1719463283848,526.45,25
1719463283848,526.45,25
1719463283848,526.45,25
1719463283848,526.45,25
1719463283848,526.45,25
1719463283848,526.45,25
1719463300483,527.4,25
1719463300483,527.4,25
1719463300483,527.4,25
1719463300483,527.4,25
1719463300483,527.4,25
1719463300483,527.4,25
1719463300483,527.4,25
1719463300483,527.4,25
1719463300483,527.4,25
1719463300483,527.4,25
1719463300483,527.4,25
1719463314487,524.45,25
1719463314487,524.45,25
1719463314487,524.45,25
1719463314487,524.45,25
1719463314487,524.45,25
1719463314487,524.45,25
1719463329202,524.05,25
1719463329202,524.05,25
1719463331119,523.1,25
1719463331441,524.25,25
1719463331441,524.25,25
1719463357023,528.25,25
1719463358983,528.35,25
1719463358983,528.35,25
1719463360361,530.0,25
1719463360361,530.0,25
1719463360361,530.0,25
1719463363910,526.85,50
1719463363910,526.85,50
1719463363910,526.85,50
1719463363910,526.85,50
1719463368962,528.25,25
1719463368962,528.25,25
1719463368962,528.25,25
1719463368962,528.25,25
1719463371969,529.75,25
1719463371969,529.75,25
1719463371969,529.75,25
1719463371969,529.75,25
1719463371969,529.75,25
1719463371969,529.75,25
1719463381201,525.1,25
1719463381201,525.1,25
1719463381201,525.1,25
1719463381201,525.1,25
1719463381201,525.1,25
1719463381201,525.1,25
1719463387865,524.6,25
1719463387865,524.6,25
1719463387865,524.6,25
1719463387865,524.6,25
1719463387865,524.6,25
1719463387865,524.6,25
1719463394546,522.85,25
1719463394546,522.85,25
1719463394546,522.85,25
1719463397563,522.45,25
1719463397563,522.45,25
1719463397563,522.45,25
1719463397563,522.45,25
1719463397563,522.45,25
1719463397563,522.45,25
1719463397563,522.45,25
1719463397563,522.45,25
1719463397563,522.45,25
1719463407097,518.55,25
1719463407097,518.55,25
1719463409638,516.35,25
1719463409808,515.0,100
1719463409808,515.0,100
1719463409808,515.0,100
1719463409808,515.0,100
1719463409808,515.0,100
1719463409808,515.0,100
1719463416303,516.05,25
1719463416303,516.05,25
1719463416303,516.05,25
1719463419660,516.0,775
1719463419660,516.0,775
1719463419660,516.0,775
1719463419660,516.0,775
1719463423854,513.75,25
1719463423854,513.75,25
1719463423854,513.75,25
1719463423854,513.75,25
1719463427436,512.9,100
1719463428406,507.3,25
1719463428406,507.3,25
1719463428406,507.3,25
1719463431989,507.75,25
1719463431989,507.75,25
1719463431989,507.75,25
1719463431989,507.75,25
1719463438434,504.6,50
1719463438434,504.6,50
1719463439907,504.6,25
1719463439907,504.6,25
1719463440802,506.3,25
1719463440802,506.3,25
1719463440802,506.3,25
1719463444264,508.65,25
1719463444264,508.65,25
1719463457334,509.4,25
1719463457334,509.4,25
1719463457334,509.4,25
1719463470223,511.4,25
1719463470223,511.4,25
1719463470223,511.4,25
1719463470223,511.4,25
1719463470223,511.4,25
1719463470223,511.4,25
1719463478131,511.35,25
1719463478131,511.35,25
1719463478131,511.35,25
1719463480415,510.0,175
1719463480415,510.0,175
1719463480415,510.0,175
1719463480415,510.0,175
1719463480415,510.0,175
1719463480415,510.0,175
1719463480415,510.0,175
1719463480415,510.0,175
1719463480415,510.0,175
1719463480415,510.0,175
1719463480415,510.0,175
1719463492002,506.3,25
1719463492679,505.65,25
1719463493301,507.1,25
1719463493301,507.1,25
1719463493301,507.1,25
1719463493301,507.1,25
1719463497839,507.6,25
1719463498012,506.55,25
1719463499070,505.6,25
1719463499070,505.6,25
1719463499070,505.6,25
1719463499070,505.6,25
1719463499070,505.6,25
1719463499070,505.6,25
1719463503960,507.2,25
1719463503960,507.2,25
1719463503960,507.2,25
1719463506135,504.5,50
1719463506135,504.5,50
1719463507256,504.6,25
1719463507256,504.6,25
1719463508797,506.35,25
1719463508797,506.35,25
1719463509999,508.0,525
1719463509999,508.0,525
1719463509999,508.0,525
1719463509999,508.0,525
1719463515042,503.9,25
1719463515042,503.9,25
1719463515042,503.9,25
1719463518151,503.05,25
1719463518151,503.05,25
1719463518151,503.05,25
1719463518151,503.05,25
1719463518151,503.05,25
1719463523036,507.2,25
1719463523036,507.2,25
1719463523036,507.2,25
1719463523036,507.2,25
1719463523036,507.2,25
1719463528076,509.4,25
1719463528076,509.4,25
1719463528076,509.4,25
1719463528076,509.4,25
1719463528076,509.4,25
1719463528076,509.4,25
1719463533164,513.15,25
1719463533164,513.15,25
1719463533164,513.15,25
1719463533164,513.15,25
1719463533164,513.15,25
1719463533164,513.15,25
1719463533164,513.15,25
1719463541727,512.8,25
1719463541727,512.8,25
1719463541727,512.8,25
1719463541727,512.8,25
1719463541727,512.8,25
1719463547808,514.0,25
1719463547808,514.0,25
1719463547808,514.0,25
1719463547808,514.0,25
1719463547808,514.0,25
1719463547808,514.0,25
1719463547808,514.0,25
1719463547808,514.0,25
1719463547808,514.0,25
1719463547808,514.0,25
1719463547808,514.0,25
1719463547808,514.0,25
1719463547808,514.0,25
1719463547808,514.0,25
1719463547808,514.0,25
1719463547808,514.0,25
1719463547808,514.0,25
1719463547808,514.0,25
1719463547808,514.0,25
1719463547808,514.0,25
1719463575316,507.6,25
1719463575316,507.6,25
1719463575316,507.6,25
1719463575316,507.6,25
1719463575316,507.6,25
1719463575316,507.6,25
1719463575316,507.6,25
1719463575316,507.6,25
1719463575316,507.6,25
1719463575316,507.6,25
1719463575316,507.6,25
1719463575316,507.6,25
1719463575316,507.6,25
1719463575316,507.6,25
1719463590548,506.7,25
1719463590548,506.7,25
1719463590548,506.7,25
1719463590548,506.7,25
1719463593707,505.9,25
1719463593707,505.9,25
1719463593707,505.9,25
1719463593707,505.9,25
1719463597153,503.6,25
1719463597153,503.6,25
1719463597153,503.6,25
1719463597153,503.6,25
1719463601470,502.6,25
1719463601470,502.6,25
1719463602516,505.8,25
1719463610570,508.05,25
1719463610570,508.05,25
1719463610570,508.05,25
1719463610570,508.05,25
1719463610570,508.05,25
1719463610570,508.05,25
1719463610570,508.05,25
1719463610570,508.05,25
1719463610570,508.05,25
1719463610570,508.05,25
1719463610570,508.05,25
1719463610570,508.05,25
1719463610570,508.05,25
1719463610570,508.05,25
1719463610570,508.05,25
1719463610570,508.05,25
1719463610570,508.05,25
1719463610570,508.05,25
1719463610570,508.05,25
1719463610570,508.05,25
1719463610570,508.05,25
1719463635836,507.45,75
1719463635836,507.45,75
1719463635836,507.45,75
1719463635836,507.45,75
1719463640195,508.05,25
1719463640195,508.05,25
1719463640195,508.05,25
1719463640195,508.05,25
1719463640195,508.05,25
1719463640195,508.05,25
1719463640195,508.05,25
1719463640195,508.05,25
1719463666824,504.15,25
1719463666824,504.15,25
1719463666824,504.15,25
1719463672173,503.25,125
1719463672173,503.25,125
1719463672173,503.25,125
1719463674317,507.65,25
1719463674317,507.65,25
1719463674317,507.65,25
1719463674317,507.65,25
1719463754903,511.65,75
1719463754903,511.65,75
1719463759883,515.35,25
1719463759883,515.35,25
1719463762859,515.25,75
1719463762859,515.25,75
1719463762859,515.25,75
1719463762859,515.25,75
1719463762859,515.25,75
1719463770180,513.9,50
1719463770180,513.9,50
1719463770180,513.9,50
1719463777532,515.7,125
1719463777532,515.7,125
1719463777532,515.7,125
1719463777532,515.7,125
1719463777532,515.7,125
1719463777532,515.7,125
1719463777532,515.7,125
1719463777532,515.7,125
1719463777532,515.7,125
1719463777532,515.7,125
1719463777532,515.7,125
1719463777532,515.7,125
1719463777532,515.7,125
1719463777532,515.7,125
1719463777532,515.7,125
1719463777532,515.7,125
1719463777532,515.7,125
1719463777532,515.7,125
1719463798020,515.7,25
1719463798020,515.7,25
1719463798020,515.7,25
1719463798020,515.7,25
1719463798020,515.7,25
1719463798020,515.7,25
1719463798020,515.7,25
1719463798020,515.7,25
1719463798020,515.7,25
1719463798020,515.7,25
1719463798020,515.7,25
1719463798020,515.7,25
1719463798020,515.7,25
1719463798020,515.7,25
1719463813403,519.2,25
1719463813403,519.2,25
1719463817787,517.3,100
1719463817787,517.3,100
1719463817787,517.3,100
1719463820619,517.25,100
1719463820619,517.25,100
1719463820619,517.25,100
1719463820619,517.25,100
1719463820619,517.25,100
1719463820619,517.25,100
1719463820619,517.25,100
1719463820619,517.25,100
1719463820619,517.25,100
1719463820619,517.25,100
1719463820619,517.25,100
1719463820619,517.25,100
1719463832637,516.15,50
1719463832637,516.15,50
1719463834993,514.85,25
1719463834993,514.85,25
1719463834993,514.85,25
1719463834993,514.85,25
1719463834993,514.85,25
1719463834993,514.85,25
1719463834993,514.85,25
1719463842017,513.0,25
1719463843500,511.6,25
1719463843516,511.15,25
1719463843516,511.15,25
1719463843516,511.15,25
1719463843516,511.15,25
1719463843516,511.15,25
1719463843516,511.15,25
1719463843516,511.15,25
1719463843516,511.15,25
1719463843516,511.15,25
1719463843516,511.15,25
1719463843516,511.15,25
1719463843516,511.15,25
1719463843516,511.15,25
1719463843516,511.15,25
1719463861274,516.15,25
1719463861274,516.15,25
1719463861274,516.15,25
1719463861274,516.15,25
1719463861274,516.15,25
1719463861274,516.15,25
1719463861274,516.15,25
1719463861274,516.15,25
1719463861274,516.15,25
1719463861274,516.15,25
1719463861274,516.15,25
1719463861274,516.15,25
1719463861274,516.15,25
1719463861274,516.15,25
1719463878084,516.25,25
1719463878084,516.25,25
1719463878084,516.25,25
1719463878084,516.25,25
1719463878084,516.25,25
1719463921897,515.4,25
1719463921897,515.4,25
1719463921897,515.4,25
1719463921897,515.4,25
1719463921897,515.4,25
1719463921897,515.4,25
1719463921897,515.4,25
1719463934347,517.85,75
1719463934347,517.85,75
1719463935481,521.65,25
1719463935505,522.45,25
1719463935505,522.45,25
1719463935505,522.45,25
1719463943613,517.85,25
1719463943613,517.85,25
1719463946234,516.65,25
1719463946234,516.65,25
1719463946234,516.65,25
1719463946234,516.65,25
1719463946234,516.65,25
1719463946234,516.65,25
1719463946234,516.65,25
1719463946234,516.65,25
1719463946234,516.65,25
1719463946234,516.65,25
1719463946234,516.65,25
1719463946234,516.65,25
1719463946234,516.65,25
1719463946234,516.65,25
1719463946234,516.65,25
1719463946234,516.65,25
1719463946234,516.65,25
1719463946234,516.65,25
1719463946234,516.65,25
1719463946234,516.65,25
1719463972978,513.0,75
1719463972978,513.0,75
1719463972978,513.0,75
1719463972978,513.0,75
1719463972978,513.0,75
1719463972978,513.0,75
1719463972978,513.0,75
1719463972978,513.0,75
1719463972978,513.0,75
1719463972978,513.0,75
1719463972978,513.0,75
1719463972978,513.0,75
1719463972978,513.0,75
1719463972978,513.0,75
1719463972978,513.0,75
1719463972978,513.0,75
1719463972978,513.0,75
1719463972978,513.0,75
1719463972978,513.0,75
1719463993613,513.0,25
1719463993613,513.0,25
1719463993613,513.0,25
1719463993613,513.0,25
1719463993613,513.0,25
1719463993613,513.0,25
1719463993613,513.0,25
1719463993613,513.0,25
1719463993613,513.0,25
1719463993613,513.0,25
1719463993613,513.0,25
1719463993613,513.0,25
1719463993613,513.0,25
1719463993613,513.0,25
1719463993613,513.0,25
1719463993613,513.0,25
1719464016139,509.85,75
1719464016139,509.85,75
1719464016139,509.85,75
1719464016139,509.85,75
1719464016139,509.85,75
1719464016139,509.85,75
1719464016139,509.85,75
1719464016139,509.85,75
1719464016139,509.85,75
1719464016139,509.85,75
1719464016139,509.85,75
1719464016139,509.85,75
1719464031013,510.55,25
1719464031713,510.3,25
1719464031713,510.3,25
1719464031713,510.3,25
1719464031713,510.3,25
1719464035850,510.0,100
1719464035850,510.0,100
1719464035850,510.0,100
1719464035850,510.0,100
1719464035850,510.0,100
1719464040022,509.35,50
1719464040022,509.35,50
1719464040022,509.35,50
1719464040022,509.35,50
1719464040022,509.35,50
1719464040022,509.35,50
1719464047004,506.0,75
1719464047004,506.0,75
1719464047004,506.0,75
1719464047004,506.0,75
1719464047004,506.0,75
1719464047004,506.0,75
1719464047004,506.0,75
1719464053772,506.8,50
1719464053772,506.8,50
1719464055369,508.75,25
1719464055369,508.75,25
1719464055369,508.75,25
1719464055369,508.75,25
1719464055369,508.75,25
1719464055369,508.75,25
1719464055369,508.75,25
1719464055369,508.75,25
1719464064240,506.0,25
1719464064240,506.0,25
1719464064240,506.0,25
1719464064240,506.0,25
1719464078151,506.65,25
1719464078151,506.65,25
1719464078151,506.65,25
1719464078151,506.65,25
1719464078151,506.65,25
1719464078151,506.65,25
1719464078151,506.65,25
1719464078151,506.65,25
1719464078151,506.65,25
1719464078151,506.65,25
1719464078151,506.65,25
1719464078151,506.65,25
1719464078151,506.65,25
1719464078151,506.65,25
1719464078151,506.65,25
1719464078151,506.65,25
1719464099707,505.5,100
1719464099707,505.5,100
1719464100468,506.7,25
1719464100468,506.7,25
1719464100468,506.7,25
1719464116281,507.0,25
1719464116281,507.0,25
1719464116281,507.0,25
1719464116281,507.0,25
1719464116281,507.0,25
1719464116281,507.0,25
1719464116281,507.0,25
1719464116281,507.0,25
1719464116281,507.0,25
1719464116281,507.0,25
1719464116281,507.0,25
1719464151991,507.95,25
1719464151991,507.95,25
1719464151991,507.95,25
1719464151991,507.95,25
1719464151991,507.95,25
1719464151991,507.95,25
1719464151991,507.95,25
1719464151991,507.95,25
1719464151991,507.95,25
1719464151991,507.95,25
1719464151991,507.95,25
1719464151991,507.95,25
1719464151991,507.95,25
1719464151991,507.95,25
1719464205158,509.65,25
1719464205158,509.65,25
1719464205158,509.65,25
1719464205158,509.65,25
1719464205158,509.65,25
1719464205158,509.65,25
1719464205158,509.65,25
1719464205158,509.65,25
1719464205158,509.65,25
1719464217089,512.05,50
1719464217089,512.05,50
1719464219078,514.85,25
1719464219078,514.85,25
1719464219078,514.85,25
1719464219078,514.85,25
1719464222576,514.3,25
1719464222576,514.3,25
1719464222576,514.3,25
1719464222576,514.3,25
1719464222576,514.3,25
1719464228149,519.0,25
1719464228149,519.0,25
1719464230264,520.0,50
1719464230264,520.0,50
1719464230264,520.0,50
1719464230264,520.0,50
1719464234848,520.0,25
1719464234848,520.0,25
1719464234848,520.0,25
1719464237321,518.6,25
1719464237321,518.6,25
1719464237321,518.6,25
1719464237321,518.6,25
1719464237321,518.6,25
1719464237321,518.6,25
1719464237321,518.6,25
1719464237321,518.6,25
1719464237321,518.6,25
1719464246838,524.0,125
1719464247015,525.0,75
1719464247015,525.0,75
1719464248310,528.4,25
1719464248310,528.4,25
1719464249532,531.95,25
1719464249532,531.95,25
1719464251076,530.3,50
1719464251076,530.3,50
1719464251076,530.3,50
1719464251076,530.3,50
1719464251076,530.3,50
1719464251076,530.3,50
1719464251076,530.3,50
1719464251076,530.3,50
1719464251076,530.3,50
1719464262125,529.4,50
1719464262125,529.4,50
1719464264390,529.65,25
1719464264390,529.65,25
1719464264390,529.65,25
1719464264390,529.65,25
1719464264390,529.65,25
1719464264390,529.65,25
1719464270511,531.95,50
1719464270511,531.95,50
1719464270511,531.95,50
1719464270511,531.95,50
1719464273686,528.15,25
1719464273847,528.95,75
1719464273847,528.95,75
1719464273847,528.95,75
1719464286858,530.1,75
1719464286858,530.1,75
1719464286858,530.1,75
1719464286858,530.1,75
1719464295554,533.0,25
1719464295554,533.0,25
1719464295554,533.0,25
1719464295554,533.0,25
1719464295554,533.0,25
1719464295554,533.0,25
1719464295554,533.0,25
1719464295554,533.0,25
1719464303252,533.0,25
1719464303252,533.0,25
1719464303252,533.0,25
1719464303252,533.0,25
1719464303252,533.0,25
1719464303252,533.0,25
1719464303252,533.0,25
1719464303252,533.0,25
1719464303252,533.0,25
1719464303252,533.0,25
1719464303252,533.0,25
1719464303252,533.0,25
1719464303252,533.0,25
1719464317914,536.85,50
1719464317914,536.85,50
1719464317914,536.85,50
1719464317914,536.85,50
1719464317914,536.85,50
1719464317914,536.85,50
1719464317914,536.85,50
1719464325138,537.9,25
1719464325138,537.9,25
1719464325138,537.9,25
1719464325138,537.9,25
1719464329159,534.3,25
1719464329159,534.3,25
1719464365414,537.05,50
1719464368695,534.85,25
1719464368695,534.85,25
1719464368695,534.85,25
1719464368695,534.85,25
1719464368695,534.85,25
1719464368695,534.85,25
1719464375007,536.1,50
1719464375007,536.1,50
1719464375007,536.1,50
1719464375007,536.1,50
1719464375007,536.1,50
1719464384062,534.0,75
1719464385298,535.1,25
1719464385298,535.1,25
1719464385298,535.1,25
1719464385298,535.1,25
1719464385298,535.1,25
1719464385298,535.1,25
1719464385298,535.1,25
1719464385298,535.1,25
1719464385298,535.1,25
1719464385298,535.1,25
1719464385298,535.1,25
1719464385298,535.1,25
1719464385298,535.1,25
1719464385298,535.1,25
1719464385298,535.1,25
1719464385298,535.1,25
1719464385298,535.1,25
1719464385298,535.1,25
1719464385298,535.1,25
1719464385298,535.1,25
1719464385298,535.1,25
1719464385298,535.1,25
1719464385298,535.1,25
1719464385298,535.1,25
1719464385298,535.1,25
1719464385298,535.1,25
1719464415725,535.45,25
1719464415725,535.45,25
1719464415725,535.45,25
1719464415725,535.45,25
1719464415725,535.45,25
1719464415725,535.45,25
1719464415725,535.45,25
1719464415725,535.45,25
1719464415725,535.45,25
1719464415725,535.45,25
1719464415725,535.45,25
1719464415725,535.45,25
1719464415725,535.45,25
1719464415725,535.45,25
1719464415725,535.45,25
1719464415725,535.45,25
1719464415725,535.45,25
1719464415725,535.45,25
1719464415725,535.45,25
1719464415725,535.45,25
1719464415725,535.45,25
1719464415725,535.45,25
1719464440005,538.2,25
1719464440005,538.2,25
1719464440005,538.2,25
1719464440005,538.2,25
1719464440005,538.2,25
1719464440005,538.2,25
1719464440005,538.2,25
1719464447387,535.25,50
1719464447387,535.25,50
1719464448388,537.15,25
1719464448388,537.15,25
1719464448388,537.15,25
1719464448388,537.15,25
1719464453569,535.7,150
1719464463156,532.3,25
1719464466818,533.0,25
1719464466818,533.0,25
1719464466818,533.0,25
1719464469148,531.05,100
1719464470037,532.35,25
1719464470953,531.55,75
1719464471151,531.65,175
1719464471882,531.85,100
1719464471882,531.85,100
1719464471882,531.85,100
1719464471882,531.85,100
1719464471882,531.85,100
1719464471882,531.85,100
1719464471882,531.85,100
1719464471882,531.85,100
1719464484933,531.85,150
1719464505015,531.4,75
1719464505015,531.4,75
1719464505015,531.4,75
1719464512889,530.8,75
1719464512889,530.8,75
1719464512889,530.8,75
1719464512889,530.8,75
1719464512889,530.8,75
1719464512889,530.8,75
1719464512889,530.8,75
1719464512889,530.8,75
1719464512889,530.8,75
1719464512889,530.8,75
1719464512889,530.8,75
1719464512889,530.8,75
1719464512889,530.8,75
1719464512889,530.8,75
1719464512889,530.8,75
1719464512889,530.8,75
1719464512889,530.8,75
1719464512889,530.8,75
1719464512889,530.8,75
1719464512889,530.8,75
1719464512889,530.8,75
1719464512889,530.8,75
1719464512889,530.8,75
1719464512889,530.8,75
1719464512889,530.8,75
1719464575305,521.1,25
1719464575305,521.1,25
1719464575305,521.1,25
1719464580017,522.95,50
1719464580017,522.95,50
1719464588894,520.0,25
1719464588894,520.0,25
1719464588894,520.0,25
1719464591448,515.65,25
1719464592021,513.0,100
1719464593890,510.8,50
1719464594252,513.7,25
1719464594252,513.7,25
1719464594252,513.7,25
1719464594252,513.7,25
1719464594252,513.7,25
1719464601287,505.5,25
1719464602117,502.0,25
1719464602117,502.0,25
1719464604598,502.3,25
1719464604598,502.3,25
1719464606296,500.85,25
1719464606544,499.0,50
1719464606544,499.0,50
1719464607388,492.5,25
1719464608466,492.05,25
1719464609078,491.1,25
1719464609742,490.5,25
1719464610252,485.0,25
1719464610843,485.7,25
1719464611866,477.1,25
1719464611866,477.1,25
1719464611866,477.1,25
1719464611866,477.1,25
1719464612231,465.0,50
1719464626196,477.5,25
1719464626831,475.3,25
1719464626831,475.3,25
1719464627559,475.1,25
1719464627559,475.1,25
1719464627559,475.1,25
1719464627559,475.1,25
1719464632578,480.65,25
1719464632578,480.65,25
1719464632578,480.65,25
1719464632578,480.65,25
1719464632578,480.65,25
1719464632578,480.65,25
1719464632578,480.65,25
1719464632578,480.65,25
1719464641632,468.95,25
1719464641632,468.95,25
1719464641632,468.95,25
1719464643919,472.2,25
1719464643919,472.2,25
1719464643919,472.2,25
1719464643919,472.2,25
1719464643919,472.2,25
1719464643919,472.2,25
1719464651129,473.75,25
1719464651554,473.55,25
1719464651554,473.55,25
1719464651554,473.55,25
1719464651554,473.55,25
1719464651554,473.55,25
1719464651554,473.55,25
1719464658192,472.8,25
1719464658192,472.8,25
1719464658192,472.8,25
1719464661750,476.0,25
1719464661750,476.0,25
1719464663070,474.0,25
1719464663070,474.0,25
1719464663070,474.0,25
1719464665076,468.8,25
1719464665076,468.8,25
1719464665076,468.8,25
1719464665076,468.8,25
1719464669376,471.4,25
1719464669376,471.4,25
1719464670385,473.25,25
1719464670385,473.25,25
1719464670385,473.25,25
1719464672778,476.8,25
1719464672778,476.8,25
1719464672778,476.8,25
1719464672778,476.8,25
1719464672778,476.8,25
1719464672778,476.8,25
1719464672778,476.8,25
1719464680040,474.8,25
1719464680040,474.8,25
1719464681896,475.95,25
1719464681896,475.95,25
1719464681896,475.95,25
1719464684397,475.5,25
1719464684397,475.5,25
1719464684397,475.5,25
1719464684397,475.5,25
1719464687730,474.25,25
1719464687730,474.25,25
1719464687730,474.25,25
1719464687730,474.25,25
1719464687730,474.25,25
1719464687730,474.25,25
1719464687730,474.25,25
1719464687730,474.25,25
1719464687730,474.25,25
1719464687730,474.25,25
1719464704751,455.25,25
1719464704751,455.25,25
1719464705056,456.7,25
1719464711682,463.8,50
1719464711682,463.8,50
1719464714519,465.15,50
1719464714519,465.15,50
1719464716087,469.35,25
1719464716087,469.35,25
1719464716087,469.35,25
1719464716087,469.35,25
1719464716087,469.35,25
1719464722225,464.0,25
1719464722225,464.0,25
1719464723319,462.15,25
1719464723319,462.15,25
1719464723319,462.15,25
1719464723319,462.15,25
1719464723319,462.15,25
1719464723319,462.15,25
1719464723319,462.15,25
1719464723319,462.15,25
1719464723319,462.15,25
1719464733583,467.1,125
1719464733583,467.1,125
1719464733583,467.1,125
1719464733583,467.1,125
1719464733583,467.1,125
1719464733583,467.1,125
1719464733583,467.1,125
1719464742404,467.35,25
1719464742502,466.55,100
1719464742502,466.55,100
1719464742502,466.55,100
1719464742502,466.55,100
1719464742502,466.55,100
1719464748000,468.55,25
1719464748000,468.55,25
1719464748000,468.55,25
1719464748000,468.55,25
1719464748000,468.55,25
1719464748000,468.55,25
1719464748000,468.55,25
1719464755879,474.4,100
1719464755879,474.4,100
1719464757154,475.75,25
1719464757154,475.75,25
1719464758008,475.1,25
1719464767875,469.95,25
1719464767875,469.95,25
1719464767875,469.95,25
1719464767875,469.95,25
1719464767875,469.95,25
1719464767875,469.95,25
1719464767875,469.95,25
1719464767875,469.95,25
1719464809137,478.0,50
1719464809137,478.0,50
1719464810245,477.15,25
1719464810245,477.15,25
1719464810245,477.15,25
1719464810245,477.15,25
1719464810245,477.15,25
1719464810245,477.15,25
1719464810245,477.15,25
1719464810245,477.15,25
1719464819671,474.7,25
1719464819671,474.7,25
1719464819671,474.7,25
1719464819671,474.7,25
1719464822404,476.75,100
1719464822404,476.75,100
1719464822404,476.75,100
1719464822404,476.75,100
1719464822404,476.75,100
1719464822404,476.75,100
1719464822404,476.75,100
1719464822404,476.75,100
1719464822404,476.75,100
1719464822404,476.75,100
1719464822404,476.75,100
1719464822404,476.75,100
1719464822404,476.75,100
1719464822404,476.75,100
1719464839241,479.3,25
1719464839241,479.3,25
1719464839241,479.3,25
1719464839241,479.3,25
1719464839241,479.3,25
1719464839241,479.3,25
1719464839241,479.3,25
1719464846637,484.6,75
1719464846637,484.6,75
1719464846637,484.6,75
1719464846637,484.6,75
1719464854254,484.9,25
1719464854254,484.9,25
1719464854254,484.9,25
1719464854254,484.9,25
1719464858962,487.5,25
1719464858962,487.5,25
1719464858962,487.5,25
1719464858962,487.5,25
1719464863550,482.45,25
1719464863550,482.45,25
1719464863550,482.45,25
1719464863550,482.45,25
1719464863550,482.45,25
1719464863550,482.45,25
1719464863550,482.45,25
1719464869797,488.45,25
1719464869797,488.45,25
1719464869797,488.45,25
1719464869797,488.45,25
1719464869797,488.45,25
1719464876526,490.0,25
1719464876526,490.0,25
1719464876526,490.0,25
1719464876526,490.0,25
1719464876526,490.0,25
1719464876526,490.0,25
1719464876526,490.0,25
1719464876526,490.0,25
1719464883975,485.65,25
1719464883975,485.65,25
1719464885377,483.05,25
1719464885377,483.05,25
1719464886936,482.95,25
1719464886936,482.95,25
1719464886936,482.95,25
1719464886936,482.95,25
1719464886936,482.95,25
1719464892486,480.0,50
1719464892486,480.0,50
1719464892486,480.0,50
1719464892486,480.0,50
1719464892486,480.0,50
1719464898666,477.85,25
1719464898666,477.85,25
1719464898666,477.85,25
1719464898666,477.85,25
1719464898666,477.85,25
1719464898666,477.85,25
1719464898666,477.85,25
1719464898666,477.85,25
1719464898666,477.85,25
1719464898666,477.85,25
1719464910158,490.0,100
1719464910158,490.0,100
1719464910158,490.0,100
1719464910158,490.0,100
1719464910158,490.0,100
1719464910158,490.0,100
1719464910158,490.0,100
1719464910158,490.0,100
1719464910158,490.0,100
1719464910158,490.0,100
1719464910158,490.0,100
1719464910158,490.0,100
1719464910158,490.0,100
1719464925943,484.25,25
1719464925943,484.25,25
1719464925943,484.25,25
1719464925943,484.25,25
1719464925943,484.25,25
1719464925943,484.25,25
1719464925943,484.25,25
1719464933797,481.9,25
1719464933797,481.9,25
1719464934826,481.85,25
1719464934826,481.85,25
1719464934826,481.85,25
1719464936801,480.2,25
1719464936801,480.2,25
1719464936801,480.2,25
1719464939203,485.65,175
1719464939203,485.65,175
1719464939203,485.65,175
1719464939203,485.65,175
1719464939203,485.65,175
1719464939203,485.65,175
1719464939203,485.65,175
1719464939203,485.65,175
1719464939203,485.65,175
1719464948096,482.35,25
1719464948096,482.35,25
1719464948096,482.35,25
1719464950554,482.35,25
1719464950554,482.35,25
1719464950554,482.35,25
1719464952319,479.0,25
1719464952319,479.0,25
1719464952319,479.0,25
1719464952319,479.0,25
1719464956698,480.7,25
1719464956698,480.7,25
1719464956698,480.7,25
1719464956698,480.7,25
1719464956698,480.7,25
1719464956698,480.7,25
1719464964148,480.55,25
1719464964148,480.55,25
1719464964148,480.55,25
1719464964148,480.55,25
1719464964148,480.55,25
1719464964148,480.55,25
1719464964148,480.55,25
1719464964148,480.55,25
1719464964148,480.55,25
1719464974023,482.0,25
1719464974023,482.0,25
1719464974023,482.0,25
1719464974023,482.0,25
1719464974023,482.0,25
1719464974023,482.0,25
1719464974023,482.0,25
1719464974023,482.0,25
1719464974023,482.0,25
1719464974023,482.0,25
1719464974023,482.0,25
1719464974023,482.0,25
1719464974023,482.0,25
1719464974023,482.0,25
1719464974023,482.0,25
1719464974023,482.0,25
1719464974023,482.0,25
1719464974023,482.0,25
1719464974023,482.0,25
1719464974023,482.0,25
1719464974023,482.0,25
1719464974023,482.0,25
1719464974023,482.0,25
1719464974023,482.0,25
1719464974023,482.0,25
1719465005214,480.65,25
1719465005214,480.65,25
1719465005214,480.65,25
1719465005214,480.65,25
1719465005214,480.65,25
1719465009806,478.0,150
1719465009806,478.0,150
1719465009806,478.0,150
1719465009806,478.0,150
1719465009806,478.0,150
1719465015291,476.5,25
1719465015291,476.5,25
1719465016470,475.85,75
1719465016470,475.85,75
1719465016470,475.85,75
1719465016470,475.85,75
1719465020180,478.0,25
1719465020190,478.5,25
1719465020190,478.5,25
1719465020190,478.5,25
1719465023059,475.0,100
1719465023059,475.0,100
1719465029044,476.8,25
1719465029044,476.8,25
1719465029044,476.8,25
1719465029044,476.8,25
1719465029044,476.8,25
1719465029044,476.8,25
1719465029044,476.8,25
1719465029044,476.8,25
1719465029044,476.8,25
1719465061646,472.4,25
1719465061646,472.4,25
1719465061646,472.4,25
1719465061646,472.4,25
1719465061646,472.4,25
1719465061646,472.4,25
1719465087318,471.7,25
1719465087318,471.7,25
1719465087318,471.7,25
1719465087318,471.7,25
1719465093426,469.0,50
1719465093426,469.0,50
1719465093426,469.0,50
1719465101955,465.0,150
1719465101955,465.0,150
1719465103382,464.0,150
1719465103382,464.0,150
1719465105466,467.25,25
1719465105466,467.25,25
1719465105466,467.25,25
1719465105466,467.25,25
1719465112237,467.25,25
1719465112237,467.25,25
1719465112237,467.25,25
1719465112237,467.25,25
1719465112237,467.25,25
1719465112237,467.25,25
1719465112237,467.25,25
1719465112237,467.25,25
1719465112237,467.25,25
1719465121760,467.85,25
1719465121760,467.85,25
1719465123158,469.15,25
1719465123158,469.15,25
1719465123158,469.15,25
1719465123158,469.15,25
1719465123158,469.15,25
1719465123158,469.15,25
1719465123158,469.15,25
1719465123158,469.15,25
1719465123158,469.15,25
1719465123158,469.15,25
1719465123158,469.15,25
1719465123158,469.15,25
1719465123158,469.15,25
1719465123158,469.15,25
1719465123158,469.15,25
1719465123158,469.15,25
1719465123158,469.15,25
1719465123158,469.15,25
1719465144253,465.05,25
1719465144253,465.05,25
1719465144253,465.05,25
1719465144253,465.05,25
1719465144253,465.05,25
1719465144253,465.05,25
1719465144253,465.05,25
1719465144253,465.05,25
1719465144253,465.05,25
1719465144253,465.05,25
1719465144253,465.05,25
1719465144253,465.05,25
1719465144253,465.05,25
1719465144253,465.05,25
1719465144253,465.05,25
1719465159440,471.15,25
1719465159615,471.3,125
1719465159615,471.3,125
1719465159615,471.3,125
1719465159615,471.3,125
1719465159615,471.3,125
1719465159615,471.3,125
1719465159615,471.3,125
1719465159615,471.3,125
1719465159615,471.3,125
1719465159615,471.3,125
1719465159615,471.3,125
1719465159615,471.3,125
1719465159615,471.3,125
1719465159615,471.3,125
1719465159615,471.3,125
1719465159615,471.3,125
1719465159615,471.3,125
1719465178371,470.25,100
1719465178371,470.25,100
1719465178371,470.25,100
1719465178371,470.25,100
1719465178371,470.25,100
1719465178371,470.25,100
1719465178371,470.25,100
1719465178371,470.25,100
1719465178371,470.25,100
1719465178371,470.25,100
1719465178371,470.25,100
1719465190616,468.3,25
1719465190616,468.3,25
1719465190616,468.3,25
1719465190616,468.3,25
1719465190616,468.3,25
1719465190616,468.3,25
1719465190616,468.3,25
1719465190616,468.3,25
1719465190616,468.3,25
1719465201627,465.0,25
1719465201627,465.0,25
1719465202694,460.95,75
1719465203158,460.0,25
1719465203158,460.0,25
1719465204462,458.95,25
1719465204462,458.95,25
1719465204462,458.95,25
1719465206526,459.65,25
1719465206526,459.65,25
1719465206526,459.65,25
1719465209436,458.45,25
1719465209436,458.45,25
1719465209436,458.45,25
1719465209436,458.45,25
1719465213101,452.3,25
1719465213364,452.85,75
1719465213703,453.45,25
1719465213703,453.45,25
1719465213703,453.45,25
1719465215568,451.9,25
1719465216185,440.0,25
1719465216185,440.0,25
1719465216222,438.9,25
1719465216808,440.05,25
1719465219635,440.55,25
1719465219635,440.55,25
1719465221410,431.55,25
1719465222330,438.15,25
1719465222330,438.15,25
1719465222948,439.05,25
1719465223857,440.55,25
1719465224568,437.45,25
1719465224568,437.45,25
1719465224568,437.45,25
1719465227876,429.5,25
1719465228105,428.1,25
1719465228105,428.1,25
1719465228980,418.6,25
1719465229587,422.95,25
1719465231135,427.55,25
1719465231135,427.55,25
1719465232261,427.5,25
1719465232261,427.5,25
1719465233402,428.05,25
1719465233402,428.05,25
1719465234270,427.05,25
1719465234270,427.05,25
1719465235960,426.35,25
1719465236386,420.0,125
1719465236386,420.0,125
1719465237190,416.3,25
1719465237190,416.3,25
1719465239297,418.2,25
1719465239297,418.2,25
1719465239297,418.2,25
1719465240648,415.9,25
1719465240648,415.9,25
1719465243333,413.35,25
1719465243333,413.35,25
1719465243333,413.35,25
1719465243333,413.35,25
1719465247662,419.2,25
1719465247662,419.2,25
1719465247662,419.2,25
1719465247662,419.2,25
1719465251154,414.55,25
1719465251154,414.55,25
1719465252667,413.35,25
1719465253247,410.05,25
1719465253751,409.15,25
1719465253751,409.15,25
1719465253751,409.15,25
1719465253751,409.15,25
1719465253751,409.15,25
1719465259795,411.45,75
1719465259795,411.45,75
1719465259795,411.45,75
1719465263348,412.3,400
1719465263348,412.3,400
1719465263982,413.05,50
1719465263982,413.05,50
1719465263982,413.05,50
1719465266510,417.05,25
1719465266917,419.0,100
1719465266917,419.0,100
1719465268039,417.4,25
1719465268039,417.4,25
1719465269210,416.6,25
1719465269210,416.6,25
1719465269656,413.8,25
1719465269656,413.8,25
1719465269656,413.8,25
1719465269656,413.8,25
1719465273718,406.6,50
1719465273718,406.6,50
1719465275022,405.8,25
1719465275022,405.8,25
1719465277458,410.15,25
1719465278575,410.75,25
1719465278575,410.75,25
1719465278575,410.75,25
1719465278575,410.75,25
1719465278575,410.75,25
1719465278575,410.75,25
1719465278575,410.75,25
1719465285973,410.8,25
1719465285973,410.8,25
1719465285973,410.8,25
1719465288767,412.9,25
1719465288767,412.9,25
1719465288767,412.9,25
1719465288767,412.9,25
1719465291425,413.4,25
1719465291425,413.4,25
1719465291425,413.4,25
1719465291425,413.4,25
1719465291425,413.4,25
1719465296878,416.65,25
1719465296878,416.65,25
1719465299018,414.55,75
1719465299018,414.55,75
1719465299018,414.55,75
1719465313683,403.0,25
1719465313683,403.0,25
1719465313683,403.0,25
1719465316631,403.7,75
1719465316631,403.7,75
1719465317869,403.7,25
1719465317869,403.7,25
1719465317869,403.7,25
1719465320927,403.75,50
1719465321364,405.05,25
1719465321364,405.05,25
1719465322127,405.95,25
1719465322127,405.95,25
1719465323193,404.7,25
1719465323828,404.05,25
1719465323828,404.05,25
1719465323828,404.05,25
1719465323828,404.05,25
1719465323828,404.05,25
1719465328006,404.15,25
1719465328006,404.15,25
1719465328006,404.15,25
1719465328006,404.15,25
1719465332477,410.55,25
1719465332477,410.55,25
1719465332477,410.55,25
1719465335017,413.0,100
1719465335017,413.0,100
1719465335017,413.0,100
1719465337683,408.5,25
1719465337683,408.5,25
1719465339263,403.55,25
1719465339263,403.55,25
1719465340398,402.2,25
1719465340398,402.2,25
1719465340398,402.2,25
1719465342362,405.85,25
1719465342362,405.85,25
1719465343492,409.15,25
1719465343492,409.15,25
1719465345135,414.1,25
1719465345135,414.1,25
1719465345135,414.1,25
1719465347566,413.15,25
1719465347566,413.15,25
1719465347566,413.15,25
1719465349229,411.45,25
1719465349663,411.65,100
1719465350139,412.65,25
1719465350139,412.65,25
1719465352555,414.35,25
1719465352555,414.35,25
1719465353735,413.7,25
1719465354211,412.8,25
1719465354211,412.8,25
1719465355403,414.5,25
1719465355403,414.5,25
1719465356452,413.1,25
1719465356452,413.1,25
1719465357645,411.55,25
1719465357806,409.1,25
1719465358598,409.35,25
1719465358598,409.35,25
1719465358598,409.35,25
1719465360747,410.35,25
1719465360747,410.35,25
1719465362413,407.2,25
1719465362413,407.2,25
1719465363923,409.7,25
1719465363923,409.7,25
1719465363923,409.7,25
1719465363923,409.7,25
1719465363923,409.7,25
1719465369270,413.3,25
1719465369270,413.3,25
1719465369270,413.3,25
1719465373212,414.05,25
1719465377130,414.35,25
1719465377130,414.35,25
1719465378293,412.1,25
1719465405080,413.55,600
1719465413526,416.05,25
1719465413526,416.05,25
1719465417477,412.35,25
1719465417477,412.35,25
1719465417477,412.35,25
1719465417477,412.35,25
1719465417477,412.35,25
1719465417477,412.35,25
1719465417477,412.35,25
1719465417477,412.35,25
1719465417477,412.35,25
1719465417477,412.35,25
1719465427633,412.85,25
1719465427633,412.85,25
1719465428582,411.45,25
1719465428582,411.45,25
1719465430458,409.25,25
1719465430458,409.25,25
1719465430458,409.25,25
1719465430458,409.25,25
1719465433793,416.05,25
1719465433793,416.05,25
1719465433793,416.05,25
1719465433793,416.05,25
1719465437390,410.7,25
1719465437390,410.7,25
1719465437390,410.7,25
1719465437390,410.7,25
1719465443421,408.85,25
1719465443520,409.05,25
1719465443520,409.05,25
1719465443520,409.05,25
1719465443520,409.05,25
1719465443520,409.05,25
1719465449241,409.65,25
1719465449241,409.65,25
1719465449241,409.65,25
1719465449241,409.65,25
1719465451578,408.5,50
1719465451578,408.5,50
1719465451578,408.5,50
1719465451578,408.5,50
1719465451578,408.5,50
1719465451578,408.5,50
1719465456986,410.95,25
1719465456986,410.95,25
1719465456986,410.95,25
1719465460199,404.6,200
1719465460291,402.7,100
1719465460291,402.7,100
1719465461587,402.95,25
1719465461587,402.95,25
1719465462375,404.85,25
1719465462375,404.85,25
1719465464099,405.5,25
1719465464099,405.5,25
1719465464099,405.5,25
1719465464099,405.5,25
1719465464099,405.5,25
1719465464099,405.5,25
1719465464099,405.5,25
1719465464099,405.5,25
1719465464099,405.5,25
1719465464099,405.5,25
1719465464099,405.5,25
1719465476908,404.9,100
1719465476908,404.9,100
1719465476908,404.9,100
1719465476908,404.9,100
1719465476908,404.9,100
1719465476908,404.9,100
1719465481419,409.9,25
1719465481419,409.9,25
1719465483005,410.05,25
1719465483005,410.05,25
1719465484625,408.1,25
1719465484625,408.1,25
1719465486011,405.1,25
1719465486011,405.1,25
1719465487373,403.8,25
1719465488387,403.2,25
1719465488784,401.9,25
1719465488784,401.9,25
1719465489670,403.65,25
1719465489670,403.65,25
1719465491345,404.4,25
1719465491345,404.4,25
1719465492983,406.1,25
1719465492983,406.1,25
1719465493772,407.15,25
1719465493772,407.15,25
1719465495335,407.1,25
1719465495560,407.55,25
1719465495560,407.55,25
1719465497258,406.35,25
1719465497258,406.35,25
1719465497258,406.35,25
1719465498680,405.2,25
1719465499467,407.6,100
1719465499467,407.6,100
1719465501079,406.95,25
1719465501948,406.9,25
1719465501948,406.9,25
1719465502444,406.85,25
1719465502886,405.9,25
1719465502886,405.9,25
1719465503871,408.7,25
1719465505267,409.35,25
1719465505267,409.35,25
1719465505267,409.35,25
1719465507921,407.15,25
1719465507921,407.15,25
1719465509412,409.15,25
1719465509412,409.15,25
1719465509412,409.15,25
1719465509412,409.15,25
1719465512188,406.35,25
1719465512188,406.35,25
1719465512533,406.1,25
1719465512533,406.1,25
1719465512533,406.1,25
1719465515137,405.0,25
1719465515137,405.0,25
1719465515137,405.0,25
1719465517379,404.9,25
1719465517954,405.15,25
1719465517954,405.15,25
1719465517954,405.15,25
1719465520515,407.55,25
1719465520515,407.55,25
1719465522304,407.9,25
1719465522304,407.9,25
1719465523885,407.65,25
1719465523885,407.65,25
1719465523885,407.65,25
1719465523885,407.65,25
1719465534519,406.4,25
1719465534519,406.4,25
1719465534519,406.4,25
1719465541151,402.2,100
1719465543074,402.15,50
1719465543235,403.25,25
1719465543235,403.25,25
1719465543235,403.25,25
1719465543235,403.25,25
1719465543235,403.25,25
1719465543235,403.25,25
1719465543235,403.25,25
1719465543235,403.25,25
1719465543235,403.25,25
1719465558090,408.25,100
1719465558090,408.25,100
1719465558090,408.25,100
1719465558090,408.25,100
1719465558090,408.25,100
1719465558090,408.25,100
1719465558090,408.25,100
1719465558090,408.25,100
1719465558090,408.25,100
1719465558090,408.25,100
1719465558090,408.25,100
1719465558090,408.25,100
1719465558090,408.25,100
1719465558090,408.25,100
1719465558090,408.25,100
1719465558090,408.25,100
1719465578076,409.45,25
1719465578076,409.45,25
1719465578076,409.45,25
1719465580005,409.8,25
1719465580005,409.8,25
1719465585256,408.8,50
1719465585256,408.8,50
1719465585256,408.8,50
1719465585256,408.8,50
1719465585256,408.8,50
1719465585256,408.8,50
1719465598055,423.75,25
1719465598339,424.95,25
1719465598339,424.95,25
1719465604539,422.25,25
1719465604539,422.25,25
1719465606946,424.85,25
1719465606946,424.85,25
1719465606946,424.85,25
1719465609539,425.6,25
1719465609539,425.6,25
1719465609539,425.6,25
1719465610854,425.0,25
1719465611868,424.75,25
1719465611868,424.75,25
1719465611868,424.75,25
1719465616328,424.45,25
1719465616328,424.45,25
1719465616328,424.45,25
1719465616328,424.45,25
1719465620020,422.15,75
1719465620020,422.15,75
1719465620020,422.15,75
1719465620020,422.15,75
1719465623567,423.95,25
1719465624561,428.15,25
1719465624810,427.85,25
1719465624810,427.85,25
1719465626157,431.2,25
1719465626157,431.2,25
1719465626157,431.2,25
1719465626157,431.2,25
1719465626157,431.2,25
1719465630376,436.4,25
1719465630376,436.4,25
1719465631284,433.25,25
1719465631284,433.25,25
1719465632508,434.3,25
1719465632508,434.3,25
1719465634261,433.6,25
1719465634261,433.6,25
1719465635646,434.5,25
1719465635646,434.5,25
1719465636742,435.7,25
1719465636742,435.7,25
1719465638486,439.05,25
1719465638486,439.05,25
1719465639190,440.95,25
1719465652902,438.7,25
1719465654847,436.65,25
1719465655591,434.05,75
1719465656001,436.75,50
1719465661896,439.7,25
1719465661896,439.7,25
1719465661896,439.7,25
1719465669849,437.7,25
1719465669849,437.7,25
1719465669849,437.7,25
1719465672563,438.35,25
1719465672563,438.35,25
1719465672563,438.35,25
1719465672563,438.35,25
1719465672563,438.35,25
1719465677117,439.15,25
1719465677117,439.15,25
1719465677117,439.15,25
1719465677117,439.15,25
1719465680702,440.0,25
1719465680702,440.0,25
1719465680702,440.0,25
1719465680702,440.0,25
1719465680702,440.0,25
1719465686531,445.05,25
1719465686709,448.75,75
1719465686825,450.0,25
1719465686825,450.0,25
1719465688415,446.95,25
1719465689230,445.25,25
1719465689230,445.25,25
1719465689230,445.25,25
1719465691694,444.5,25
1719465691694,444.5,25
1719465691694,444.5,25
1719465691694,444.5,25
1719465695762,442.65,25
1719465696206,442.7,25
1719465696206,442.7,25
1719465697137,443.35,25
1719465697137,443.35,25
1719465697137,443.35,25
1719465700932,444.25,250
1719465702069,443.25,950
1719465702069,443.25,950
1719465702069,443.25,950
1719465702069,443.25,950
1719465702069,443.25,950
1719465725205,438.35,75
1719465725205,438.35,75
1719465748623,437.0,25
1719465748623,437.0,25
1719465748623,437.0,25
1719465748623,437.0,25
1719465748623,437.0,25
1719465748623,437.0,25
1719465748623,437.0,25
1719465748623,437.0,25
1719465748623,437.0,25
1719465748623,437.0,25
1719465759180,438.9,50
1719465760166,439.0,25
1719465760166,439.0,25
1719465760166,439.0,25
1719465760166,439.0,25
1719465760166,439.0,25
1719465765580,431.6,150
1719465765580,431.6,150
1719465765580,431.6,150
1719465765580,431.6,150
1719465765580,431.6,150
1719465765580,431.6,150
1719465765580,431.6,150
1719465765580,431.6,150
1719465765580,431.6,150
1719465765580,431.6,150
1719465765580,431.6,150
1719465765580,431.6,150
1719465765580,431.6,150
1719465795866,436.05,25
1719465795866,436.05,25
1719465795866,436.05,25
1719465795866,436.05,25
1719465800974,430.5,25
1719465800974,430.5,25
1719465801429,430.0,250
1719465802720,429.5,25
1719465803866,431.85,25
1719465804299,432.05,50
1719465804299,432.05,50
1719465804299,432.05,50
1719465804299,432.05,50
1719465804299,432.05,50
1719465804299,432.05,50
1719465804299,432.05,50
1719465804299,432.05,50
1719465804299,432.05,50
1719465804299,432.05,50
1719465804299,432.05,50
1719465820163,431.55,75
1719465820163,431.55,75
1719465821340,430.7,25
1719465821340,430.7,25
1719465821340,430.7,25
1719465821340,430.7,25
1719465821340,430.7,25
1719465821340,430.7,25
1719465821340,430.7,25
1719465821340,430.7,25
1719465821340,430.7,25
1719465821340,430.7,25
1719465821340,430.7,25
1719465821340,430.7,25
1719465821340,430.7,25
1719465836658,431.05,25
1719465836658,431.05,25
1719465836658,431.05,25
1719465836658,431.05,25
1719465836658,431.05,25
1719465836658,431.05,25
1719465836658,431.05,25
1719465836658,431.05,25
1719465836658,431.05,25
1719465836658,431.05,25
1719465846900,426.35,25
1719465846900,426.35,25
1719465846900,426.35,25
1719465846900,426.35,25
1719465846900,426.35,25
1719465846900,426.35,25
1719465857023,425.0,100
1719465857429,421.75,25
1719465857429,421.75,25
1719465858847,418.05,25
1719465858847,418.05,25
1719465860853,421.0,50
1719465860853,421.0,50
1719465862486,420.5,25
1719465865341,421.0,50
1719465869922,419.45,25
1719465869922,419.45,25
1719465869922,419.45,25
1719465869922,419.45,25
1719465869922,419.45,25
1719465869922,419.45,25
1719465869922,419.45,25
1719465879462,415.85,25
1719465879462,415.85,25
1719465879462,415.85,25
1719465883635,411.45,550
1719465885635,410.1,25
1719465910575,417.15,75
1719465910575,417.15,75
1719465910575,417.15,75
1719465910575,417.15,75
1719465910575,417.15,75
1719465910575,417.15,75
1719465921700,420.05,25
1719465921700,420.05,25
1719465921700,420.05,25
1719465921700,420.05,25
1719465921700,420.05,25
1719465921700,420.05,25
1719465926731,419.5,25
1719465927525,418.0,25
1719465927525,418.0,25
1719465927525,418.0,25
1719465927525,418.0,25
1719465927525,418.0,25
1719465927525,418.0,25
1719465927525,418.0,25
1719465927525,418.0,25
1719465927525,418.0,25
1719465927525,418.0,25
1719465927525,418.0,25
1719465927525,418.0,25
1719465927525,418.0,25
1719465927525,418.0,25
1719465927525,418.0,25
1719465927525,418.0,25
1719465927525,418.0,25
1719465927525,418.0,25
1719465927525,418.0,25
1719465927525,418.0,25
1719465927525,418.0,25
1719465927525,418.0,25
1719465927525,418.0,25
1719465927525,418.0,25
1719465927525,418.0,25
1719465927525,418.0,25
1719465927525,418.0,25
1719465955771,425.1,25
1719465955771,425.1,25
1719465957439,423.05,25
1719465957439,423.05,25
1719465957439,423.05,25
1719465957439,423.05,25
1719465957439,423.05,25
1719465957439,423.05,25
1719465957439,423.05,25
1719465957439,423.05,25
1719465964774,431.4,25
1719465964774,431.4,25
1719465964774,431.4,25
1719465964774,431.4,25
1719465968228,429.3,25
1719465968228,429.3,25
1719465968228,429.3,25
1719465968228,429.3,25
1719465968228,429.3,25
1719465968228,429.3,25
1719465974297,433.65,25
1719465974297,433.65,25
1719465974297,433.65,25
1719465977474,436.05,25
1719465977474,436.05,25
1719465977474,436.05,25
1719465977474,436.05,25
1719465982724,437.6,25
1719465982724,437.6,25
1719465982724,437.6,25
1719465984705,436.0,25
1719465985231,434.05,25
1719465985231,434.05,25
1719465985231,434.05,25
1719465988405,437.35,25
1719465988405,437.35,25
1719465988405,437.35,25
1719465988405,437.35,25
1719465992076,437.05,25
1719465992076,437.05,25
1719465992937,436.25,200
1719465992937,436.25,200
1719465992937,436.25,200
1719465995784,437.4,100
1719465995784,437.4,100
1719465995784,437.4,100
1719465995784,437.4,100
1719465995784,437.4,100
1719465995784,437.4,100
1719465995784,437.4,100
1719465995784,437.4,100
1719465995784,437.4,100
1719465995784,437.4,100
1719466005795,433.25,25
1719466006765,433.9,25
1719466006765,433.9,25
1719466006765,433.9,25
1719466010351,438.4,25
1719466010351,438.4,25
1719466010351,438.4,25
1719466012461,439.1,25
1719466012461,439.1,25
1719466012461,439.1,25
1719466012461,439.1,25
1719466012461,439.1,25
1719466017172,436.05,25
1719466017569,437.9,25
1719466017569,437.9,25
1719466017569,437.9,25
1719466017569,437.9,25
1719466017569,437.9,25
1719466036991,438.2,25
1719466049382,437.85,50
1719466049382,437.85,50
1719466049382,437.85,50
1719466049382,437.85,50
1719466049382,437.85,50
1719466049382,437.85,50
1719466049382,437.85,50
1719466049382,437.85,50
1719466056520,440.9,100
1719466056520,440.9,100
1719466056520,440.9,100
1719466060335,446.7,25
1719466060887,447.2,25
1719466061100,445.55,25
1719466061100,445.55,25
1719466062134,445.85,25
1719466062999,446.0,25
1719466062999,446.0,25
1719466062999,446.0,25
1719466062999,446.0,25
1719466062999,446.0,25
1719466068205,445.65,25
1719466068657,445.0,25
1719466068657,445.0,25
1719466068657,445.0,25
1719466068657,445.0,25
1719466074970,442.65,25
1719466074970,442.65,25
1719466074970,442.65,25
1719466074970,442.65,25
1719466087330,442.05,25
1719466087330,442.05,25
1719466087330,442.05,25
1719466087330,442.05,25
1719466087330,442.05,25
1719466087330,442.05,25
1719466096595,448.5,25
1719466096595,448.5,25
1719466096595,448.5,25
1719466100271,449.4,75
1719466100271,449.4,75
1719466100271,449.4,75
1719466103608,447.6,175
1719466103608,447.6,175
1719466103608,447.6,175
1719466103608,447.6,175
1719466107649,449.3,25
1719466133205,451.8,25
1719466133205,451.8,25
1719466133205,451.8,25
1719466137112,450.15,75
1719466137112,450.15,75
1719466137112,450.15,75
1719466137112,450.15,75
1719466137112,450.15,75
1719466137112,450.15,75
1719466142503,450.15,25
1719466142503,450.15,25
1719466142503,450.15,25
1719466142503,450.15,25
1719466142503,450.15,25
1719466142503,450.15,25
1719466142503,450.15,25
1719466142503,450.15,25
1719466142503,450.15,25
1719466142503,450.15,25
1719466154077,446.05,125
1719466154077,446.05,125
1719466154077,446.05,125
1719466162429,444.0,25
1719466162429,444.0,25
1719466162429,444.0,25
1719466162429,444.0,25
1719466162429,444.0,25
1719466168283,449.4,25
1719466168283,449.4,25
1719466168283,449.4,25
1719466168283,449.4,25
1719466170992,452.75,25
1719466170992,452.75,25
1719466170992,452.75,25
1719466174160,451.95,125
1719466174160,451.95,125
1719466174160,451.95,125
1719466176635,451.2,25
1719466176635,451.2,25
1719466176635,451.2,25
1719466179423,453.45,25
1719466179423,453.45,25
1719466179423,453.45,25
1719466179423,453.45,25
1719466179423,453.45,25
1719466179423,453.45,25
1719466179423,453.45,25
1719466179423,453.45,25
1719466179423,453.45,25
1719466190000,456.0,25
1719466190000,456.0,25
1719466190941,456.25,25
1719466190941,456.25,25
1719466190941,456.25,25
1719466193589,455.3,25
1719466193589,455.3,25
1719466193589,455.3,25
1719466193589,455.3,25
1719466193589,455.3,25
1719466193589,455.3,25
1719466199772,454.75,25
1719466199772,454.75,25
1719466200391,455.4,25
1719466200391,455.4,25
1719466200391,455.4,25
1719466200391,455.4,25
1719466200391,455.4,25
1719466200391,455.4,25
1719466200391,455.4,25
1719466200391,455.4,25
1719466200391,455.4,25
1719466200391,455.4,25
1719466211130,456.8,25
1719466211130,456.8,25
1719466211130,456.8,25
1719466211130,456.8,25
1719466212998,466.1,25
1719466213988,463.1,25
1719466213988,463.1,25
1719466213988,463.1,25
1719466216140,463.35,25
1719466216495,463.8,25
1719466216495,463.8,25
1719466216495,463.8,25
1719466216495,463.8,25
1719466216495,463.8,25
1719466221004,456.05,25
1719466221004,456.05,25
1719466221004,456.05,25
1719466221004,456.05,25
1719466221004,456.05,25
1719466221004,456.05,25
1719466221004,456.05,25
1719466221004,456.05,25
1719466221004,456.05,25
1719466229698,461.25,25
1719466230006,460.05,25
1719466230006,460.05,25
1719466230006,460.05,25
1719466231668,460.6,25
1719466231668,460.6,25
1719466231668,460.6,25
1719466231668,460.6,25
1719466234750,460.15,25
1719466234750,460.15,25
1719466234750,460.15,25
1719466234750,460.15,25
1719466234750,460.15,25
1719466234750,460.15,25
1719466239789,459.75,25
1719466239789,459.75,25
1719466239789,459.75,25
1719466239789,459.75,25
1719466239789,459.75,25
1719466239789,459.75,25
1719466239789,459.75,25
1719466239789,459.75,25
1719466239789,459.75,25
1719466239789,459.75,25
1719466239789,459.75,25
1719466239789,459.75,25
1719466239789,459.75,25
1719466239789,459.75,25
1719466253469,455.7,25
1719466253809,454.6,25
1719466253809,454.6,25
1719466253809,454.6,25
1719466253809,454.6,25
1719466253809,454.6,25
1719466253809,454.6,25
1719466253809,454.6,25
1719466277062,463.25,75
1719466277062,463.25,75
1719466277062,463.25,75
1719466277062,463.25,75
1719466277062,463.25,75
1719466277062,463.25,75
1719466277062,463.25,75
1719466288704,464.3,25
1719466288704,464.3,25
1719466288704,464.3,25
1719466288704,464.3,25
1719466288704,464.3,25
1719466288704,464.3,25
1719466288704,464.3,25
1719466288704,464.3,25
1719466288704,464.3,25
1719466288704,464.3,25
1719466288704,464.3,25
1719466299715,461.8,25
1719466299715,461.8,25
1719466299715,461.8,25
1719466299715,461.8,25
1719466302441,460.5,175
1719466302441,460.5,175
1719466304580,458.1,50
1719466304580,458.1,50
1719466304580,458.1,50
1719466304580,458.1,50
1719466304580,458.1,50
1719466323131,453.55,25
1719466323131,453.55,25
1719466323131,453.55,25
1719466323131,453.55,25
1719466323131,453.55,25
1719466331354,452.5,25
1719466331354,452.5,25
1719466331354,452.5,25
1719466331354,452.5,25
1719466345576,452.15,25
1719466345576,452.15,25
1719466345576,452.15,25
1719466348621,457.25,25
1719466348621,457.25,25
1719466349176,458.05,175
1719466349176,458.05,175
1719466349176,458.05,175
1719466349176,458.05,175
1719466349176,458.05,175
1719466349176,458.05,175
1719466349176,458.05,175
1719466349176,458.05,175
1719466349176,458.05,175
1719466479441,446.65,25
1719466479441,446.65,25
1719466479441,446.65,25
1719466479441,446.65,25
1719466479441,446.65,25
1719466479441,446.65,25
1719466479441,446.65,25
1719466479441,446.65,25
1719466479441,446.65,25
1719466479441,446.65,25
1719466479441,446.65,25
1719466479441,446.65,25
1719466479441,446.65,25
1719466479441,446.65,25
1719466479441,446.65,25
1719466479441,446.65,25
1719466479441,446.65,25
1719466479441,446.65,25
1719466479441,446.65,25
1719466479441,446.65,25
1719466479441,446.65,25
1719466479441,446.65,25
1719466479441,446.65,25
1719466479441,446.65,25
1719466479441,446.65,25
1719466479441,446.65,25
1719466479441,446.65,25
1719466479441,446.65,25
1719466479441,446.65,25
1719466509163,450.0,25
1719466509419,449.9,25
1719466509419,449.9,25
1719466511231,450.9,25
1719466511231,450.9,25
1719466511231,450.9,25
1719466511231,450.9,25
1719466511231,450.9,25
1719466511231,450.9,25
1719466511231,450.9,25
1719466511231,450.9,25
1719466511231,450.9,25
1719466511231,450.9,25
1719466511231,450.9,25
1719466511231,450.9,25
1719466522561,448.9,25
1719466522561,448.9,25
1719466522561,448.9,25
1719466522561,448.9,25
1719466526937,448.75,25
1719466526937,448.75,25
1719466526937,448.75,25
1719466526937,448.75,25
1719466526937,448.75,25
1719466531815,450.55,25
1719466531815,450.55,25
1719466531815,450.55,25
1719466534435,453.65,25
1719466534435,453.65,25
1719466534435,453.65,25
1719466534435,453.65,25
1719466534435,453.65,25
1719466534435,453.65,25
1719466534435,453.65,25
1719466534435,453.65,25
1719466534435,453.65,25
1719466544404,450.75,25
1719466544404,450.75,25
1719466544404,450.75,25
1719466544404,450.75,25
1719466544404,450.75,25
1719466544404,450.75,25
1719466544404,450.75,25
1719466544404,450.75,25
1719466552846,452.15,25
1719466552846,452.15,25
1719466552846,452.15,25
1719466552846,452.15,25
1719466552846,452.15,25
1719466552846,452.15,25
1719466552846,452.15,25
1719466552846,452.15,25
1719466552846,452.15,25
1719466552846,452.15,25
1719466552846,452.15,25
1719466552846,452.15,25
1719466552846,452.15,25
1719466552846,452.15,25
1719466552846,452.15,25
1719466570442,448.5,25
1719466570442,448.5,25
1719466570442,448.5,25
1719466572175,449.15,50
1719466572948,450.1,25
1719466572948,450.1,25
1719466572948,450.1,25
1719466576013,456.65,25
1719466576013,456.65,25
1719466578910,456.3,25
1719466578910,456.3,25
1719466578910,456.3,25
1719466578910,456.3,25
1719466578910,456.3,25
1719466578910,456.3,25
1719466578910,456.3,25
1719466585999,453.05,25
1719466585999,453.05,25
1719466585999,453.05,25
1719466585999,453.05,25
1719466585999,453.05,25
1719466585999,453.05,25
1719466585999,453.05,25
1719466585999,453.05,25
1719466585999,453.05,25
1719466585999,453.05,25
1719466585999,453.05,25
1719466585999,453.05,25
1719466585999,453.05,25
1719466585999,453.05,25
1719466629409,453.2,125
1719466630567,454.6,25
1719466630567,454.6,25
1719466630567,454.6,25
1719466630567,454.6,25
1719466630567,454.6,25
1719466630567,454.6,25
1719466630567,454.6,25
1719466630567,454.6,25
1719466630567,454.6,25
1719466630567,454.6,25
1719466630567,454.6,25
1719466630567,454.6,25
1719466630567,454.6,25
1719466630567,454.6,25
1719466630567,454.6,25
1719466630567,454.6,25
1719466630567,454.6,25
1719466646211,448.1,25
1719466646211,448.1,25
1719466646211,448.1,25
1719466646211,448.1,25
1719466646211,448.1,25
1719466646211,448.1,25
1719466646211,448.1,25
1719466646211,448.1,25
1719466646211,448.1,25
1719466646211,448.1,25
1719466646211,448.1,25
1719466646211,448.1,25
1719466646211,448.1,25
1719466646211,448.1,25
1719466646211,448.1,25
1719466646211,448.1,25
1719466646211,448.1,25
1719466646211,448.1,25
1719466646211,448.1,25
1719466646211,448.1,25
1719466646211,448.1,25
1719466646211,448.1,25
1719466646211,448.1,25
1719466646211,448.1,25
1719466646211,448.1,25
1719466646211,448.1,25
1719466646211,448.1,25
1719466646211,448.1,25
1719466646211,448.1,25
1719466646211,448.1,25
1719466646211,448.1,25
1719466646211,448.1,25
1719466646211,448.1,25
1719466646211,448.1,25
1719466646211,448.1,25
1719466679346,453.4,175
1719466679346,453.4,175
1719466679346,453.4,175
1719466679346,453.4,175
1719466679346,453.4,175
1719466679346,453.4,175
1719466679346,453.4,175
1719466679346,453.4,175
1719466686009,448.15,25
1719466686009,448.15,25
1719466687315,448.5,25
1719466687315,448.5,25
1719466687315,448.5,25
1719466687315,448.5,25
1719466687315,448.5,25
1719466691852,448.1,25
1719466691852,448.1,25
1719466691852,448.1,25
1719466691852,448.1,25
1719466691852,448.1,25
1719466691852,448.1,25
1719466691852,448.1,25
1719466706303,450.9,25
1719466706303,450.9,25
1719466706303,450.9,25
1719466706303,450.9,25
1719466706303,450.9,25
1719466706303,450.9,25
1719466706303,450.9,25
1719466706303,450.9,25
1719466717019,453.25,100
1719466717019,453.25,100
1719466717019,453.25,100
1719466717019,453.25,100
1719466717019,453.25,100
1719466717019,453.25,100
1719466717019,453.25,100
1719466717019,453.25,100
1719466717019,453.25,100
1719466792658,450.4,25
1719466792658,450.4,25
1719466792658,450.4,25
1719466792658,450.4,25
1719466792658,450.4,25
1719466792658,450.4,25
1719466792658,450.4,25
1719466792658,450.4,25
1719466792658,450.4,25
1719466792658,450.4,25
1719466792658,450.4,25
1719466792658,450.4,25
1719466792658,450.4,25
1719466792658,450.4,25
1719466792658,450.4,25
1719466792658,450.4,25
1719466792658,450.4,25
1719466792658,450.4,25
1719466792658,450.4,25
1719466792658,450.4,25
1719466792658,450.4,25
1719466792658,450.4,25
1719466792658,450.4,25
1719466792658,450.4,25
1719466792658,450.4,25
1719466792658,450.4,25
1719466792658,450.4,25
1719466792658,450.4,25
1719466792658,450.4,25
1719466792658,450.4,25
1719466792658,450.4,25
1719466792658,450.4,25
1719466827292,451.4,25
1719466827292,451.4,25
1719466827292,451.4,25
1719466829316,450.8,100
1719466829316,450.8,100
1719466829316,450.8,100
1719466829316,450.8,100
1719466829316,450.8,100
1719466829316,450.8,100
1719466829316,450.8,100
1719466829316,450.8,100
1719466829316,450.8,100
1719466829316,450.8,100
1719466829316,450.8,100
1719466829316,450.8,100
1719466829316,450.8,100
1719466829316,450.8,100
1719466829316,450.8,100
1719466829316,450.8,100
1719466829316,450.8,100
1719466829316,450.8,100
1719466829316,450.8,100
1719466829316,450.8,100
1719466829316,450.8,100
1719466829316,450.8,100
1719466829316,450.8,100
1719466829316,450.8,100
1719466829316,450.8,100
1719466829316,450.8,100
1719466855840,461.95,75
1719466855840,461.95,75
1719466855840,461.95,75
1719466855840,461.95,75
1719466855840,461.95,75
1719466855840,461.95,75
1719466855840,461.95,75
1719466855840,461.95,75
1719466855840,461.95,75
1719466855840,461.95,75
1719466864617,460.0,75
1719466865441,460.0,25
1719466865441,460.0,25
1719466865441,460.0,25
1719466865441,460.0,25
1719466865441,460.0,25
1719466865441,460.0,25
1719466865441,460.0,25
1719466871622,464.75,25
1719466876595,465.7,25
1719466876595,465.7,25
1719466876595,465.7,25
1719466876595,465.7,25
1719466876595,465.7,25
1719466876595,465.7,25
1719466876595,465.7,25
1719466876595,465.7,25
1719466876595,465.7,25
1719466876595,465.7,25
1719466876595,465.7,25
1719466876595,465.7,25
1719466876595,465.7,25
1719466876595,465.7,25
1719466876595,465.7,25
1719466876595,465.7,25
1719466898817,464.85,125
1719466899356,462.45,75
1719466899356,462.45,75
1719466899356,462.45,75
1719466899356,462.45,75
1719466899356,462.45,75
1719466903741,462.25,50
1719466903741,462.25,50
1719466903741,462.25,50
1719466903741,462.25,50
1719466906683,464.1,25
1719466906683,464.1,25
1719466906683,464.1,25
1719466906683,464.1,25
1719466908972,464.55,25
1719466908972,464.55,25
1719466908972,464.55,25
1719466908972,464.55,25
1719466908972,464.55,25
1719466908972,464.55,25
1719466908972,464.55,25
1719466908972,464.55,25
1719466908972,464.55,25
1719466908972,464.55,25
1719466918637,465.4,25
1719466918637,465.4,25
1719466918637,465.4,25
1719466918637,465.4,25
1719466918637,465.4,25
1719466935610,466.6,100
1719466935610,466.6,100
1719466939289,466.9,25
1719466939289,466.9,25
1719466939289,466.9,25
1719466939289,466.9,25
1719466939289,466.9,25
1719466939289,466.9,25
1719466939289,466.9,25
1719466939289,466.9,25
1719466939289,466.9,25
1719466939289,466.9,25
1719466939289,466.9,25
1719466939289,466.9,25
1719466939289,466.9,25
1719466939289,466.9,25
1719466939289,466.9,25
1719466939289,466.9,25
1719466939289,466.9,25
1719466939289,466.9,25
1719466939289,466.9,25
1719466939289,466.9,25
1719466939289,466.9,25
1719466939289,466.9,25
1719466970798,474.0,25
1719466970798,474.0,25
1719466980468,480.0,25
1719466980468,480.0,25
1719466981425,484.9,50
1719466981425,484.9,50
1719466982259,487.4,50
1719466983361,484.45,50
1719466983927,483.85,125
1719466983927,483.85,125
1719466983927,483.85,125
1719466983927,483.85,125
1719466983927,483.85,125
1719466988807,481.5,25
1719466988807,481.5,25
1719466988807,481.5,25
1719466988807,481.5,25
1719466992693,485.0,150
1719466992931,484.3,25
1719466992931,484.3,25
1719466992931,484.3,25
1719466992931,484.3,25
1719466992931,484.3,25
1719466997853,485.3,25
1719466997853,485.3,25
1719466997853,485.3,25
1719466997853,485.3,25
1719467000592,488.9,50
1719467000592,488.9,50
1719467006423,485.55,25
1719467006423,485.55,25
1719467006423,485.55,25
1719467006423,485.55,25
1719467011300,486.0,25
1719467011300,486.0,25
1719467011300,486.0,25
1719467011300,486.0,25
1719467014897,482.05,25
1719467014897,482.05,25
1719467014897,482.05,25
1719467014897,482.05,25
1719467014897,482.05,25
1719467014897,482.05,25
1719467014897,482.05,25
1719467014897,482.05,25
1719467014897,482.05,25
1719467064271,483.15,25
1719467064271,483.15,25
1719467064271,483.15,25
1719467064271,483.15,25
1719467064271,483.15,25
1719467070171,487.0,25
1719467070171,487.0,25
1719467070171,487.0,25
1719467070171,487.0,25
1719467070171,487.0,25
1719467070171,487.0,25
1719467070171,487.0,25
1719467070171,487.0,25
1719467070171,487.0,25
1719467083644,484.8,25
1719467083644,484.8,25
1719467083644,484.8,25
1719467083644,484.8,25
1719467083644,484.8,25
1719467083644,484.8,25
1719467083644,484.8,25
1719467083644,484.8,25
1719467083644,484.8,25
1719467083644,484.8,25
1719467083644,484.8,25
1719467083644,484.8,25
1719467096160,485.2,175
1719467096160,485.2,175
1719467096160,485.2,175
1719467096160,485.2,175
1719467096160,485.2,175
1719467096160,485.2,175
1719467096160,485.2,175
1719467096160,485.2,175
1719467096160,485.2,175
1719467096160,485.2,175
1719467106528,484.8,25
1719467106528,484.8,25
1719467106528,484.8,25
1719467106528,484.8,25
1719467106528,484.8,25
1719467106528,484.8,25
1719467112484,485.15,25
1719467112490,485.15,25
1719467112490,485.15,25
1719467112490,485.15,25
1719467112490,485.15,25
1719467112490,485.15,25
1719467112490,485.15,25
1719467112490,485.15,25
1719467112490,485.15,25
1719467112490,485.15,25
1719467112490,485.15,25
1719467112490,485.15,25
1719467112490,485.15,25
1719467112490,485.15,25
1719467112490,485.15,25
1719467112490,485.15,25
1719467112490,485.15,25
1719467112490,485.15,25
1719467112490,485.15,25
1719467112490,485.15,25
1719467112490,485.15,25
1719467112490,485.15,25
1719467112490,485.15,25
1719467112490,485.15,25
1719467112490,485.15,25
1719467112490,485.15,25
1719467112490,485.15,25
1719467112490,485.15,25
1719467112490,485.15,25
1719467112490,485.15,25
1719467112490,485.15,25
1719467112490,485.15,25
1719467112490,485.15,25
1719467112490,485.15,25
1719467112490,485.15,25
1719467112490,485.15,25
1719467112490,485.15,25
1719467112490,485.15,25
1719467112490,485.15,25
1719467112490,485.15,25
1719467176128,484.05,25
1719467176128,484.05,25
1719467176128,484.05,25
1719467176128,484.05,25
1719467176128,484.05,25
1719467176128,484.05,25
1719467176128,484.05,25
1719467176128,484.05,25
1719467176128,484.05,25
1719467176128,484.05,25
1719467176128,484.05,25
1719467176128,484.05,25
1719467190738,485.1,25
1719467190738,485.1,25
1719467191185,485.35,25
1719467191185,485.35,25
1719467191185,485.35,25
1719467191185,485.35,25
1719467191185,485.35,25
1719467191185,485.35,25
1719467191185,485.35,25
1719467191185,485.35,25
1719467191185,485.35,25
1719467191185,485.35,25
1719467191185,485.35,25
1719467191185,485.35,25
1719467191185,485.35,25
1719467191185,485.35,25
1719467191185,485.35,25
1719467191185,485.35,25
1719467191185,485.35,25
1719467191185,485.35,25
1719467191185,485.35,25
1719467191185,485.35,25
1719467191185,485.35,25
1719467191185,485.35,25
1719467191185,485.35,25
1719467191185,485.35,25
1719467191185,485.35,25
1719467191185,485.35,25
1719467191185,485.35,25
1719467191185,485.35,25
1719467191185,485.35,25
1719467220551,491.55,75
1719467220551,491.55,75
1719467220551,491.55,75
1719467220551,491.55,75
1719467223540,499.3,175
1719467223654,500.15,50
1719467223654,500.15,50
1719467224716,495.1,75
1719467224716,495.1,75
1719467224716,495.1,75
1719467224716,495.1,75
1719467224716,495.1,75
1719467224716,495.1,75
1719467224716,495.1,75
1719467231035,490.45,25
1719467231035,490.45,25
1719467332894,480.25,25
1719467349460,472.7,25
1719467349929,469.55,25
1719467349929,469.55,25
1719467350308,471.45,25
1719467350308,471.45,25
1719467350308,471.45,25
1719467352949,463.25,25
1719467353101,460.25,25
1719467353101,460.25,25
1719467353101,460.25,25
