time,price,volume
1719461503477,38.85,25
1719461503477,38.85,25
1719461504186,39.05,50
1719461505309,38.9,25
1719461505309,38.9,25
1719461505309,38.9,25
1719461507995,38.65,25
1719461508454,38.95,25
1719461508454,38.95,25
1719461508454,38.95,25
1719461508454,38.95,25
1719461513469,38.85,75
1719461513469,38.85,75
1719461515140,38.95,325
1719461515631,38.6,25
1719461515819,38.7,250
1719461516321,38.2,25
1719461517596,38.55,25
1719461517903,38.6,25
1719461518004,38.45,100
1719461519453,38.7,25
1719461519700,38.7,25
1719461520025,38.6,25
1719461520025,38.6,25
1719461520741,38.65,25
1719461521596,38.85,25
1719461522012,38.9,25
1719461522757,38.95,25
1719461523417,38.5,25
1719461524415,38.7,50
1719461524603,38.6,250
1719461525156,38.65,75
1719461525156,38.65,75
1719461526755,38.85,25
1719461527576,39.1,25
1719461527899,39.15,125
1719461528528,38.95,25
1719461528853,39.0,25
1719461528853,39.0,25
1719461530766,39.0,25
1719461530855,38.85,100
1719461531253,39.0,25
1719461532503,38.85,25
1719461532859,38.75,750
1719461533253,38.8,25
1719461533253,38.8,25
1719461535411,38.85,25
1719461535411,38.85,25
1719461537800,38.65,25
1719461537800,38.65,25
1719461537800,38.65,25
1719461539938,38.7,225
1719461540331,38.8,125
1719461540331,38.8,125
1719461541717,39.0,350
1719461542478,38.9,25
1719461542478,38.9,25
1719461542478,38.9,25
1719461545689,39.25,25
1719461545689,39.25,25
1719461546221,39.35,50
1719461547555,39.0,75
1719461547853,39.0,25
1719461548913,39.0,25
1719461548913,39.0,25
1719461548913,39.0,25
1719461552185,38.95,25
1719461552902,38.9,25
1719461553132,39.15,250
1719461554578,38.9,50
1719461554578,38.9,50
1719461555022,38.95,25
1719461555022,38.95,25
1719461555022,38.95,25
1719461558487,38.85,25
1719461559606,38.85,275
1719461559606,38.85,275
1719461561339,38.9,25
1719461562125,39.25,25
1719461562125,39.25,25
1719461563367,39.5,25
1719461564375,39.7,325
1719461564467,39.7,25
1719461565386,39.8,50
1719461566184,39.6,25
1719461566184,39.6,25
1719461568014,39.55,100
1719461569031,39.65,25
1719461569493,39.6,25
1719461569493,39.6,25
1719461572657,39.55,25
1719461572657,39.55,25
1719461572657,39.55,25
1719461574740,39.75,75
1719461575430,39.75,225
1719461575668,39.6,175
1719461575668,39.6,175
1719461577364,39.6,50
1719461577364,39.6,50
1719461579228,39.6,25
1719461579228,39.6,25
1719461580021,39.45,125
1719461580021,39.45,125
1719461580732,39.55,150
1719461580732,39.55,150
1719461580732,39.55,150
1719461584254,39.55,25
1719461584503,39.6,25
1719461585653,39.75,50
1719461586227,39.85,25
1719461586227,39.85,25
1719461586227,39.85,25
1719461588255,40.2,25
1719461588354,39.85,250
1719461589504,39.95,25
1719461591075,40.1,25
1719461591075,40.1,25
1719461591667,40.15,25
1719461591667,40.15,25
1719461591667,40.15,25
1719461596265,39.55,25
1719461596265,39.55,25
1719461596460,39.5,475
1719461597625,39.65,25
1719461597625,39.65,25
1719461598250,39.75,25
1719461598250,39.75,25
1719461598250,39.75,25
1719461602212,39.85,300
1719461602821,39.7,50
1719461602821,39.7,50
1719461604605,40.0,25
1719461604605,40.0,25
1719461606689,39.65,125
1719461606689,39.65,125
1719461608824,39.95,25
1719461609475,39.8,50
1719461609475,39.8,50
1719461609475,39.8,50
1719461609475,39.8,50
1719461612466,39.85,25
1719461612584,39.9,25
1719461612584,39.9,25
1719461613321,39.9,25
1719461614544,39.95,25
1719461615373,40.2,25
1719461616377,39.95,25
1719461616377,39.95,25
1719461617234,40.0,25
1719461617234,40.0,25
1719461618590,40.1,25
1719461619336,39.9,75
1719461620616,40.0,25
1719461620616,40.0,25
1719461621671,39.7,25
1719461621671,39.7,25
1719461624466,39.45,25
1719461624466,39.45,25
1719461625024,39.3,25
1719461625849,39.3,25
1719461625849,39.3,25
1719461626892,39.5,25
1719461626892,39.5,25
1719461626892,39.5,25
1719461628686,39.2,25
1719461628686,39.2,25
1719461629845,39.3,25
1719461631387,39.4,25
1719461631918,39.5,75
1719461632601,39.45,125
1719461632601,39.45,125
1719461632601,39.45,125
1719461632601,39.45,125
1719461637472,39.6,25
1719461637472,39.6,25
1719461638574,39.6,75
1719461638574,39.6,75
1719461639918,39.7,200
1719461639918,39.7,200
1719461640363,39.65,25
1719461640363,39.65,25
1719461641997,39.65,25
1719461641997,39.65,25
1719461643289,39.5,200
1719461643289,39.5,200
1719461643289,39.5,200
1719461645486,39.5,25
1719461646254,39.85,25
1719461646438,39.85,25
1719461646438,39.85,25
1719461647299,39.7,50
1719461648040,39.9,25
1719461648476,39.85,25
1719461649550,39.85,50
1719461649550,39.85,50
1719461650894,39.9,25
1719461650894,39.9,25
1719461651454,39.75,25
1719461652909,39.5,200
1719461652929,39.3,25
1719461653588,39.4,25
1719461654597,39.5,50
1719461654597,39.5,50
1719461656388,39.3,525
1719461657419,39.5,25
1719461657419,39.5,25
1719461658548,39.65,50
1719461659714,39.75,25
1719461659714,39.75,25
1719461660480,40.0,100
1719461661190,40.0,50
1719461661574,40.0,25
1719461662620,40.25,75
1719461662620,40.25,75
1719461663780,40.4,150
1719461663780,40.4,150
1719461665424,40.15,50
1719461665424,40.15,50
1719461666695,39.95,25
1719461667455,39.8,75
1719461668052,39.75,50
1719461668452,39.5,25
1719461669587,39.8,50
1719461670024,39.7,175
1719461670639,39.85,150
1719461670639,39.85,150
1719461671574,39.8,25
1719461671574,39.8,25
1719461673267,39.65,50
1719461673549,39.8,175
1719461673549,39.8,175
1719461673549,39.8,175
1719461677599,39.6,150
1719461677599,39.6,150
1719461678200,39.65,75
1719461679500,39.8,25
1719461679500,39.8,25
1719461681584,39.8,125
1719461682575,39.75,175
1719461682575,39.75,175
1719461683478,39.6,75
1719461684605,39.4,25
1719461685289,39.35,50
1719461685289,39.35,50
1719461687486,39.5,200
1719461687583,39.5,150
1719461687583,39.5,150
1719461689060,39.65,50
1719461689458,39.65,100
1719461689458,39.65,100
1719461690555,39.4,25
1719461690555,39.4,25
1719461691585,39.3,150
1719461691585,39.3,150
1719461694587,39.4,100
1719461696214,39.6,25
1719461696214,39.6,25
1719461696651,39.4,25
1719461696651,39.4,25
1719461699035,39.75,175
1719461699643,39.85,25
1719461699643,39.85,25
1719461700473,39.6,75
1719461701417,39.3,125
1719461701417,39.3,125
1719461702797,38.95,25
1719461702797,38.95,25
1719461703601,39.25,25
1719461704455,39.15,225
1719461704455,39.15,225
1719461705757,39.6,75
1719461705757,39.6,75
1719461707036,39.55,150
1719461707571,39.75,125
1719461708735,39.5,300
1719461709012,39.8,25
1719461711254,39.25,25
1719461711254,39.25,25
1719461712039,39.45,25
1719461712139,39.45,25
1719461712139,39.45,25
1719461712139,39.45,25
1719461716822,39.75,125
1719461718567,39.55,50
1719461719645,39.4,125
1719461719645,39.4,125
1719461720925,39.1,25
1719461720925,39.1,25
1719461723612,39.3,25
1719461747847,38.2,25
1719461747847,38.2,25
1719461749467,38.0,25
1719461750699,37.8,50
1719461751496,37.85,25
1719461751496,37.85,25
1719461752993,37.85,25
1719461753570,37.6,100
1719461754141,38.05,25
1719461755539,37.9,25
1719461756449,38.0,100
1719461756449,38.0,100
1719461757702,37.9,25
1719461758025,37.85,200
1719461758526,37.95,25
1719461758526,37.95,25
1719461760201,38.1,25
1719461760609,37.9,25
1719461761041,38.0,25
1719461761527,38.0,25
1719461762602,37.9,25
1719461763781,38.0,75
1719461764631,37.75,25
1719461765754,38.0,250
1719461766473,38.05,25
1719461766473,38.05,25
1719461767174,38.0,175
1719461767174,38.0,175
1719461768754,38.1,25
1719461769560,38.0,25
1719461769910,37.95,50
1719461770609,37.95,25
1719461771516,37.95,75
1719461771754,38.05,25
1719461772816,38.1,300
1719461772816,38.1,300
1719461773726,37.95,50
1719461774556,38.35,75
1719461775223,38.25,25
1719461775223,38.25,25
1719461775223,38.25,25
1719461778333,38.15,200
1719461778578,38.15,100
1719461779584,38.1,50
1719461779584,38.1,50
1719461780568,38.15,25
1719461780568,38.15,25
1719461780568,38.15,25
1719461783762,37.65,100
1719461784388,37.7,50
1719461785959,37.8,50
1719461786380,37.5,25
1719461786759,37.35,25
1719461787484,37.35,25
1719461788017,37.3,75
1719461788740,37.35,25
1719461789596,37.4,75
1719461789596,37.4,75
1719461790030,37.4,275
1719461790976,37.55,25
1719461791505,37.45,100
1719461791795,37.55,100
1719461792103,37.3,50
1719461792103,37.3,50
1719461793773,37.55,50
1719461794680,37.55,100
1719461794680,37.55,100
1719461795740,37.75,225
1719461796531,37.75,225
1719461796531,37.75,225
1719461797518,37.8,125
1719461797518,37.8,125
1719461799450,37.5,125
1719461799450,37.5,125
1719461799884,37.55,200
1719461800620,37.5,250
1719461800620,37.5,250
1719461801711,37.4,25
1719461801852,37.4,125
1719461803045,37.6,50
1719461803657,37.55,75
1719461803657,37.55,75
1719461806022,37.55,125
1719461806022,37.55,125
1719461807291,37.45,50
1719461808034,37.55,25
1719461809578,37.6,50
1719461809623,37.55,25
1719461809623,37.55,25
1719461809623,37.55,25
1719461813045,37.75,25
1719461813773,37.45,25
1719461814598,37.65,25
1719461814598,37.65,25
1719461814598,37.65,25
1719461817147,38.05,125
1719461817421,37.95,50
1719461817421,37.95,50
1719461819265,37.9,350
1719461819265,37.9,350
1719461820258,38.05,50
1719461820258,38.05,50
1719461820473,38.05,25
1719461821595,37.8,125
1719461821595,37.8,125
1719461822930,38.1,75
1719461822930,38.1,75
1719461824523,38.25,100
1719461824748,38.2,25
1719461824748,38.2,25
1719461826961,38.25,50
1719461827989,38.2,25
1719461827989,38.2,25
1719461828504,38.3,25
1719461829753,38.25,25
1719461830709,38.2,50
1719461830709,38.2,50
1719461830709,38.2,50
1719461834179,37.9,25
1719461834179,37.9,25
1719461835652,37.75,25
1719461836543,38.05,50
1719461836639,38.05,150
1719461837401,38.15,150
1719461837401,38.15,150
1719461839770,38.65,25
1719461839770,38.65,25
1719461841975,38.7,50
1719461842706,38.6,125
1719461842706,38.6,125
1719461843999,38.7,25
1719461843999,38.7,25
1719461845395,38.7,100
1719461845605,38.7,25
1719461845605,38.7,25
1719461846751,38.55,25
1719461847498,38.65,100
1719461847498,38.65,100
1719461847498,38.65,100
1719461847498,38.65,100
1719461847498,38.65,100
1719461847498,38.65,100
1719461847498,38.65,100
1719461853954,38.95,25
1719461855854,38.9,325
1719461855854,38.9,325
1719461857174,38.8,225
1719461857174,38.8,225
1719461858427,39.0,25
1719461859841,39.0,500
1719461859841,39.0,500
1719461859841,39.0,500
1719461862391,38.85,250
1719461862391,38.85,250
1719461862391,38.85,250
1719461865261,39.0,50
1719461865261,39.0,50
1719461865261,39.0,50
1719461865261,39.0,50
1719461865261,39.0,50
1719461865261,39.0,50
1719461874572,39.3,25
1719461874855,39.5,350
1719461874855,39.5,350
1719461874855,39.5,350
1719461877649,39.55,25
1719461877649,39.55,25
1719461877649,39.55,25
1719461877649,39.55,25
1719461877649,39.55,25
1719461882212,39.8,300
1719461882818,39.5,25
1719461883237,39.55,150
1719461883396,39.45,50
1719461883396,39.45,50
1719461886256,39.4,25
1719461886256,39.4,25
1719461886754,39.3,25
1719461887725,39.3,275
1719461887725,39.3,275
1719461888763,39.25,50
1719461889582,39.25,25
1719461889582,39.25,25
1719461889582,39.25,25
1719461891759,39.5,50
1719461892684,39.75,25
1719461892684,39.75,25
1719461892684,39.75,25
1719461895016,39.65,25
1719461895016,39.65,25
1719461897330,39.65,25
1719461897977,39.5,50
1719461897977,39.5,50
1719461898987,39.8,25
1719461899999,39.65,25
1719461901023,39.6,25
1719461901395,39.5,100
1719461901576,39.5,25
1719461901955,39.3,150
1719461901955,39.3,150
1719461901955,39.3,150
1719461905433,39.4,150
1719461905490,39.55,25
1719461905490,39.55,25
1719461906600,39.8,25
1719461908204,39.6,50
1719461908204,39.6,50
1719461909572,39.5,500
1719461909726,39.5,25
1719461909982,39.7,50
1719461909982,39.7,50
1719461911449,39.8,25
1719461911449,39.8,25
1719461912219,39.75,25
1719461912219,39.75,25
1719461912219,39.75,25
1719461915393,39.75,25
1719461915393,39.75,25
1719461916683,40.0,25
1719461917470,39.9,25
1719461917470,39.9,25
1719461918794,39.95,25
1719461919621,39.95,25
1719461920774,39.65,25
1719461921470,39.6,25
1719461921780,39.5,50
1719461921780,39.5,50
1719461923583,39.65,25
1719461923583,39.65,25
1719461925775,39.3,75
1719461926011,39.35,100
1719461926586,39.45,25
1719461927013,39.45,25
1719461927013,39.45,25
1719461928598,39.45,25
1719461928598,39.45,25
1719461928598,39.45,25
1719461928598,39.45,25
1719461934055,39.5,25
1719461934404,39.45,100
1719461935439,39.45,50
1719461936163,39.6,25
1719461936163,39.6,25
1719461937794,39.65,25
1719461937794,39.65,25
1719461938587,39.7,25
1719461939670,39.4,25
1719461940114,39.45,25
1719461940805,39.35,150
1719461941326,39.4,225
1719461941326,39.4,225
1719461942753,39.6,25
1719461942753,39.6,25
1719461943577,39.5,25
1719461943577,39.5,25
1719461945518,39.45,900
1719461946255,39.4,25
1719461946503,39.4,25
1719461946807,39.4,475
1719461947584,39.35,25
1719461947584,39.35,25
1719461947584,39.35,25
1719461950576,39.2,25
1719461950576,39.2,25
1719461950576,39.2,25
1719461954013,39.2,25
1719461954469,39.2,25
1719461954469,39.2,25
1719461956366,39.2,25
1719461957454,39.3,25
1719461957454,39.3,25
1719461958556,39.0,200
1719461959131,38.85,575
1719461959131,38.85,575
1719461960110,38.5,25
1719461961094,38.55,150
1719461961094,38.55,150
1719461961631,38.25,525
1719461962416,38.4,75
1719461962416,38.4,75
1719461963961,38.15,25
1719461964119,38.35,75
1719461964119,38.35,75
1719461965719,38.4,75
1719461965719,38.4,75
1719461966815,38.6,75
1719461967946,38.65,75
1719461967946,38.65,75
1719461967946,38.65,75
1719461967946,38.65,75
1719461967946,38.65,75
1719461967946,38.65,75
1719461974078,38.75,75
1719461974078,38.75,75
1719461975196,38.65,150
1719461975196,38.65,150
1719461977682,38.5,100
1719461977846,38.6,25
1719461977846,38.6,25
1719461979053,38.75,125
1719461979053,38.75,125
1719461980719,38.85,275
1719461980719,38.85,275
1719461982429,38.75,125
1719461982429,38.75,125
1719461984351,38.25,75
1719461984815,38.15,300
1719461984815,38.15,300
1719461984815,38.15,300
1719461984815,38.15,300
1719461984815,38.15,300
1719461984815,38.15,300
1719461991923,38.45,25
1719461992881,38.45,25
1719461992881,38.45,25
1719461992881,38.45,25
1719461992881,38.45,25
1719461997944,38.5,25
1719461997944,38.5,25
1719461997944,38.5,25
1719462000073,38.45,75
1719462000073,38.45,75
1719462001219,38.2,25
1719462001676,38.2,175
1719462001676,38.2,175
1719462003083,38.05,25
1719462003083,38.05,25
1719462003581,38.1,25
1719462004721,38.1,25
1719462004721,38.1,25
1719462004721,38.1,25
1719462007046,37.85,425
1719462007046,37.85,425
1719462008503,37.7,25
1719462009489,37.95,50
1719462009489,37.95,50
1719462011004,37.9,25
1719462011253,37.95,25
1719462011253,37.95,25
1719462013004,37.95,25
1719462013253,38.0,25
1719462013475,37.95,50
1719462014859,38.0,375
1719462014859,38.0,375
1719462016681,37.65,25
1719462017136,37.85,25
1719462017648,37.85,50
1719462018271,37.8,50
1719462018990,37.75,75
1719462018990,37.75,75
1719462020272,37.6,25
1719462020272,37.6,25
1719462021888,38.0,25
1719462022235,38.1,50
1719462023263,38.35,75
1719462024009,38.15,25
1719462024886,38.3,25
1719462024886,38.3,25
1719462026057,38.3,25
1719462026178,38.2,25
1719462026178,38.2,25
1719462026178,38.2,25
1719462028694,38.35,25
1719462028694,38.35,25
1719462030049,38.25,150
1719462030049,38.25,150
1719462030049,38.25,150
1719462031853,38.05,25
1719462032553,37.95,50
1719462032553,37.95,50
1719462033424,38.2,25
1719462034661,38.0,25
1719462034661,38.0,25
1719462035850,38.15,250
1719462036432,38.15,150
1719462036432,38.15,150
1719462037502,38.35,75
1719462038169,38.4,350
1719462038837,38.4,25
1719462039456,38.3,25
1719462040519,38.25,50
1719462040519,38.25,50
1719462042980,38.55,975
1719462042980,38.55,975
1719462044471,38.6,25
1719462044471,38.6,25
1719462045983,38.8,225
1719462045983,38.8,225
1719462045983,38.8,225
1719462045983,38.8,225
1719462050522,38.25,150
1719462050875,38.35,100
1719462050875,38.35,100
1719462051931,38.35,175
1719462053032,38.2,250
1719462053032,38.2,250
1719462053866,38.2,25
1719462053866,38.2,25
1719462055082,38.3,50
1719462055660,38.25,25
1719462056341,38.55,75
1719462056634,38.45,25
1719462057819,38.5,25
1719462058342,38.55,25
1719462058342,38.55,25
1719462059411,38.8,25
1719462059411,38.8,25
1719462060300,38.5,25
1719462060507,38.5,25
1719462060507,38.5,25
1719462060507,38.5,25
1719462064473,38.9,75
1719462064473,38.9,75
1719462064473,38.9,75
1719462068062,38.75,25
1719462068062,38.75,25
1719462068942,38.6,75
1719462068942,38.6,75
1719462070503,38.9,25
1719462070753,38.9,25
1719462071004,38.9,25
1719462071004,38.9,25
1719462071004,38.9,25
1719462071004,38.9,25
1719462075706,38.9,50
1719462076177,38.7,25
1719462076177,38.7,25
1719462076177,38.7,25
1719462076177,38.7,25
1719462076177,38.7,25
1719462081829,38.85,175
1719462082803,39.25,25
1719462084349,38.9,25
1719462084669,39.05,25
1719462084669,39.05,25
1719462084669,39.05,25
1719462084669,39.05,25
1719462084669,39.05,25
1719462084669,39.05,25
1719462092954,38.9,25
1719462092954,38.9,25
1719462092954,38.9,25
1719462092954,38.9,25
1719462092954,38.9,25
1719462098540,38.95,50
1719462098896,39.0,25
1719462099919,38.7,25
1719462099919,38.7,25
1719462101073,38.9,25
1719462101073,38.9,25
1719462101073,38.9,25
1719462104619,38.85,25
1719462104619,38.85,25
1719462127627,38.95,100
1719462127627,38.95,100
1719462128254,38.95,25
1719462128503,38.95,25
1719462128503,38.95,25
1719462132221,38.85,75
1719462132221,38.85,75
1719462133350,38.95,25
1719462133831,38.85,50
1719462133831,38.85,50
1719462136272,38.65,50
1719462136272,38.65,50
1719462137805,38.85,250
1719462137805,38.85,250
1719462138892,39.1,50
1719462138892,39.1,50
1719462138892,39.1,50
1719462138892,39.1,50
1719462143509,39.05,150
1719462143509,39.05,150
1719462146676,39.05,50
1719462146703,39.0,25
1719462146703,39.0,25
1719462149978,38.95,25
1719462149978,38.95,25
1719462149978,38.95,25
1719462150897,39.15,50
1719462150897,39.15,50
1719462150897,39.15,50
1719462154449,39.2,25
1719462154449,39.2,25
1719462156425,38.95,50
1719462156425,38.95,50
1719462159746,39.15,300
1719462159746,39.15,300
1719462159746,39.15,300
1719462159746,39.15,300
1719462159746,39.15,300
1719462159746,39.15,300
1719462166782,39.4,25
1719462166782,39.4,25
1719462169694,39.75,175
1719462169694,39.75,175
1719462169694,39.75,175
1719462169694,39.75,175
1719462173381,39.15,25
1719462175016,39.0,50
1719462175016,39.0,50
1719462176030,39.0,275
1719462176030,39.0,275
1719462178401,39.65,25
1719462178857,39.9,75
1719462178857,39.9,75
1719462178857,39.9,75
1719462178857,39.9,75
1719462182463,39.7,100
1719462182463,39.7,100
1719462184556,39.65,250
1719462184698,39.85,250
1719462184698,39.85,250
1719462184698,39.85,250
1719462188148,39.85,100
1719462188350,39.85,75
1719462188350,39.85,75
1719462190697,39.85,25
1719462191553,39.7,25
1719462191553,39.7,25
1719462191823,39.65,25
1719462191823,39.65,25
1719462191823,39.65,25
1719462191823,39.65,25
1719462191823,39.65,25
1719462198980,39.8,175
1719462198980,39.8,175
1719462200201,39.6,25
1719462200453,39.7,25
1719462200453,39.7,25
1719462202657,39.4,25
1719462202657,39.4,25
1719462204175,39.3,100
1719462204354,39.1,75
1719462205935,39.05,25
1719462205935,39.05,25
1719462206778,39.1,50
1719462207468,39.05,25
1719462207468,39.05,25
1719462208465,39.25,50
1719462209717,39.4,100
1719462209717,39.4,100
1719462209717,39.4,100
1719462211472,39.4,125
1719462211472,39.4,125
1719462212271,39.5,25
1719462212271,39.5,25
1719462212271,39.5,25
1719462212271,39.5,25
1719462212271,39.5,25
1719462212271,39.5,25
1719462212271,39.5,25
1719462212271,39.5,25
1719462224471,39.45,25
1719462224471,39.45,25
1719462224471,39.45,25
1719462224471,39.45,25
1719462224471,39.45,25
1719462224471,39.45,25
1719462232263,39.65,25
1719462232263,39.65,25
1719462233634,39.65,25
1719462233634,39.65,25
1719462233634,39.65,25
1719462233634,39.65,25
1719462239021,39.7,25
1719462239021,39.7,25
1719462239021,39.7,25
1719462239021,39.7,25
1719462239021,39.7,25
1719462245141,39.15,50
1719462246730,39.0,50
1719462246730,39.0,50
1719462247422,39.15,50
1719462248444,39.05,450
1719462249435,39.15,50
1719462249435,39.15,50
1719462250602,39.2,25
1719462251242,39.45,400
1719462251242,39.45,400
1719462252332,39.8,25
1719462252893,39.9,25
1719462252893,39.9,25
1719462253488,39.85,25
1719462254802,39.75,25
1719462254802,39.75,25
1719462254802,39.75,25
1719462257795,39.65,50
1719462258253,39.85,25
1719462258253,39.85,25
1719462258253,39.85,25
1719462258253,39.85,25
1719462258253,39.85,25
1719462264137,39.55,200
1719462264137,39.55,200
1719462264137,39.55,200
1719462264137,39.55,200
1719462269388,39.65,200
1719462270054,39.55,25
1719462270054,39.55,25
1719462270054,39.55,25
1719462270054,39.55,25
1719462270054,39.55,25
1719462270054,39.55,25
1719462270054,39.55,25
1719462279299,39.15,100
1719462279629,39.2,50
1719462279629,39.2,50
1719462279629,39.2,50
1719462279629,39.2,50
1719462284064,39.0,25
1719462285026,39.2,150
1719462285092,39.1,25
1719462285092,39.1,25
1719462286889,39.1,75
1719462286889,39.1,75
1719462286889,39.1,75
1719462289539,39.0,25
1719462289993,38.85,100
1719462289993,38.85,100
1719462289993,38.85,100
1719462289993,38.85,100
1719462289993,38.85,100
1719462296330,39.0,450
1719462296583,38.85,25
1719462296583,38.85,25
1719462298281,38.95,200
1719462298500,39.0,125
1719462298500,39.0,125
1719462299703,38.85,25
1719462299703,38.85,25
1719462299703,38.85,25
1719462303210,38.8,25
1719462303509,38.85,25
1719462303509,38.85,25
1719462303509,38.85,25
1719462306254,38.8,25
1719462306755,38.85,25
1719462306755,38.85,25
1719462306755,38.85,25
1719462308891,38.7,25
1719462309816,38.9,25
1719462309816,38.9,25
1719462311723,38.9,50
1719462312036,38.35,50
1719462312848,38.15,25
1719462313390,38.0,75
1719462313990,38.2,25
1719462315106,38.25,25
1719462316049,38.35,25
1719462316559,38.5,50
1719462316559,38.5,50
1719462316559,38.5,50
1719462319171,38.4,25
1719462319771,38.4,25
1719462320290,38.45,25
1719462321236,38.5,25
1719462321236,38.5,25
1719462322970,38.45,25
1719462323490,38.5,25
1719462323697,38.45,25
1719462325298,38.55,25
1719462325298,38.55,25
1719462325717,38.55,25
1719462326812,38.5,225
1719462326812,38.5,225
1719462327589,38.4,25
1719462327589,38.4,25
1719462327589,38.4,25
1719462327589,38.4,25
1719462332973,38.35,25
1719462333545,38.25,25
1719462333953,38.2,25
1719462335073,38.3,300
1719462335073,38.3,300
1719462336706,38.2,25
1719462337820,38.5,25
1719462338228,38.5,50
1719462338311,38.55,50
1719462338311,38.55,50
1719462338311,38.55,50
1719462341381,38.3,175
1719462341381,38.3,175
1719462342417,38.3,25
1719462343450,38.25,25
1719462343450,38.25,25
1719462343450,38.25,25
1719462348413,38.4,25
1719462348413,38.4,25
1719462349258,38.4,25
1719462349258,38.4,25
1719462350917,38.4,25
1719462351759,38.3,100
1719462353077,38.45,25
1719462353077,38.45,25
1719462354019,38.7,50
1719462354937,38.35,25
1719462354937,38.35,25
1719462358248,38.7,75
1719462358248,38.7,75
1719462358917,38.6,50
1719462358917,38.6,50
1719462358917,38.6,50
1719462358917,38.6,50
1719462362467,38.45,50
1719462363463,38.55,50
1719462363463,38.55,50
1719462365042,38.7,175
1719462365411,38.7,25
1719462365411,38.7,25
1719462365411,38.7,25
1719462365411,38.7,25
1719462370340,38.65,25
1719462370340,38.65,25
1719462371269,38.75,200
1719462371269,38.75,200
1719462373109,38.45,25
1719462373780,38.55,25
1719462373780,38.55,25
1719462375139,38.5,25
1719462375139,38.5,25
1719462375139,38.5,25
1719462377721,38.5,25
1719462378270,38.85,25
1719462378748,38.85,25
1719462378748,38.85,25
1719462378748,38.85,25
1719462381095,39.0,25
1719462381458,38.9,25
1719462381458,38.9,25
1719462382990,38.85,525
1719462382990,38.85,525
1719462384899,38.6,125
1719462384899,38.6,125
1719462384899,38.6,125
1719462388539,38.9,150
1719462388539,38.9,150
1719462389523,38.95,100
1719462389523,38.95,100
1719462389523,38.95,100
1719462389523,38.95,100
1719462392367,39.0,400
1719462392367,39.0,400
1719462392367,39.0,400
1719462392367,39.0,400
1719462397110,38.45,175
1719462398161,38.55,500
1719462398779,38.4,50
1719462398779,38.4,50
1719462400039,38.0,150
1719462400715,37.35,100
1719462401902,37.45,50
1719462401902,37.45,50
1719462401902,37.45,50
1719462405029,37.25,125
1719462405029,37.25,125
1719462406199,37.45,650
1719462406199,37.45,650
1719462408324,37.0,25
1719462408850,36.9,25
1719462409060,36.8,225
1719462409999,37.25,125
1719462409999,37.25,125
1719462411210,37.2,375
1719462411450,37.15,25
1719462411450,37.15,25
1719462412362,37.1,25
1719462413751,37.2,175
1719462414147,37.1,175
1719462414765,36.85,25
1719462415492,36.65,25
1719462415492,36.65,25
1719462417022,36.55,25
1719462417022,36.55,25
1719462417937,36.45,50
1719462418584,36.55,25
1719462419107,36.35,25
1719462419719,36.35,25
1719462420366,36.0,25
1719462420366,36.0,25
1719462421172,35.9,275
1719462421910,35.6,75
1719462422222,35.5,175
1719462423148,35.8,275
1719462423899,35.9,25
1719462423913,36.05,75
1719462425136,36.15,25
1719462425475,36.15,1625
1719462426120,36.25,25
1719462427110,36.2,25
1719462427273,36.1,25
1719462427807,36.35,25
1719462428912,36.35,25
1719462429175,36.25,25
1719462429981,36.3,25
1719462430464,36.55,25
1719462430464,36.55,25
1719462430464,36.55,25
1719462432727,36.55,25
1719462433138,36.6,25
1719462433138,36.6,25
1719462435162,36.4,25
1719462435162,36.4,25
1719462436158,36.25,100
1719462436158,36.25,100
1719462436158,36.25,100
1719462440279,36.15,25
1719462440279,36.15,25
1719462441661,36.2,50
1719462441661,36.2,50
1719462443380,36.05,25
1719462443380,36.05,25
1719462444305,35.75,50
1719462444305,35.75,50
1719462446734,35.65,25
1719462446826,35.7,25
1719462446826,35.7,25
1719462448277,35.7,50
1719462448538,35.7,50
1719462448969,35.75,25
1719462449401,35.85,25
1719462449401,35.85,25
1719462449401,35.85,25
1719462450952,36.05,25
1719462450952,36.05,25
1719462452192,36.1,50
1719462453011,36.3,25
1719462453614,35.95,25
1719462453614,35.95,25
1719462453614,35.95,25
1719462455571,35.75,200
1719462456848,35.95,25
1719462456848,35.95,25
1719462458380,35.8,125
1719462458380,35.8,125
1719462459344,35.95,25
1719462459344,35.95,25
1719462459344,35.95,25
1719462462845,35.45,500
1719462463489,35.5,150
1719462463489,35.5,150
1719462465158,35.5,75
1719462465158,35.5,75
1719462466420,35.0,275
1719462467070,34.75,25
1719462467070,34.75,25
1719462468180,34.95,150
1719462468740,35.0,100
1719462468740,35.0,100
1719462470251,34.65,50
1719462470251,34.65,50
1719462471381,34.6,150
1719462472185,34.4,25
1719462472185,34.4,25
1719462472630,34.45,25
1719462473617,34.65,300
1719462474570,34.35,50
1719462475178,34.4,250
1719462475573,34.35,25
1719462475939,34.5,150
1719462477130,34.0,250
1719462477477,34.2,50
1719462478336,34.35,25
1719462478972,34.45,250
1719462479213,34.35,100
1719462479931,34.4,25
1719462479931,34.4,25
1719462481181,33.85,25
1719462481635,33.8,50
1719462481635,33.8,50
1719462483742,33.75,200
1719462483836,33.9,25
1719462484339,34.05,25
1719462485374,33.9,150
1719462485484,34.0,50
1719462485640,34.05,150
1719462486616,34.1,25
1719462486616,34.1,25
1719462488130,34.3,300
1719462488684,34.4,75
1719462488684,34.4,75
1719462490427,34.3,125
1719462490427,34.3,125
1719462491495,34.1,25
1719462492120,33.95,50
1719462492120,33.95,50
1719462493040,34.25,175
1719462494022,34.4,100
1719462494254,34.25,25
1719462495173,34.05,25
1719462495173,34.05,25
1719462496319,34.05,50
1719462496319,34.05,50
1719462496319,34.05,50
1719462500520,34.05,25
1719462500933,33.9,75
1719462502011,33.85,25
1719462503259,33.9,250
1719462503259,33.9,250
1719462504262,33.75,50
1719462505130,33.6,150
1719462505130,33.6,150
1719462506391,33.5,325
1719462506391,33.5,325
1719462507633,33.6,100
1719462507633,33.6,100
1719462509215,33.6,150
1719462509215,33.6,150
1719462509215,33.6,150
1719462511463,33.6,50
1719462511463,33.6,50
1719462512794,33.6,50
1719462513372,33.6,50
1719462513372,33.6,50
1719462514952,33.4,50
1719462514952,33.4,50
1719462516069,33.4,75
1719462516826,33.45,25
1719462516826,33.45,25
1719462518645,33.6,25
1719462519014,33.6,75
1719462519014,33.6,75
1719462519872,33.4,225
1719462519872,33.4,225
1719462521229,33.65,25
1719462522053,33.75,25
1719462522236,33.8,25
1719462522706,33.3,100
1719462523972,33.65,25
1719462524209,33.55,25
1719462524913,33.4,50
1719462524913,33.4,50
1719462526331,33.65,175
1719462526581,33.6,225
1719462527305,33.4,100
1719462527305,33.4,100
1719462527305,33.4,100
1719462529200,33.65,75
1719462529593,33.5,25
1719462529593,33.5,25
1719462532255,33.5,125
1719462532255,33.5,125
1719462532896,33.4,350
1719462532896,33.4,350
1719462534387,33.4,50
1719462534920,33.45,25
1719462534920,33.45,25
1719462537291,33.45,50
1719462538256,33.6,350
1719462538256,33.6,350
1719462539264,33.6,225
1719462539517,33.45,25
1719462539517,33.45,25
1719462539517,33.45,25
1719462541205,33.45,200
1719462542508,33.4,50
1719462543085,33.55,25
1719462544031,33.6,100
1719462544194,33.65,25
1719462545584,33.6,25
1719462545584,33.6,25
1719462545911,33.65,50
1719462547255,33.5,25
1719462547255,33.5,25
1719462548506,33.6,25
1719462549004,33.55,25
1719462549714,33.5,25
1719462550503,33.5,25
1719462551253,33.45,25
1719462552040,33.5,25
1719462552245,33.25,25
1719462552864,33.45,25
1719462554051,33.3,50
1719462554051,33.3,50
1719462554051,33.3,50
1719462556516,33.1,200
1719462557252,33.2,50
1719462557252,33.2,50
1719462558305,33.1,150
1719462558305,33.1,150
1719462560402,33.45,50
1719462560402,33.45,50
1719462560999,33.3,25
1719462560999,33.3,25
1719462563232,33.3,50
1719462563638,33.45,25
1719462564309,33.25,125
1719462564309,33.25,125
1719462566372,33.25,50
1719462566512,33.2,25
1719462566512,33.2,25
1719462567891,33.05,400
1719462567891,33.05,400
1719462569712,33.0,25
1719462570313,33.0,25
1719462570313,33.0,25
1719462570686,33.2,175
1719462570686,33.2,175
1719462571892,32.85,200
1719462572471,33.0,150
1719462572842,33.05,675
1719462573784,33.1,75
1719462574977,33.0,100
1719462575434,33.1,75
1719462576128,33.15,25
1719462577420,33.3,50
1719462577420,33.3,50
1719462577726,33.4,50
1719462579029,33.7,25
1719462579029,33.7,25
1719462579754,33.7,50
1719462579754,33.7,50
1719462582110,33.4,350
1719462582110,33.4,350
1719462582605,33.55,50
1719462583469,33.4,150
1719462583469,33.4,150
1719462584867,33.2,250
1719462585587,33.15,25
1719462585587,33.15,25
1719462587031,33.25,75
1719462587031,33.25,75
1719462588594,33.3,25
1719462588594,33.3,25
1719462589454,33.35,25
1719462589733,33.15,100
1719462590594,33.15,300
1719462590594,33.15,300
1719462591701,33.35,50
1719462592472,33.4,200
1719462592472,33.4,200
1719462593632,33.25,50
1719462595319,33.25,75
1719462595319,33.25,75
1719462596101,33.35,75
1719462597444,33.35,100
1719462597444,33.35,100
1719462598780,33.15,50
1719462599131,33.1,25
1719462599131,33.1,25
1719462600243,33.0,300
1719462600490,32.9,50
1719462601264,32.5,150
1719462602394,32.6,25
1719462602394,32.6,25
1719462603557,32.8,25
1719462603871,32.9,650
1719462604457,32.95,625
1719462604962,33.0,50
1719462604962,33.0,50
1719462606112,33.3,75
1719462607591,33.2,50
1719462608406,33.3,25
1719462609139,33.1,25
1719462609139,33.1,25
1719462610282,33.35,25
1719462610684,33.3,100
1719462611178,33.25,25
1719462612350,33.15,25
1719462613377,33.15,75
1719462614040,33.2,25
1719462614478,33.15,25
1719462615253,33.1,25
1719462615682,33.0,50
1719462616199,33.05,75
1719462617034,33.05,50
1719462618274,33.15,25
1719462619128,33.3,25
1719462619128,33.3,25
1719462620391,33.4,25
1719462620644,33.35,100
1719462621262,33.3,25
1719462621615,33.3,25
1719462621615,33.3,25
1719462623038,33.35,75
1719462623544,33.25,25
1719462623544,33.25,25
1719462624771,33.35,25
1719462625557,33.35,75
1719462626254,33.2,25
1719462627454,33.25,100
1719462628254,33.1,25
1719462628254,33.1,25
1719462628254,33.1,25
1719462628254,33.1,25
1719462631232,32.9,25
1719462632480,32.85,125
1719462633490,32.85,275
1719462634221,32.9,150
1719462634221,32.9,150
1719462635463,32.9,25
1719462635613,32.75,25
1719462636128,32.9,25
1719462637105,33.0,300
1719462637105,33.0,300
1719462637479,32.95,25
1719462639064,33.05,125
1719462639290,33.0,50
1719462640055,33.3,50
1719462640732,33.3,75
1719462640732,33.3,75
1719462641562,33.05,50
1719462643426,33.25,25
1719462644080,33.25,100
1719462645280,33.05,25
1719462645709,33.1,25
1719462646217,33.0,275
1719462647237,32.9,50
1719462647237,32.9,50
1719462647528,32.9,75
1719462648968,32.85,50
1719462650013,32.9,50
1719462650626,33.05,250
1719462650626,33.05,250
1719462652492,32.95,50
1719462652492,32.95,50
1719462652492,32.95,50
1719462654982,33.05,25
1719462654982,33.05,25
1719462656056,32.95,50
1719462657251,32.95,25
1719462657441,32.95,25
1719462657894,32.75,25
1719462659230,32.7,25
1719462659671,32.45,125
1719462659717,32.4,25
1719462660482,32.45,25
1719462660806,32.35,125
1719462661156,32.25,250
1719462662140,32.35,275
1719462662140,32.35,275
1719462663298,32.5,25
1719462705215,32.35,150
1719462705563,32.15,300
1719462706012,32.25,25
1719462706470,32.25,25
1719462707688,32.25,150
1719462707922,32.15,25
1719462707922,32.15,25
1719462709822,32.4,50
1719462710407,32.4,575
1719462710407,32.4,575
1719462711396,32.35,25
1719462711591,32.25,25
1719462712590,32.0,150
1719462713071,32.1,50
1719462714244,31.85,125
1719462714244,31.85,125
1719462714244,31.85,125
1719462714244,31.85,125
1719462718585,31.9,75
1719462718790,31.7,50
1719462718790,31.7,50
1719462720223,31.75,50
1719462720943,31.65,150
1719462721533,31.3,325
1719462722105,31.2,50
1719462722669,31.15,400
1719462722669,31.15,400
1719462722669,31.15,400
1719462725992,31.45,25
1719462725992,31.45,25
1719462726302,31.4,25
1719462727346,31.45,25
1719462727679,31.55,125
1719462728421,31.45,400
1719462729266,31.45,25
1719462729523,31.5,75
1719462730307,31.65,25
1719462730307,31.65,25
1719462731332,31.5,25
1719462732790,31.9,125
1719462733341,32.0,50
1719462734106,31.95,75
1719462734106,31.95,75
1719462734919,31.95,150
1719462735626,32.0,100
1719462735626,32.0,100
1719462737266,32.15,50
1719462737266,32.15,50
1719462738267,32.2,25
1719462738610,32.05,50
1719462739424,32.0,25
1719462740493,31.9,25
1719462740639,31.95,25
1719462740639,31.95,25
1719462742447,32.0,25
1719462742447,32.0,25
1719462742911,31.95,50
1719462744521,31.75,50
1719462745264,31.8,50
1719462746020,31.7,125
1719462746020,31.7,125
1719462746803,31.85,25
1719462746803,31.85,25
1719462748462,31.5,50
1719462749208,31.7,25
1719462749507,31.65,50
1719462749507,31.65,50
1719462750548,31.85,75
1719462750769,31.8,25
1719462751113,31.8,250
1719462751922,31.7,25
1719462752637,31.5,50
1719462753462,31.3,150
1719462754239,31.6,325
1719462754462,31.6,25
1719462755567,31.5,25
1719462755567,31.5,25
1719462756520,31.45,25
1719462756975,31.25,400
1719462756975,31.25,400
1719462758125,31.15,50
1719462758824,31.5,50
1719462758824,31.5,50
1719462760263,31.35,25
1719462760760,31.4,200
1719462761306,31.3,25
1719462761306,31.3,25
1719462763089,31.15,50
1719462763994,31.45,400
1719462763994,31.45,400
1719462764669,31.4,50
1719462765521,31.35,50
1719462765643,31.35,50
1719462765643,31.35,50
1719462767305,31.3,100
1719462767305,31.3,100
1719462768576,31.3,25
1719462768993,31.1,50
1719462768993,31.1,50
1719462769684,31.05,25
1719462771028,31.1,100
1719462771537,30.9,50
1719462772584,30.6,50
1719462772584,30.6,50
1719462773397,30.55,25
1719462773397,30.55,25
1719462774593,30.6,75
1719462775641,30.65,225
1719462776061,30.4,125
1719462776076,30.35,25
1719462777167,30.55,25
1719462777832,30.55,75
1719462777832,30.55,75
1719462779114,30.5,25
1719462779114,30.5,25
1719462780273,30.6,25
1719462781059,30.8,75
1719462781059,30.8,75
1719462782089,30.45,100
1719462782596,30.55,50
1719462783306,30.35,50
1719462783783,30.4,150
1719462785489,30.35,25
1719462785842,30.4,25
1719462786610,30.3,75
1719462787141,30.0,300
1719462787763,30.2,275
1719462787763,30.2,275
1719462789079,30.2,25
1719462789714,30.15,75
1719462790066,30.0,150
1719462791019,30.0,50
1719462791196,29.8,50
1719462792100,29.9,50
1719462792671,30.0,50
1719462793016,30.05,25
1719462794491,29.95,25
1719462795324,30.0,425
1719462796096,30.0,25
1719462796096,30.0,25
1719462797553,30.25,75
1719462797553,30.25,75
1719462798133,30.45,25
1719462799505,30.3,175
1719462800320,29.95,100
1719462800691,29.9,150
1719462800691,29.9,150
1719462802188,30.0,75
1719462802188,30.0,75
1719462803724,30.0,200
1719462804155,29.95,650
1719462804421,29.95,650
1719462804701,30.15,25
1719462805789,30.0,75
1719462806548,30.3,100
1719462807161,30.4,375
1719462807161,30.4,375
1719462808626,30.35,150
1719462809519,30.45,500
1719462809687,30.5,325
1719462810364,30.5,250
1719462810782,30.4,25
1719462811282,30.45,375
1719462812526,30.5,25
1719462812732,30.35,25
1719462813553,30.05,75
1719462814251,30.15,25
1719462815561,29.9,150
1719462815951,29.9,525
1719462816149,29.9,825
1719462817055,29.8,225
1719462817929,30.05,25
1719462817974,30.3,25
1719462818455,30.1,150
1719462819501,30.15,25
1719462820063,30.5,100
1719462820603,30.4,50
1719462821571,30.6,25
1719462822495,30.55,25
1719462822741,30.5,25
1719462823764,30.45,25
1719462824360,30.3,25
1719462824464,30.35,25
1719462824705,30.4,25
1719462824705,30.4,25
1719462826468,30.55,125
1719462826739,30.5,275
1719462826739,30.5,275
1719462828364,30.55,25
1719462828787,30.7,50
1719462828787,30.7,50
1719462830966,30.4,50
1719462830966,30.4,50
1719462831372,30.6,300
1719462832061,30.4,75
1719462832767,30.15,50
1719462833189,30.35,100
1719462834435,30.3,375
1719462835217,30.35,150
1719462835975,30.35,75
1719462836572,30.6,50
1719462836572,30.6,50
1719462838673,30.5,75
1719462838885,30.5,75
1719462838885,30.5,75
1719462840333,30.25,175
1719462840333,30.25,175
1719462840654,30.4,175
1719462840654,30.4,175
1719462842116,30.5,25
1719462842710,30.45,50
1719462843094,30.55,75
1719462844402,30.4,175
1719462845218,30.45,275
1719462846158,30.8,25
1719462846503,31.0,100
1719462847857,31.1,225
1719462849188,31.05,25
1719462849188,31.05,25
1719462849920,31.15,275
1719462849920,31.15,275
1719462852089,30.9,25
1719462852854,31.3,150
1719462853158,31.05,125
1719462853932,31.1,325
1719462854516,31.2,25
1719462854516,31.2,25
1719462855640,30.95,150
1719462855640,30.95,150
1719462857155,31.2,25
1719462857155,31.2,25
1719462858276,30.85,75
1719462859064,31.0,50
1719462859064,31.0,50
1719462860846,31.05,25
1719462860846,31.05,25
1719462862665,30.85,150
1719462862665,30.85,150
1719462863376,30.95,25
1719462864373,30.9,150
1719462864373,30.9,150
1719462864731,31.0,25
1719462865922,30.85,175
1719462865922,30.85,175
1719462867282,31.05,50
1719462867523,31.0,50
1719462868373,31.0,75
1719462869321,31.3,25
1719462869321,31.3,25
1719462870170,31.35,25
1719462870170,31.35,25
1719463134313,30.35,25
1719463137064,30.1,250
1719463137463,30.3,75
1719463138094,30.15,50
1719463138094,30.15,50
1719463139766,29.9,125
1719463139775,29.95,125
1719463306540,30.0,50
1719463306540,30.0,50
1719463319229,29.85,400
1719463322048,29.6,200
1719463322048,29.6,200
1719463324601,29.85,25
1719463324601,29.85,25
1719463325700,29.8,25
1719463325700,29.8,25
1719463327484,29.8,50
1719463327484,29.8,50
1719463329657,29.95,150
1719463329831,29.9,25
1719463330480,30.05,150
1719463331797,29.95,300
1719463331797,29.95,300
1719463334639,30.1,100
1719463334639,30.1,100
1719463335498,30.0,1800
1719463336159,29.9,200
1719463336159,29.9,200
1719463336159,29.9,200
1719463338564,30.05,25
1719463340015,30.1,25
1719463340015,30.1,25
1719463341746,29.8,100
1719463343084,30.05,75
1719463343084,30.05,75
1719463343084,30.05,75
1719463343084,30.05,75
1719463346860,30.3,325
1719463346860,30.3,325
1719463348610,30.35,25
1719463348610,30.35,25
1719463350458,30.15,75
1719463350570,30.05,100
1719463350570,30.05,100
1719463350570,30.05,100
1719463354075,30.1,25
1719463354102,30.1,25
1719463355004,30.0,25
1719463355004,30.0,25
1719463355004,30.0,25
1719463357030,29.5,625
1719463357709,29.7,25
1719463357709,29.7,25
1719463359425,29.7,25
1719463360070,29.6,225
1719463360070,29.6,225
1719463360783,29.6,50
1719463361178,29.5,100
1719463361178,29.5,100
1719463362651,29.9,25
1719463362651,29.9,25
1719463363932,30.1,50
1719463363932,30.1,50
1719463366487,30.15,125
1719463366616,30.15,225
1719463366616,30.15,225
1719463367605,30.15,75
1719463367605,30.15,75
1719463368587,30.15,100
1719463369597,30.1,125
1719463369597,30.1,125
1719463369597,30.1,125
1719463372583,30.05,100
1719463373485,30.0,150
1719463373485,30.0,150
1719463374558,29.9,200
1719463374558,29.9,200
1719463375719,30.0,50
1719463376565,30.0,50
1719463376565,30.0,50
1719463376565,30.0,50
1719463378715,30.0,25
1719463379890,30.3,50
1719463379890,30.3,50
1719463380500,30.35,25
1719463381084,30.5,125
1719463381084,30.5,125
1719463384070,30.3,225
1719463384882,29.85,25
1719463384882,29.85,25
1719463386105,29.9,25
1719463386600,29.8,150
1719463386900,29.8,25
1719463387362,29.6,100
1719463388540,29.9,150
1719463388540,29.9,150
1719463389600,29.75,125
1719463389719,29.85,75
1719463390507,29.95,100
1719463391577,30.1,225
1719463391577,30.1,225
1719463392804,30.1,25
1719463392804,30.1,25
1719463394808,30.25,25
1719463394808,30.25,25
1719463394808,30.25,25
1719463397880,30.45,650
1719463397880,30.45,650
1719463399876,30.3,25
1719463400553,30.3,25
1719463401143,30.35,25
1719463401143,30.35,25
1719463402775,30.25,100
1719463403373,30.3,75
1719463403373,30.3,75
1719463404326,30.5,25
1719463404326,30.5,25
1719463406218,30.4,400
1719463406218,30.4,400
1719463407103,30.6,25
1719463407508,30.75,75
1719463408555,30.65,200
1719463408645,30.65,325
1719463408645,30.65,325
1719463408645,30.65,325
1719463411123,30.65,25
1719463411562,30.55,1300
1719463412454,30.5,150
1719463412454,30.5,150
1719463413838,30.4,75
1719463413838,30.4,75
1719463415675,30.5,175
1719463416602,30.6,25
1719463416602,30.6,25
1719463417325,30.65,125
1719463418577,30.65,175
1719463418577,30.65,175
1719463420160,30.7,200
1719463420160,30.7,200
1719463420703,30.65,325
1719463421778,30.4,250
1719463421778,30.4,250
1719463423023,30.75,200
1719463423730,30.75,325
1719463424564,30.55,325
1719463424871,30.6,100
1719463424871,30.6,100
1719463426676,30.55,25
1719463428253,30.95,25
1719463428521,31.2,25
1719463428521,31.2,25
1719463430141,30.8,50
1719463430197,30.8,25
1719463430882,30.65,25
1719463431746,30.5,125
1719463432719,31.1,25
1719463433614,30.9,25
1719463434136,30.7,25
1719463434428,30.75,25
1719463434428,30.75,25
1719463435898,30.7,1800
1719463436621,30.6,25
1719463436621,30.6,25
1719463436621,30.6,25
1719463439645,30.5,100
1719463440028,30.65,175
1719463440369,30.6,150
1719463440645,30.65,25
1719463441736,30.6,50
1719463443074,30.6,600
1719463443074,30.6,600
1719463445149,30.6,50
1719463445149,30.6,50
1719463448407,30.5,50
1719463448407,30.5,50
1719463449448,30.7,25
1719463449849,30.65,25
1719463449849,30.65,25
1719463451269,30.6,25
1719463451269,30.6,25
1719463452345,30.65,25
1719463452571,30.65,50
1719463453432,30.6,825
1719463453432,30.6,825
1719463455121,30.5,75
1719463455121,30.5,75
1719463455121,30.5,75
1719463455121,30.5,75
1719463459273,30.55,25
1719463459727,30.55,25
1719463459974,30.55,25
1719463459974,30.55,25
1719463459974,30.55,25
1719463463375,30.7,150
1719463463375,30.7,150
1719463464911,30.7,475
1719463464911,30.7,475
1719463465944,30.8,25
1719463466828,30.6,75
1719463466828,30.6,75
1719463467782,30.65,75
1719463467782,30.65,75
1719463468834,30.55,350
1719463469485,30.65,25
1719463470291,30.55,50
1719463470730,30.3,25
1719463471493,30.35,50
1719463471493,30.35,50
1719463471493,30.35,50
1719463473904,30.55,50
1719463474835,30.55,50
1719463474835,30.55,50
1719463475910,30.4,25
1719463476341,30.45,25
1719463477482,30.55,25
1719463478222,30.7,300
1719463478721,30.75,25
1719463479263,30.7,125
1719463480230,30.85,25
1719463480422,30.95,25
1719463481536,31.05,25
1719463481536,31.05,25
1719463482234,31.0,25
1719463483350,31.2,25
1719463483350,31.2,25
1719463484292,30.95,25
1719463485176,30.95,25
1719463485407,31.0,25
1719463486461,30.8,25
1719463486461,30.8,25
1719463487171,31.0,25
1719463488036,30.9,100
1719463488595,30.9,25
1719463489639,30.8,25
1719463489639,30.8,25
1719463489639,30.8,25
1719463492709,31.1,25
1719463493191,30.9,100
1719463494189,30.95,25
1719463494923,31.0,25
1719463495402,30.9,50
1719463495402,30.9,50
1719463497773,30.8,25
1719463497773,30.8,25
1719463497773,30.8,25
1719463501295,30.85,50
1719463501614,30.9,25
1719463501614,30.9,25
1719463502458,30.9,25
1719463503141,30.75,75
1719463503141,30.75,75
1719463505046,30.9,25
1719463505046,30.9,25
1719463506741,31.05,75
1719463507826,30.9,25
1719463507826,30.9,25
1719463508896,30.85,25
1719463509219,30.8,25
1719463510074,30.8,25
1719463510892,31.1,25
1719463511933,31.2,25
1719463511933,31.2,25
1719463512028,31.25,25
1719463513465,30.85,200
1719463513465,30.85,200
1719463513465,30.85,200
1719463515958,31.05,75
1719463515958,31.05,75
1719463515958,31.05,75
1719463518822,31.15,25
1719463518822,31.15,25
1719463520936,30.9,25
1719463521708,30.85,25
1719463521925,30.85,50
1719463522501,30.9,25
1719463523788,30.75,25
1719463524788,30.65,200
1719463525323,30.7,25
1719463525985,30.7,50
1719463525985,30.7,50
1719463527014,30.75,25
1719463528078,30.75,25
1719463528636,30.75,25
1719463528891,30.75,500
1719463529424,30.8,400
1719463530382,30.6,25
1719463530480,30.7,25
1719463531639,30.7,25
1719463532403,30.6,25
1719463533521,30.75,50
1719463533976,30.75,50
1719463535139,30.75,50
1719463535139,30.75,50
1719463536681,30.75,425
1719463536681,30.75,425
1719463537609,30.6,25
1719463537609,30.6,25
1719463537609,30.6,25
1719463540579,30.8,25
1719463540797,30.8,850
1719463540797,30.8,850
1719463540797,30.8,850
1719463544135,30.75,25
1719463544745,30.75,75
1719463544745,30.75,75
1719463546909,30.8,25
1719463547110,30.8,25
1719463548626,30.6,25
1719463550064,30.45,25
1719463550064,30.45,25
1719463550795,30.35,25
1719463551164,30.45,25
1719463551960,30.75,250
1719463551960,30.75,250
1719463553708,30.8,175
1719463553931,30.8,100
1719463555041,31.0,25
1719463555041,31.0,25
1719463556786,31.0,25
1719463556786,31.0,25
1719463557115,31.05,25
1719463558584,30.8,50
1719463560356,31.0,25
1719463560356,31.0,25
1719463561698,31.0,25
1719463561698,31.0,25
1719463563570,31.0,250
1719463563570,31.0,250
1719463564111,31.2,25
1719463564672,31.25,25
1719463565417,31.0,50
1719463565417,31.0,50
1719463565417,31.0,50
1719463567825,31.15,25
1719463568839,31.15,25
1719463568839,31.15,25
1719463569821,31.2,25
1719463570304,31.15,75
1719463570568,31.15,150
1719463572006,31.0,25
1719463572974,30.9,25
1719463573154,31.15,25
1719463573154,31.15,25
1719463576894,30.85,75
1719463577597,30.95,25
1719463577597,30.95,25
1719463580431,31.1,50
1719463580501,31.15,50
1719463580933,31.1,25
1719463581907,31.15,125
1719463581907,31.15,125
1719463583196,31.05,25
1719463583751,31.2,25
1719463583751,31.2,25
1719463584951,31.2,25
1719463585293,31.2,25
1719463585538,31.0,75
1719463586751,31.05,25
1719463586751,31.05,25
1719463587509,31.15,425
1719463587509,31.15,425
1719463590154,31.15,25
1719463590154,31.15,25
1719463590154,31.15,25
1719463590555,31.2,100
1719463590555,31.2,100
1719463592916,31.25,100
1719463593711,31.1,25
1719463593711,31.1,25
1719463594299,31.25,25
1719463595331,31.25,200
1719463595848,31.1,25
1719463596004,31.3,25
1719463596004,31.3,25
1719463597857,31.3,50
1719463598764,31.3,425
1719463599859,31.4,25
1719463599859,31.4,25
1719463601003,31.5,100
1719463601853,31.45,25
1719463601853,31.45,25
1719463602477,31.25,25
1719463603697,31.0,100
1719463605043,30.85,25
1719463605188,30.55,25
1719463605188,30.55,25
1719463606131,30.8,25
1719463606131,30.8,25
1719463608236,30.65,25
1719463608236,30.65,25
1719463608236,30.65,25
1719463610560,31.2,75
1719463610560,31.2,75
1719463610560,31.2,75
1719463614777,31.3,25
1719463615357,31.35,50
1719463615357,31.35,50
1719463616724,31.05,25
1719463616724,31.05,25
1719463617671,31.2,100
1719463618130,31.25,400
1719463618130,31.25,400
1719463620042,31.45,50
1719463620042,31.45,50
1719463620826,31.5,150
1719463620826,31.5,150
1719463623579,31.45,225
1719463623579,31.45,225
1719463623579,31.45,225
1719463625784,31.65,200
1719463625784,31.65,200
1719463628166,31.5,25
1719463628536,31.3,50
1719463629589,31.4,75
1719463629589,31.4,75
1719463630772,31.4,50
1719463631792,31.35,50
1719463631792,31.35,50
1719463633371,31.45,25
1719463633604,31.4,50
1719463633604,31.4,50
1719463634476,31.25,125
1719463634476,31.25,125
1719463635654,31.5,100
1719463637003,31.25,125
1719463637117,31.1,50
1719463637585,31.2,25
1719463638566,31.4,25
1719463639350,31.4,25
1719463640381,31.35,125
1719463640381,31.35,125
1719463642032,31.3,200
1719463642682,31.3,25
1719463643597,31.3,25
1719463644814,31.25,25
1719463645556,31.25,25
1719463645786,31.2,225
1719463646717,31.4,25
1719463647096,31.5,25
1719463647096,31.5,25
1719463648809,31.7,25
1719463648809,31.7,25
1719463649211,31.6,100
1719463649211,31.6,100
1719463650462,31.7,50
1719463650462,31.7,50
1719463651584,31.65,50
1719463651584,31.65,50
1719463653012,31.65,75
1719463653535,31.65,25
1719463654586,31.85,50
1719463654586,31.85,50
1719463655944,31.8,50
1719463655944,31.8,50
1719463655944,31.8,50
1719463659399,31.8,400
1719463659560,31.85,25
1719463659994,31.7,125
1719463659994,31.7,125
1719463661964,31.8,50
1719463661964,31.8,50
1719463662461,31.8,125
1719463663452,31.8,50
1719463663452,31.8,50
1719463665048,31.95,25
1719463665302,31.8,225
1719463665584,31.85,75
1719463666806,31.8,125
1719463667169,31.6,125
1719463668025,31.9,125
1719463668025,31.9,125
1719463670476,32.0,50
1719463670581,31.85,75
1719463670581,31.85,75
1719463671763,31.8,25
1719463671763,31.8,25
1719463673030,31.8,75
1719463673884,31.6,25
1719463673884,31.6,25
1719463673884,31.6,25
1719463673884,31.6,25
1719463676537,31.95,25
1719463676989,31.8,75
1719463676989,31.8,75
1719463677668,31.75,25
1719463678655,31.8,50
1719463678655,31.8,50
1719463679195,31.9,25
1719463680039,31.9,125
1719463680558,31.95,125
1719463680845,32.0,250
1719463681847,31.8,75
1719463681847,31.8,75
1719463682730,31.95,25
1719463683622,31.85,25
1719463684856,31.65,475
1719463685564,31.4,75
1719463685868,31.65,100
1719463687012,31.35,150
1719463687586,31.5,25
1719463688586,31.4,25
1719463688586,31.4,25
1719463689549,31.5,50
1719463690566,31.6,25
1719463690566,31.6,25
1719463691127,31.65,25
1719463691127,31.65,25
1719463691127,31.65,25
1719463695011,31.8,75
1719463695011,31.8,75
1719463695695,31.65,25
1719463697049,31.65,25
1719463697168,31.65,25
1719463697859,31.55,25
1719463698793,31.4,25
1719463698793,31.4,25
1719463699932,31.5,50
1719463699932,31.5,50
1719463701329,31.5,25
1719463701848,31.65,25
1719463701848,31.65,25
1719463703647,31.45,25
1719463703647,31.45,25
1719463705087,31.15,25
1719463705087,31.15,25
1719463705087,31.15,25
1719463708404,31.15,25
1719463708404,31.15,25
1719463708404,31.15,25
1719463708404,31.15,25
1719463711711,31.2,25
1719463712217,31.0,25
1719463712490,30.85,25
1719463713826,31.15,50
1719463713826,31.15,50
1719463714690,31.2,25
1719463715561,31.35,25
1719463715860,31.25,25
1719463715860,31.25,25
1719463717650,31.05,25
1719463717650,31.05,25
1719463719046,31.05,25
1719463719977,30.95,25
1719463719977,30.95,25
1719463721452,30.95,125
1719463721775,30.75,50
1719463721775,30.75,50
1719463722704,31.0,50
1719463723836,30.95,25
1719463725053,30.9,150
1719463725596,30.9,75
1719463725596,30.9,75
1719463726753,31.15,75
1719463726753,31.15,75
1719463727883,31.05,150
1719463728732,31.1,125
1719463729598,31.35,25
1719463729598,31.35,25
1719463729598,31.35,25
1719463732608,31.3,25
1719463732608,31.3,25
1719463735240,31.2,300
1719463735240,31.2,300
1719463735240,31.2,300
1719463737371,31.0,25
1719463738856,30.85,25
1719463738856,30.85,25
1719463739566,31.0,25
1719463739566,31.0,25
1719463740418,31.0,125
1719463740418,31.0,125
1719463740418,31.0,125
1719463742916,30.9,25
1719463742916,30.9,25
1719463744091,30.9,400
1719463744091,30.9,400
1719463747300,31.0,25
1719463748967,30.85,25
1719463748967,30.85,25
1719463749615,30.95,25
1719463750499,30.9,225
1719463750499,30.9,225
1719463751199,30.8,150
1719463751199,30.8,150
1719463753938,30.85,25
1719463755043,30.9,75
1719463755043,30.9,75
1719463755043,30.9,75
1719463757643,30.85,50
1719463757643,30.85,50
1719463759891,30.5,525
1719463760058,30.5,500
1719463760058,30.5,500
1719463761776,30.3,25
1719463762306,30.2,25
1719463762306,30.2,25
1719463762306,30.2,25
1719463764883,30.45,325
1719463764883,30.45,325
1719463765980,30.4,75
1719463766285,30.5,150
1719463767524,30.65,50
1719463767524,30.65,50
1719463768256,30.75,25
1719463768256,30.75,25
1719463768256,30.75,25
1719463768256,30.75,25
1719463770893,30.6,50
1719463771525,30.65,100
1719463771525,30.65,100
1719463774062,30.45,150
1719463774062,30.45,150
1719463776837,30.15,25
1719463777390,30.3,25
1719463777390,30.3,25
1719463777390,30.3,25
1719463777390,30.3,25
1719463782009,30.6,25
1719463782009,30.6,25
1719463782668,30.5,25
1719463783385,30.5,25
1719463783385,30.5,25
1719463784747,30.3,50
1719463784747,30.3,50
1719463787252,30.5,150
1719463787252,30.5,150
1719463789026,30.5,25
1719463789026,30.5,25
1719463791950,30.3,125
1719463791950,30.3,125
1719463793605,30.3,150
1719463793902,30.1,25
1719463795599,30.2,125
1719463796630,30.15,25
1719463796843,30.15,25
1719463797454,30.45,125
1719463797901,30.3,25
1719463798680,30.3,25
1719463799110,30.3,50
1719463799374,30.45,75
1719463799374,30.45,75
1719463800578,30.45,50
1719463800578,30.45,50
1719463802459,30.4,125
1719463803561,30.55,125
1719463803561,30.55,125
1719463803561,30.55,125
1719463804519,30.35,50
1719463804519,30.35,50
1719463807225,30.55,125
1719463807225,30.55,125
1719463808710,30.4,25
1719463808869,30.4,50
1719463808869,30.4,50
1719463809812,30.25,25
1719463810748,30.4,75
1719463810873,30.25,50
1719463811846,30.45,100
1719463812471,30.35,25
1719463812838,30.25,25
1719463813950,30.0,50
1719463813964,29.9,75
1719463814316,30.05,150
1719463815635,29.95,150
1719463815635,29.95,150
1719463817174,30.15,50
1719463817174,30.15,50
1719463819170,30.55,25
1719463819170,30.55,25
1719463819170,30.55,25
1719463819170,30.55,25
1719463819170,30.55,25
1719463819170,30.55,25
1719463826517,30.5,50
1719463826517,30.5,50
1719463827970,30.6,75
1719463827970,30.6,75
1719463827970,30.6,75
1719463829946,30.8,25
1719463830175,31.0,25
1719463830175,31.0,25
1719463830175,31.0,25
1719463830175,31.0,25
1719463830175,31.0,25
1719463830175,31.0,25
1719463837316,30.8,25
1719463837316,30.8,25
1719463838127,31.0,25
1719463838127,31.0,25
1719463839668,31.0,25
1719463839668,31.0,25
1719463841714,31.1,75
1719463841714,31.1,75
1719463841714,31.1,75
1719463844733,31.15,75
1719463845908,31.1,175
1719463845981,31.1,125
1719463847386,31.05,25
1719463847792,31.05,125
1719463849011,31.2,75
1719463850744,31.35,150
1719463850744,31.35,150
1719463851648,31.2,25
1719463851648,31.2,25
1719463853345,31.3,75
1719463853345,31.3,75
1719463853345,31.3,75
1719463853345,31.3,75
1719463853345,31.3,75
1719463853345,31.3,75
1719463853345,31.3,75
1719463862312,30.7,25
1719463862312,30.7,25
1719463862312,30.7,25
1719463862312,30.7,25
1719463867591,31.25,75
1719463867591,31.25,75
1719463867895,31.25,50
1719463867895,31.25,50
1719463869923,31.05,50
1719463870508,31.2,25
1719463870508,31.2,25
1719463870508,31.2,25
1719463870508,31.2,25
1719463874594,31.1,100
1719463875318,31.4,75
1719463875318,31.4,75
1719463876225,31.45,300
1719463876504,31.25,325
1719463876504,31.25,325
1719463876504,31.25,325
1719463876504,31.25,325
1719463882142,30.95,200
1719463882142,30.95,200
1719463882949,30.65,25
1719463882949,30.65,25
1719463882949,30.65,25
1719463882949,30.65,25
1719463888145,30.6,25
1719463888806,30.6,125
1719463888806,30.6,125
1719463889562,30.65,100
1719463889562,30.65,100
1719463889562,30.65,100
1719463893455,30.7,150
1719463893455,30.7,150
1719463894462,30.7,25
1719463894981,30.75,75
1719463894981,30.75,75
1719463897584,31.0,25
1719463898577,31.0,25
1719463898765,30.9,175
1719463898765,30.9,175
1719463900033,30.85,50
1719463900033,30.85,50
1719463901007,30.7,100
1719463901615,30.8,100
1719463901615,30.8,100
1719463904102,30.7,675
1719463904102,30.7,675
1719463904602,30.9,100
1719463905584,30.8,175
1719463907561,30.65,25
1719463907890,30.6,375
1719463907890,30.6,375
1719463909808,30.7,25
1719463909808,30.7,25
1719463911072,30.55,50
1719463911072,30.55,50
1719463911072,30.55,50
1719463914493,30.6,350
1719463915380,30.65,50
1719463915380,30.65,50
1719463915380,30.65,50
1719463918210,30.75,650
1719463918210,30.75,650
1719463918210,30.75,650
1719463918210,30.75,650
1719463918210,30.75,650
1719463918210,30.75,650
1719463924406,30.9,50
1719463924406,30.9,50
1719463926153,30.95,75
1719463926153,30.95,75
1719463927614,30.95,100
1719463928484,31.0,100
1719463928484,31.0,100
1719463930596,30.9,100
1719463930596,30.9,100
1719463930596,30.9,100
1719463933352,30.75,25
1719463933672,30.55,25
1719463933672,30.55,25
1719463935591,30.4,150
1719463935591,30.4,150
1719463936388,30.45,225
1719463936504,30.45,25
1719463936504,30.45,25
1719463937889,30.8,25
1719463938734,30.55,25
1719463938734,30.55,25
1719463940015,30.85,25
1719463940702,30.75,50
1719463942461,30.95,125
1719463942461,30.95,125
1719463942461,30.95,125
1719463945088,30.85,25
1719463945088,30.85,25
1719463947044,31.0,50
1719463947044,31.0,50
1719463948073,30.95,125
1719463948570,31.05,50
1719463949256,31.05,25
1719463949256,31.05,25
1719463949256,31.05,25
1719463950549,31.2,50
1719463950549,31.2,50
1719463953650,31.05,25
1719463953650,31.05,25
1719463955442,31.2,150
1719463955442,31.2,150
1719463956596,31.25,200
1719463956897,31.4,25
1719463956897,31.4,25
1719463958320,31.45,225
1719463958829,31.35,75
1719463958829,31.35,75
1719463959937,31.45,150
1719463959937,31.45,150
1719463961618,31.5,675
1719463961618,31.5,675
1719463962952,31.5,250
1719463962952,31.5,250
1719463964449,31.35,125
1719463965228,31.3,400
1719463965228,31.3,400
1719463967144,31.15,25
1719463967621,31.3,25
1719463967621,31.3,25
1719463968861,31.45,250
1719463969181,31.45,250
1719463969473,31.55,25
1719463970172,31.4,175
1719463970172,31.4,175
1719463972660,31.45,25
1719463972951,31.5,425
1719463973578,31.65,25
1719463973578,31.65,25
1719463975255,31.45,25
1719463975721,31.55,50
1719463977160,31.5,25
1719463977160,31.5,25
1719463978020,31.5,25
1719463978584,31.45,25
1719463978584,31.45,25
1719463979599,31.3,25
1719463979599,31.3,25
1719463979599,31.3,25
1719463982568,31.25,25
1719463982568,31.25,25
1719463982568,31.25,25
1719463985096,31.3,25
1719463985096,31.3,25
1719463986506,31.45,100
1719463986506,31.45,100
1719463988715,31.4,25
1719463988715,31.4,25
1719463988715,31.4,25
1719463992475,31.35,50
1719463992475,31.35,50
1719463995587,31.5,25
1719463995587,31.5,25
1719463996804,31.4,175
1719463996804,31.4,175
1719463999214,31.55,125
1719464000611,31.55,175
1719464000680,31.6,150
1719464000680,31.6,150
1719464002199,31.55,200
1719464002199,31.55,200
1719464003164,31.3,75
1719464003164,31.3,75
1719464005009,31.4,250
1719464005009,31.4,250
1719464005009,31.4,250
1719464005009,31.4,250
1719464009436,31.35,25
1719464010198,31.35,50
1719464010198,31.35,50
1719464010198,31.35,50
1719464013831,31.4,75
1719464013831,31.4,75
1719464014512,31.35,25
1719464015603,31.4,50
1719464015603,31.4,50
1719464015965,31.4,25
1719464016990,31.4,125
1719464016990,31.4,125
1719464018650,31.1,225
1719464018650,31.1,225
1719464018650,31.1,225
1719464021465,31.0,25
1719464021588,31.0,150
1719464021588,31.0,150
1719464021588,31.0,150
1719464021588,31.0,150
1719464026191,31.1,50
1719464027688,31.15,50
1719464027785,31.2,150
1719464029019,31.2,125
1719464029019,31.2,125
1719464030483,31.15,100
1719464030483,31.15,100
1719464030483,31.15,100
1719464031351,31.15,75
1719464032691,31.2,125
1719464032691,31.2,125
1719464033160,31.2,25
1719464034331,31.2,125
1719464035010,31.2,400
1719464035010,31.2,400
1719464035010,31.2,400
1719464035010,31.2,400
1719464035010,31.2,400
1719464035010,31.2,400
1719464035010,31.2,400
1719464043448,31.25,75
1719464043448,31.25,75
1719464043448,31.25,75
1719464047397,31.5,50
1719464047397,31.5,50
1719464047397,31.5,50
1719464047397,31.5,50
1719464047397,31.5,50
1719464054232,31.1,25
1719464054232,31.1,25
1719464055423,31.2,50
1719464055423,31.2,50
1719464056402,31.0,25
1719464057207,30.85,25
1719464057537,31.1,25
1719464057537,31.1,25
1719464059025,31.1,25
1719464059025,31.1,25
1719464060017,31.35,25
1719464060630,31.35,25
1719464061861,31.55,250
1719464062304,31.35,25
1719464062304,31.35,25
1719464063931,31.6,25
1719464063931,31.6,25
1719464064883,31.45,25
1719464065918,31.3,25
1719464066357,31.65,250
1719464067203,31.4,25
1719464067203,31.4,25
1719464067203,31.4,25
1719464069510,31.55,75
1719464069510,31.55,75
1719464070939,31.5,25
1719464070939,31.5,25
1719464070939,31.5,25
1719464073165,31.55,125
1719464073165,31.55,125
1719464073165,31.55,125
1719464077019,31.55,25
1719464077243,31.55,25
1719464077243,31.55,25
1719464077243,31.55,25
1719464077243,31.55,25
1719464077243,31.55,25
1719464083736,31.55,125
1719464083736,31.55,125
1719464084749,31.7,300
1719464085110,31.5,100
1719464085110,31.5,100
1719464087288,31.6,75
1719464087288,31.6,75
1719464089251,31.55,100
1719464090580,31.5,125
1719464090580,31.5,125
1719464090580,31.5,125
1719464092816,31.15,25
1719464093228,31.2,25
1719464093228,31.2,25
1719464094659,31.0,25
1719464095106,31.0,125
1719464095106,31.0,125
1719464095106,31.0,125
1719464099098,31.3,25
1719464099434,31.4,25
1719464099946,31.35,100
1719464099946,31.35,100
1719464100438,31.15,50
1719464100438,31.15,50
1719464100438,31.15,50
1719464103519,31.15,25
1719464103519,31.15,25
1719464104720,31.0,50
1719464106033,31.0,975
1719464106921,31.15,25
1719464107738,31.1,25
1719464107738,31.1,25
1719464109443,31.2,25
1719464109842,31.25,25
1719464109842,31.25,25
1719464111449,31.25,25
1719464111449,31.25,25
1719464113527,31.25,25
1719464114028,31.35,25
1719464114028,31.35,25
1719464114028,31.35,25
1719464114028,31.35,25
1719464118991,31.0,1000
1719464118991,31.0,1000
1719464120079,31.05,25
1719464120079,31.05,25
1719464121924,30.95,100
1719464122137,31.1,1400
1719464122137,31.1,1400
1719464122137,31.1,1400
1719464124535,31.3,25
1719464126124,31.2,50
1719464126124,31.2,50
1719464126955,31.15,25
1719464126955,31.15,25
1719464126955,31.15,25
1719464126955,31.15,25
1719464126955,31.15,25
1719464126955,31.15,25
1719464133526,31.4,50
1719464133526,31.4,50
1719464135303,31.5,575
1719464135303,31.5,575
1719464137251,31.6,25
1719464137251,31.6,25
1719464138812,31.7,75
1719464138812,31.7,75
1719464139614,31.75,150
1719464140083,31.8,25
1719464140458,31.8,150
1719464140458,31.8,150
1719464142375,31.8,75
1719464142375,31.8,75
1719464143028,31.7,225
1719464143028,31.7,225
1719464144612,31.5,200
1719464145151,31.25,25
1719464145531,31.4,150
1719464145531,31.4,150
1719464146598,31.4,225
1719464147575,31.45,50
1719464147575,31.45,50
1719464148588,31.35,225
1719464148588,31.35,225
1719464148588,31.35,225
1719464152577,31.4,225
1719464152577,31.4,225
1719464153876,31.4,50
1719464153876,31.4,50
1719464155562,31.6,225
1719464155887,31.5,75
1719464155887,31.5,75
1719464156780,31.6,750
1719464157785,31.85,25
1719464157785,31.85,25
1719464158629,31.55,75
1719464159202,31.6,50
1719464159202,31.6,50
1719464159202,31.6,50
1719464159202,31.6,50
1719464161592,31.65,175
1719464162024,31.7,400
1719464162601,31.65,150
1719464162601,31.65,150
1719464163636,31.5,175
1719464163636,31.5,175
1719464164589,31.55,175
1719464164589,31.55,175
1719464166587,31.65,25
1719464167142,31.6,75
1719464167142,31.6,75
1719464168523,31.6,100
1719464169456,31.65,100
1719464169456,31.65,100
1719464170074,31.55,75
1719464171158,31.6,50
1719464171158,31.6,50
1719464171158,31.6,50
1719464173483,31.45,150
1719464174519,31.75,50
1719464175877,31.65,50
1719464175877,31.65,50
1719464177359,31.6,50
1719464177575,31.75,125
1719464177575,31.75,125
1719464178812,31.7,50
1719464178812,31.7,50
1719464179762,31.75,25
1719464179762,31.75,25
1719464182256,31.45,25
1719464182256,31.45,25
1719464183631,31.4,50
1719464183631,31.4,50
1719464183631,31.4,50
1719464186579,31.5,50
1719464186910,31.55,25
1719464187451,31.45,25
1719464187451,31.45,25
1719464187451,31.45,25
1719464189889,31.7,25
1719464189889,31.7,25
1719464191474,31.85,25
1719464192024,31.85,50
1719464192024,31.85,50
1719464193577,31.85,50
1719464193577,31.85,50
1719464193577,31.85,50
1719464196477,31.5,25
1719464197572,31.55,50
1719464197572,31.55,50
1719464199180,31.5,575
1719464199349,31.5,1325
1719464199349,31.5,1325
1719464199349,31.5,1325
1719464199349,31.5,1325
1719464199349,31.5,1325
1719464199349,31.5,1325
1719464207833,31.5,50
1719464209361,31.65,525
1719464209361,31.65,525
1719464209361,31.65,525
1719464209361,31.65,525
1719464209361,31.65,525
1719464209361,31.65,525
1719464209361,31.65,525
1719464209361,31.65,525
1719464220385,31.0,100
1719464220385,31.0,100
1719464220385,31.0,100
1719464224207,30.95,50
1719464224207,30.95,50
1719464226076,30.9,50
1719464227226,30.9,50
1719464227980,30.9,250
1719464228322,30.85,50
1719464229408,30.8,25
1719464229408,30.8,25
1719464232214,30.55,225
1719464232214,30.55,225
1719464232214,30.55,225
1719464236373,30.65,25
1719464236614,30.45,75
1719464237460,30.65,175
1719464237460,30.65,175
1719464239175,30.55,25
1719464239175,30.55,25
1719464239705,30.5,100
1719464241020,30.55,75
1719464241020,30.55,75
1719464242230,30.55,150
1719464242433,30.5,175
1719464242433,30.5,175
1719464244599,30.45,125
1719464245801,30.45,25
1719464245801,30.45,25
1719464246848,30.05,25
1719464246848,30.05,25
1719464248332,29.8,25
1719464249051,29.7,425
1719464249051,29.7,425
1719464250065,29.8,50
1719464250252,30.0,50
1719464250252,30.0,50
1719464250252,30.0,50
1719464252699,29.95,150
1719464252699,29.95,150
1719464252699,29.95,150
1719464255930,29.8,25
1719464256399,29.95,75
1719464257575,29.9,100
1719464257575,29.9,100
1719464259178,29.6,25
1719464259178,29.6,25
1719464259932,29.9,50
1719464261188,30.05,75
1719464261188,30.05,75
1719464261933,29.75,50
1719464261933,29.75,50
1719464261933,29.75,50
1719464265326,29.7,100
1719464265918,29.85,200
1719464266382,29.7,275
1719464267208,29.9,25
1719464267208,29.9,25
1719464267208,29.9,25
1719464269757,29.6,175
1719464269757,29.6,175
1719464272230,29.85,50
1719464272230,29.85,50
1719464272230,29.85,50
1719464275565,30.05,300
1719464276089,29.9,125
1719464276269,29.85,75
1719464276269,29.85,75
1719464277985,30.0,25
1719464277985,30.0,25
1719464277985,30.0,25
1719464277985,30.0,25
1719464281184,30.1,100
1719464281184,30.1,100
1719464282463,29.95,250
1719464282463,29.95,250
1719464284513,30.1,150
1719464284513,30.1,150
1719464284513,30.1,150
1719464284513,30.1,150
1719464291474,29.8,25
1719464292159,29.5,25
1719464292159,29.5,25
1719464293212,29.65,25
1719464294201,29.75,25
1719464294201,29.75,25
1719464295011,29.75,25
1719464296199,29.85,25
1719464296199,29.85,25
1719464296657,29.85,50
1719464296657,29.85,50
1719464299202,29.6,75
1719464299202,29.6,75
1719464300058,29.75,25
1719464301343,29.9,25
1719464301852,29.8,25
1719464302589,29.8,50
1719464302589,29.8,50
1719464304400,29.8,25
1719464304767,30.0,275
1719464304767,30.0,275
1719464305780,29.85,25
1719464305780,29.85,25
1719464307202,29.85,25
1719464307202,29.85,25
1719464308664,29.85,25
1719464309108,29.75,25
1719464309629,29.55,25
1719464310204,29.85,50
1719464310204,29.85,50
1719464311339,29.65,25
1719464311505,29.65,25
1719464311688,29.65,25
1719464313220,29.75,25
1719464314245,29.6,25
1719464314603,29.6,150
1719464314603,29.6,150
1719464314603,29.6,150
1719464317121,29.55,75
1719464317671,29.6,25
1719464317671,29.6,25
1719464319361,29.85,25
1719464319706,29.7,25
1719464319706,29.7,25
1719464319706,29.7,25
1719464322094,29.75,75
1719464322924,29.75,25
1719464322924,29.75,25
1719464324436,29.75,75
1719464324868,29.8,25
1719464325017,29.8,25
1719464326078,30.05,25
1719464326539,29.75,25
1719464327369,30.05,75
1719464328090,30.2,25
1719464328090,30.2,25
1719464329937,30.55,25
1719464329937,30.55,25
1719464331376,30.05,25
1719464331376,30.05,25
1719464331376,30.05,25
1719464333570,30.0,125
1719464334478,30.0,175
1719464334478,30.0,175
1719464335846,29.9,25
1719464336465,29.95,25
1719464336465,29.95,25
1719464337138,30.0,25
1719464338046,30.0,25
1719464339096,30.0,25
1719464339538,29.85,50
1719464340179,29.85,25
1719464341204,29.95,25
1719464341204,29.95,25
1719464342159,30.05,75
1719464342913,30.1,25
1719464342913,30.1,25
1719464343509,29.95,25
1719464344316,30.0,50
1719464345197,30.0,25
1719464345197,30.0,25
1719464346815,30.0,50
1719464346815,30.0,50
1719464346815,30.0,50
1719464350313,30.1,75
1719464350313,30.1,75
1719464350313,30.1,75
1719464354143,30.25,25
1719464354143,30.25,25
1719464356626,30.15,25
1719464357524,30.1,75
1719464357524,30.1,75
1719464358911,30.0,175
1719464358911,30.0,175
1719464360410,29.95,75
1719464361405,29.95,25
1719464361405,29.95,25
1719464362196,29.85,100
1719464362988,30.1,100
1719464363582,30.15,25
1719464363582,30.15,25
1719464365363,29.9,25
1719464365363,29.9,25
1719464367241,30.1,50
1719464367402,30.15,25
1719464368487,30.05,50
1719464368487,30.05,50
1719464368487,30.05,50
1719464371565,29.95,150
1719464371827,29.95,25
1719464371827,29.95,25
1719464373955,30.0,25
1719464374803,30.1,50
1719464374803,30.1,50
1719464375071,29.95,400
1719464375071,29.95,400
1719464375071,29.95,400
1719464378994,30.2,50
1719464378994,30.2,50
1719464378994,30.2,50
1719464382781,30.0,250
1719464382781,30.0,250
1719464382781,30.0,250
1719464382781,30.0,250
1719464382781,30.0,250
1719464382781,30.0,250
1719464390247,30.2,200
1719464391337,30.1,25
1719464391652,30.1,25
1719464391849,30.1,25
1719464392543,30.15,25
1719464393595,30.05,25
1719464394736,30.1,25
1719464394736,30.1,25
1719464394736,30.1,25
1719464398086,29.9,75
1719464398176,29.95,75
1719464398386,29.9,25
1719464399264,29.95,25
1719464399264,29.95,25
1719464399264,29.95,25
1719464399264,29.95,25
1719464402911,30.4,25
1719464402911,30.4,25
1719464404616,30.05,100
1719464404616,30.05,100
1719464405245,29.9,25
1719464406307,29.9,25
1719464406382,29.9,25
1719464407272,29.95,25
1719464407272,29.95,25
1719464409092,30.0,1675
1719464409092,30.0,1675
1719464409092,30.0,1675
1719464412710,30.2,25
1719464412710,30.2,25
1719464414407,30.15,200
1719464414407,30.15,200
1719464414407,30.15,200
1719464417974,30.1,50
1719464417974,30.1,50
1719464419097,30.0,25
1719464419143,30.0,25
1719464420067,29.9,25
1719464420067,29.9,25
1719464421164,30.15,25
1719464421164,30.15,25
1719464421763,30.2,125
1719464422750,30.2,25
1719464424396,30.0,25
1719464424396,30.0,25
1719464425666,30.0,25
1719464426081,30.0,25
1719464426700,30.0,25
1719464427203,30.0,25
1719464427367,30.0,25
1719464427367,30.0,25
1719464429862,30.1,50
1719464429862,30.1,50
1719464430353,30.0,575
1719464430353,30.0,575
1719464430353,30.0,575
1719464431807,30.05,50
1719464432409,29.8,500
1719464432570,29.95,100
1719464434573,29.9,300
1719464434573,29.9,300
1719464435539,29.8,50
1719464435539,29.8,50
1719464438044,29.7,425
1719464438044,29.7,425
1719464438447,29.75,25
1719464439233,29.7,50
1719464440059,29.7,325
1719464440059,29.7,325
1719464441543,29.8,25
1719464442170,29.6,150
1719464442357,29.7,575
1719464443703,29.8,75
1719464444948,29.95,100
1719464445157,29.95,25
1719464445472,29.95,25
1719464445472,29.95,25
1719464445472,29.95,25
1719464449427,29.95,25
1719464449427,29.95,25
1719464449427,29.95,25
1719464449427,29.95,25
1719464454498,30.0,25
1719464454498,30.0,25
1719464455443,29.85,25
1719464455443,29.85,25
1719464455443,29.85,25
1719464458478,29.75,125
1719464458478,29.75,125
1719464458478,29.75,125
1719464458478,29.75,125
1719464463096,30.0,350
1719464463096,30.0,350
1719464463474,30.0,25
1719464463940,29.85,25
1719464463940,29.85,25
1719464466790,29.75,75
1719464466790,29.75,75
1719464467514,29.65,25
1719464467514,29.65,25
1719464467514,29.65,25
1719464471495,29.6,50
1719464471495,29.6,50
1719464471495,29.6,50
1719464474118,29.5,100
1719464474794,29.6,25
1719464474794,29.6,25
1719464476024,29.55,25
1719464476024,29.55,25
1719464476024,29.55,25
1719464479131,29.7,425
1719464479753,29.7,100
1719464479753,29.7,100
1719464481563,29.85,300
1719464481563,29.85,300
1719464481563,29.85,300
1719464485628,29.7,50
1719464486569,29.65,25
1719464486569,29.65,25
1719464486569,29.65,25
1719464489562,29.8,100
1719464489562,29.8,100
1719464489562,29.8,100
1719464489562,29.8,100
1719464489562,29.8,100
1719464494784,29.85,250
1719464494784,29.85,250
1719464496450,29.75,125
1719464496798,29.75,25
1719464497338,29.55,50
1719464497680,29.7,25
1719464497680,29.7,25
1719464497680,29.7,25
1719464500617,29.4,25
1719464500617,29.4,25
1719464500617,29.4,25
1719464500617,29.4,25
1719464500617,29.4,25
1719464500617,29.4,25
1719464500617,29.4,25
1719464500617,29.4,25
1719464512806,29.7,25
1719464513453,29.85,25
1719464513499,29.85,25
1719464514103,29.85,75
1719464514770,29.85,50
1719464514770,29.85,50
1719464515400,29.75,25
1719464515400,29.75,25
1719464515400,29.75,25
1719464515400,29.75,25
1719464521682,30.0,25
1719464522924,29.95,75
1719464523365,29.95,25
1719464523365,29.95,25
1719464524280,30.05,25
1719464524496,29.95,25
1719464524496,29.95,25
1719464526683,29.65,75
1719464526683,29.65,75
1719464527485,29.7,25
1719464528037,29.65,25
1719464528037,29.65,25
1719464528037,29.65,25
1719464531018,29.7,50
1719464531391,29.65,125
1719464531391,29.65,125
1719464531391,29.65,125
1719464533713,29.6,25
1719464533921,29.7,25
1719464534808,29.75,25
1719464534808,29.75,25
1719464534808,29.75,25
1719464537332,29.8,25
1719464537332,29.8,25
1719464540273,29.7,25
1719464540327,29.85,25
1719464541402,29.85,50
1719464541402,29.85,50
1719464541402,29.85,50
1719464543187,29.8,25
1719464543187,29.8,25
1719464543187,29.8,25
1719464545427,29.95,25
1719464546189,30.05,50
1719464546819,29.95,25
1719464546819,29.95,25
1719464546819,29.95,25
1719464546819,29.95,25
1719464546819,29.95,25
1719464552559,29.9,50
1719464552559,29.9,50
1719464552559,29.9,50
1719464552559,29.9,50
1719464557844,29.9,25
1719464557844,29.9,25
1719464557844,29.9,25
1719464557844,29.9,25
1719464557844,29.9,25
1719464565037,30.25,25
1719464565037,30.25,25
1719464565352,30.2,25
1719464566190,30.0,50
1719464566190,30.0,50
1719464566190,30.0,50
1719464566190,30.0,50
1719464571938,30.05,25
1719464571938,30.05,25
1719464572515,30.0,25
1719464572515,30.0,25
1719464574450,29.9,25
1719464575034,30.0,25
1719464575034,30.0,25
1719464576096,30.1,25
1719464576684,30.05,25
1719464576684,30.05,25
1719464576684,30.05,25
1719464578937,29.95,25
1719464578937,29.95,25
1719464581109,30.1,25
1719464581109,30.1,25
1719464581109,30.1,25
1719464583908,30.0,250
1719464583908,30.0,250
1719464583908,30.0,250
1719464587190,29.95,25
1719464587602,30.0,250
1719464588553,30.1,25
1719464588823,30.0,75
1719464589389,30.0,25
1719464590251,30.0,25
1719464591040,30.35,25
1719464591888,30.4,25
1719464592269,30.45,25
1719464593227,30.3,25
1719464593227,30.3,25
1719464593732,30.4,25
1719464595291,30.1,25
1719464595291,30.1,25
1719464596354,30.2,50
1719464596354,30.2,50
1719464598210,30.25,25
1719464598408,30.25,25
1719464598408,30.25,25
1719464599617,30.5,25
1719464600248,30.35,75
1719464600248,30.35,75
1719464601359,31.0,25
1719464601412,30.9,50
1719464602141,31.0,100
1719464603559,31.0,150
1719464604194,31.0,25
1719464605207,30.85,25
1719464606606,31.1,25
1719464606810,31.4,25
1719464607442,31.75,25
1719464608480,31.35,25
1719464608480,31.35,25
1719464609424,31.35,25
1719464609952,31.8,25
1719464609952,31.8,25
1719464611290,31.75,25
1719464611594,32.45,25
1719464611931,32.8,25
1719464611931,32.8,25
1719464611931,32.8,25
1719464612232,33.05,150
1719464612232,33.05,150
1719464612889,34.0,25
1719464613283,35.3,75
1719464613801,35.8,225
1719464613801,35.8,225
1719464613801,35.8,225
1719464614455,34.35,50
1719464615975,34.3,50
1719464616581,33.65,50
1719464620542,32.65,75
1719464622014,32.65,75
1719464622014,32.65,75
1719464623424,32.4,200
1719464623818,32.35,50
1719464624364,32.3,200
1719464625167,32.0,50
1719464625167,32.0,50
1719464626255,32.2,25
1719464626255,32.2,25
1719464627209,32.65,175
1719464628422,32.25,300
1719464628757,32.2,150
1719464629250,31.95,150
1719464629250,31.95,150
1719464631906,32.25,75
1719464633110,32.35,25
1719464633392,32.55,25
1719464633392,32.55,25
1719464634102,32.85,100
1719464635051,33.15,125
1719464635728,33.3,50
1719464636018,33.6,25
1719464636018,33.6,25
1719464637840,33.65,25
1719464637840,33.65,25
1719464639210,33.4,25
1719464640006,33.0,75
1719464640006,33.0,75
1719464640006,33.0,75
1719464640685,33.25,75
1719464641229,33.35,125
1719464641229,33.35,125
1719464642274,33.35,100
1719464643585,32.9,25
1719464644422,32.95,50
1719464645265,32.75,25
1719464645486,32.8,25
1719464646428,32.65,400
1719464646992,32.35,25
1719464647722,32.35,150
1719464648429,32.35,25
1719464648606,32.45,25
1719464648606,32.45,25
1719464650233,33.05,25
1719464650233,33.05,25
1719464651726,33.1,400
1719464652401,32.95,25
1719464652733,32.75,25
1719464654156,33.1,300
1719464655216,32.95,150
1719464655216,32.95,150
1719464655216,32.95,150
1719464657434,33.0,50
1719464658019,33.2,100
1719464658654,33.2,200
1719464658654,33.2,200
1719464658654,33.2,200
1719464660717,32.4,25
1719464661562,32.6,25
1719464661562,32.6,25
1719464662217,32.65,25
1719464663575,32.95,150
1719464664506,33.1,75
1719464664506,33.1,75
1719464665734,33.05,50
1719464666333,32.95,250
1719464666333,32.95,250
1719464667214,32.9,50
1719464668270,33.25,25
1719464668270,33.25,25
1719464669724,33.15,25
1719464670379,33.1,25
1719464670379,33.1,25
1719464670875,33.0,100
1719464670875,33.0,100
1719464672340,32.75,25
1719464673138,32.8,25
1719464674049,32.75,50
1719464675274,32.75,50
1719464675497,32.65,25
1719464675497,32.65,25
1719464677048,32.7,25
1719464677589,32.75,50
1719464678065,32.7,50
1719464678604,32.85,25
1719464678604,32.85,25
1719464680034,32.9,25
1719464680607,33.15,25
1719464681589,33.0,25
1719464681854,33.0,125
1719464681854,33.0,125
1719464682572,33.0,50
1719464683584,33.1,50
1719464683584,33.1,50
1719464685291,32.9,25
1719464685291,32.9,25
1719464686713,32.9,25
1719464686713,32.9,25
1719464687437,33.0,25
1719464688217,33.35,25
1719464688217,33.35,25
1719464689371,32.95,25
1719464689972,33.0,25
1719464689972,33.0,25
1719464691649,33.5,25
1719464691649,33.5,25
1719464692763,33.55,25
1719464693325,33.3,500
1719464693325,33.3,500
1719464693908,33.3,175
1719464695266,33.75,25
1719464695752,34.0,25
1719464696504,34.05,25
1719464696504,34.05,25
1719464697543,34.05,25
1719464698390,34.05,25
1719464698613,34.05,25
1719464698743,34.05,75
1719464699967,34.45,25
1719464700461,34.75,100
1719464701361,34.6,100
1719464701361,34.6,100
1719464702581,34.95,25
1719464703725,35.1,25
1719464703858,35.1,50
1719464704594,35.45,25
1719464704828,35.0,100
1719464705713,34.95,25
1719464706318,34.8,25
1719464706318,34.8,25
1719464707467,34.75,25
1719464708479,34.8,25
1719464708479,34.8,25
1719464709437,34.65,25
1719464709437,34.65,25
1719464710588,34.25,25
1719464711718,34.2,50
1719464712237,34.15,250
1719464712730,34.0,50
1719464712730,34.0,50
1719464714849,33.85,50
1719464715076,33.7,25
1719464715076,33.7,25
1719464716251,33.6,25
1719464716251,33.6,25
1719464716251,33.6,25
1719464718603,33.85,25
1719464719493,33.85,125
1719464720108,33.85,50
1719464720428,33.9,25
1719464720600,33.95,25
1719464723200,34.6,25
1719464723512,34.95,50
1719464723596,34.85,25
1719464724215,34.5,50
1719464724762,34.15,75
1719464724762,34.15,75
1719464726254,34.55,25
1719464726582,34.6,25
1719464727043,34.45,25
1719464727500,34.4,125
1719464727500,34.4,125
1719464730393,34.3,25
1719464730467,34.35,50
1719464731704,34.3,25
1719464731704,34.3,25
1719464733466,34.15,25
1719464734240,34.2,25
1719464734240,34.2,25
1719464735502,34.15,75
1719464735502,34.15,75
1719464737128,34.15,25
1719464737128,34.15,25
1719464738634,34.05,25
1719464738930,33.75,475
1719464738930,33.75,475
1719464740587,34.05,25
1719464741060,33.75,25
1719464741060,33.75,25
1719464743131,34.0,50
1719464743131,34.0,50
1719464743131,34.0,50
1719464746351,33.75,325
1719464746351,33.75,325
1719464748011,33.85,25
1719464748143,33.8,25
1719464748143,33.8,25
1719464748956,33.5,100
1719464748956,33.5,100
1719464748956,33.5,100
1719464748956,33.5,100
1719464748956,33.5,100
1719464755527,33.1,225
1719464756039,32.95,25
1719464756859,32.55,250
1719464757545,32.75,25
1719464758179,32.6,50
1719464758622,32.65,25
1719464759542,32.75,25
1719464759542,32.75,25
1719464759542,32.75,25
1719464760590,32.8,25
1719464760590,32.8,25
1719464762930,33.2,25
1719464763457,33.45,25
1719464763457,33.45,25
1719464763457,33.45,25
1719464766467,33.85,25
1719464766467,33.85,25
1719464767441,33.7,25
1719464768584,33.7,25
1719464768584,33.7,25
1719464769524,33.4,25
1719464770076,33.0,125
1719464770076,33.0,125
1719464770893,32.85,200
1719464770893,32.85,200
1719464770893,32.85,200
1719464770893,32.85,200
1719464775564,33.35,25
1719464775726,33.15,25
1719464775726,33.15,25
1719464775726,33.15,25
1719464779845,33.2,25
1719464779845,33.2,25
1719464780930,33.35,25
1719464780930,33.35,25
1719464782802,33.5,50
1719464782802,33.5,50
1719464782802,33.5,50
1719464786405,32.85,25
1719464786990,32.85,300
1719464787068,32.7,25
1719464787068,32.7,25
1719464790225,32.85,25
1719464790807,32.8,25
1719464791068,33.05,125
1719464791576,33.3,25
1719464792405,33.4,25
1719464793619,33.75,25
1719464793703,33.75,125
1719464793754,33.8,25
1719464793754,33.8,25
1719464796863,33.85,100
1719464796863,33.85,100
1719464797935,33.6,25
1719464798198,33.45,225
1719464800045,33.45,275
1719464800045,33.45,275
1719464800862,33.4,50
1719464801774,33.45,225
1719464801774,33.45,225
1719464802631,33.45,75
1719464803504,33.25,25
1719464804859,33.45,1025
1719464804859,33.45,1025
1719464806646,33.35,925
1719464806646,33.35,925
1719464806646,33.35,925
1719464806646,33.35,925
1719464810467,33.25,250
1719464810993,33.5,25
1719464810993,33.5,25
1719464812333,33.6,500
1719464813289,33.65,150
1719464814487,33.5,100
1719464814487,33.5,100
1719464816059,33.55,50
1719464816310,33.65,25
1719464816569,33.5,100
1719464816569,33.5,100
1719464817797,33.5,25
1719464817797,33.5,25
1719464819416,33.6,25
1719464819416,33.6,25
1719464820605,33.55,75
1719464820605,33.55,75
1719464822308,33.0,900
1719464822375,33.1,100
1719464822375,33.1,100
1719464824573,33.6,500
1719464824573,33.6,500
1719464826720,33.85,150
1719464826720,33.85,150
1719464826720,33.85,150
1719464828082,33.85,25
1719464829764,33.1,500
1719464830082,33.2,75
1719464830530,33.0,25
1719464831455,32.55,75
1719464831455,32.55,75
1719464832563,32.55,150
1719464833026,32.5,25
1719464834392,32.6,75
1719464834994,32.8,75
1719464835547,32.95,1000
1719464836376,33.3,25
1719464836819,33.05,200
1719464837174,33.05,25
1719464837174,33.05,25
1719464839110,32.75,25
1719464839764,32.6,50
1719464840346,32.5,50
1719464840346,32.5,50
1719464840631,32.7,50
1719464841788,32.75,150
1719464841788,32.75,150
1719464843662,32.5,800
1719464844417,32.65,25
1719464845011,32.5,25
1719464845011,32.5,25
1719464846527,32.55,50
1719464847031,32.6,500
1719464847031,32.6,500
1719464848359,32.75,50
1719464848755,32.75,25
1719464848755,32.75,25
1719464848755,32.75,25
1719464850477,32.55,25
1719464850477,32.55,25
1719464852900,32.4,25
1719464853578,32.55,25
1719464854166,32.15,25
1719464854166,32.15,25
1719464856585,32.4,25
1719464856585,32.4,25
1719464857696,32.15,600
1719464857757,32.0,25
1719464859303,32.05,125
1719464859303,32.05,125
1719464860756,32.25,25
1719464861478,32.3,25
1719464861478,32.3,25
1719464861478,32.3,25
1719464864392,32.75,125
1719464864913,32.7,50
1719464865491,32.75,25
1719464866077,32.7,200
1719464866879,32.75,50
1719464867366,32.4,25
1719464868175,32.25,100
1719464868175,32.25,100
1719464868175,32.25,100
1719464868175,32.25,100
1719464872534,32.4,50
1719464872534,32.4,50
1719464872534,32.4,50
1719464875486,32.15,25
1719464876501,32.1,100
1719464876705,32.0,300
1719464876705,32.0,300
1719464876705,32.0,300
1719464876705,32.0,300
1719464876705,32.0,300
1719464881278,32.55,25
1719464882227,32.75,25
1719464882227,32.75,25
1719464883183,32.4,75
1719464883493,32.4,175
1719464883493,32.4,175
1719464884105,32.65,25
1719464884858,32.85,50
1719464884858,32.85,50
1719464886128,32.9,25
1719464886128,32.9,25
1719464888282,32.75,25
1719464888282,32.75,25
1719464888282,32.75,25
1719464888282,32.75,25
1719464892488,33.25,150
1719464893078,32.9,100
1719464893078,32.9,100
1719464895309,32.9,275
1719464895309,32.9,275
1719464895823,32.9,625
1719464895823,32.9,625
1719464895823,32.9,625
1719464895823,32.9,625
1719464901838,33.05,25
1719464901838,33.05,25
1719464901838,33.05,25
1719464905008,32.45,50
1719464905008,32.45,50
1719464905790,32.15,25
1719464905974,32.1,25
1719464905974,32.1,25
1719464905974,32.1,25
1719464910060,32.0,25
1719464910060,32.0,25
1719464910060,32.0,25
1719464910573,31.55,25
1719464910573,31.55,25
1719464910573,31.55,25
1719464915010,32.0,25
1719464915010,32.0,25
1719464916762,32.2,250
1719464917013,32.3,100
1719464917883,32.55,25
1719464917883,32.55,25
1719464917883,32.55,25
1719464917883,32.55,25
1719464922350,32.5,25
1719464922350,32.5,25
1719464924018,32.45,250
1719464924018,32.45,250
1719464925756,32.6,75
1719464925756,32.6,75
1719464925756,32.6,75
1719464925756,32.6,75
1719464925756,32.6,75
1719464932580,32.7,1000
1719464932580,32.7,1000
1719464934826,32.9,200
1719464934826,32.9,200
1719464936283,32.9,50
1719464936801,33.0,1325
1719464936801,33.0,1325
1719464936801,33.0,1325
1719464936801,33.0,1325
1719464936801,33.0,1325
1719464936801,33.0,1325
1719464936801,33.0,1325
1719464944632,32.4,250
1719464945256,32.65,50
1719464945256,32.65,50
1719464947797,33.0,150
1719464948238,32.95,200
1719464948238,32.95,200
1719464949103,32.9,150
1719464950433,32.95,200
1719464951278,33.1,100
1719464951278,33.1,100
1719464952580,33.35,175
1719464953533,33.25,200
1719464953533,33.25,200
1719464954709,33.25,25
1719464955249,33.25,75
1719464955249,33.25,75
1719464956657,33.05,25
1719464956657,33.05,25
1719464958382,33.05,25
1719464958382,33.05,25
1719464960022,32.95,300
1719464960022,32.95,300
1719464961571,33.15,200
1719464961571,33.15,200
1719464961571,33.15,200
1719464961571,33.15,200
1719464966669,33.05,25
1719464966669,33.05,25
1719464967497,32.85,150
1719464968145,32.95,150
1719464968752,33.05,200
1719464968752,33.05,200
1719464968752,33.05,200
1719464968752,33.05,200
1719464968752,33.05,200
1719464973555,33.15,25
1719464973555,33.15,25
1719464975337,33.4,25
1719464975337,33.4,25
1719464976703,33.3,75
1719464976703,33.3,75
1719464978640,33.35,50
1719464978852,33.3,250
1719464979355,33.25,50
1719464979355,33.25,50
1719464979355,33.25,50
1719464982556,33.3,25
1719464983608,33.4,25
1719464983608,33.4,25
1719464983608,33.4,25
1719464985695,33.25,25
1719464986134,33.15,25
1719464986625,33.45,25
1719464986625,33.45,25
1719464986625,33.45,25
1719464989637,33.55,25
1719464990145,33.5,50
1719464990145,33.5,50
1719464990145,33.5,50
1719464994752,33.35,425
1719464995336,33.55,100
1719464995758,33.25,300
1719464995758,33.25,300
1719464995758,33.25,300
1719464995758,33.25,300
1719464995758,33.25,300
1719465001562,33.2,25
1719465001900,33.35,50
1719465001900,33.35,50
1719465001900,33.35,50
1719465005560,33.0,50
1719465005630,33.15,100
1719465005630,33.15,100
1719465005630,33.15,100
1719465009955,33.7,50
1719465009955,33.7,50
1719465009955,33.7,50
1719465009955,33.7,50
1719465009955,33.7,50
1719465009955,33.7,50
1719465017711,33.95,25
1719465018569,33.8,25
1719465018840,33.8,25
1719465018848,33.8,25
1719465018848,33.8,25
1719465023124,34.0,1000
1719465023550,33.8,25
1719465023550,33.8,25
1719465024554,34.0,950
1719465025398,34.25,25
1719465026102,34.55,50
1719465026102,34.55,50
1719465027882,33.85,100
1719465027882,33.85,100
1719465030333,33.45,300
1719465030333,33.45,300
1719465030333,33.45,300
1719465030333,33.45,300
1719465030333,33.45,300
1719465036378,33.15,50
1719465037002,33.0,25
1719465037002,33.0,25
1719465039790,33.25,25
1719465040066,33.35,25
1719465040066,33.35,25
1719465043234,33.45,25
1719465043234,33.45,25
1719465045254,33.3,25
1719465045254,33.3,25
1719465045828,33.35,25
1719465046053,33.3,25
1719465047035,33.3,150
1719465047390,33.4,25
1719465048203,33.3,150
1719465048203,33.3,150
1719465048203,33.3,150
1719465051260,33.0,300
1719465051912,33.2,175
1719465051912,33.2,175
1719465053702,32.85,50
1719465053916,32.8,50
1719465053916,32.8,50
1719465056088,33.25,50
1719465056088,33.25,50
1719465058162,34.0,150
1719465058162,34.0,150
1719465059001,34.15,50
1719465059121,34.05,375
1719465059121,34.05,375
1719465059121,34.05,375
1719465061782,33.95,25
1719465061782,33.95,25
1719465061782,33.95,25
1719465061782,33.95,25
1719465066330,34.45,150
1719465066789,34.0,25
1719465066789,34.0,25
1719465067319,34.15,375
1719465067783,34.05,150
1719465067783,34.05,150
1719465069114,34.2,125
1719465069856,34.15,25
1719465069856,34.15,25
1719465072611,34.1,100
1719465072611,34.1,100
1719465075054,34.0,75
1719465075054,34.0,75
1719465075054,34.0,75
1719465075054,34.0,75
1719465079331,33.95,50
1719465079331,33.95,50
1719465081080,34.05,25
1719465081826,34.15,25
1719465082174,34.25,225
1719465082174,34.25,225
1719465082174,34.25,225
1719465084835,34.2,25
1719465084835,34.2,25
1719465086725,34.2,75
1719465086725,34.2,75
1719465088509,34.45,25
1719465088509,34.45,25
1719465088509,34.45,25
1719465088509,34.45,25
1719465088509,34.45,25
1719465088509,34.45,25
1719465094564,34.5,1000
1719465094564,34.5,1000
1719465094564,34.5,1000
1719465097784,34.35,25
1719465098887,34.6,200
1719465098887,34.6,200
1719465098887,34.6,200
1719465101941,35.0,25
1719465102069,35.2,100
1719465102069,35.2,100
1719465103058,35.0,300
1719465103058,35.0,300
1719465104346,34.65,25
1719465104346,34.65,25
1719465106296,34.65,50
1719465107388,34.75,25
1719465108866,34.8,25
1719465108866,34.8,25
1719465109720,34.85,100
1719465110432,34.85,25
1719465110432,34.85,25
1719465111433,34.7,75
1719465111433,34.7,75
1719465111433,34.7,75
1719465114552,35.0,200
1719465114552,35.0,200
1719465114552,35.0,200
1719465117410,35.0,500
1719465117410,35.0,500
1719465120403,34.9,200
1719465120718,34.85,50
1719465122311,34.7,25
1719465123346,34.45,50
1719465123346,34.45,50
1719465125763,34.65,100
1719465125763,34.65,100
1719465125763,34.65,100
1719465128340,34.8,100
1719465128340,34.8,100
1719465128340,34.8,100
1719465131963,34.95,175
1719465132362,34.9,350
1719465132687,34.85,175
1719465132687,34.85,175
1719465132687,34.85,175
1719465132687,34.85,175
1719465132687,34.85,175
1719465139916,34.3,800
1719465140550,34.55,25
1719465140550,34.55,25
1719465140550,34.55,25
1719465140550,34.55,25
1719465145068,34.9,100
1719465145512,34.7,125
1719465145512,34.7,125
1719465145512,34.7,125
1719465147806,34.55,100
1719465148223,34.55,25
1719465148223,34.55,25
1719465148223,34.55,25
1719465148223,34.55,25
1719465151851,34.25,25
1719465151851,34.25,25
1719465151851,34.25,25
1719465151851,34.25,25
1719465157377,34.3,225
1719465157377,34.3,225
1719465157377,34.3,225
1719465161954,34.3,150
1719465162231,34.2,25
1719465162231,34.2,25
1719465163466,34.15,100
1719465163466,34.15,100
1719465164260,34.2,25
1719465165623,34.25,25
1719465165623,34.25,25
1719465166883,34.3,25
1719465166883,34.3,25
1719465166883,34.3,25
1719465170149,34.75,25
1719465170149,34.75,25
1719465170149,34.75,25
1719465170149,34.75,25
1719465174301,34.85,75
1719465174301,34.85,75
1719465176259,34.8,25
1719465176620,34.75,50
1719465176620,34.75,50
1719465179081,34.65,150
1719465179188,34.85,25
1719465179188,34.85,25
1719465179188,34.85,25
1719465181758,34.55,125
1719465181758,34.55,125
1719465182931,34.4,25
1719465183288,34.3,25
1719465183839,34.2,50
1719465183839,34.2,50
1719465183839,34.2,50
1719465183839,34.2,50
1719465188395,34.5,25
1719465188661,34.4,50
1719465188661,34.4,50
1719465188661,34.4,50
1719465188661,34.4,50
1719465193466,34.2,25
1719465193466,34.2,25
1719465193466,34.2,25
1719465193466,34.2,25
1719465193466,34.2,25
1719465193466,34.2,25
1719465201678,35.0,100
1719465201678,35.0,100
1719465202716,35.25,50
1719465203176,35.5,275
1719465203176,35.5,275
1719465205364,35.65,125
1719465205364,35.65,125
1719465205364,35.65,125
1719465205364,35.65,125
1719465205364,35.65,125
1719465210404,35.55,125
1719465210404,35.55,125
1719465210938,35.6,25
1719465211597,35.8,250
1719465212294,36.0,150
1719465212294,36.0,150
1719465213283,36.6,50
1719465213283,36.6,50
1719465214253,36.5,25
1719465215643,37.0,125
1719465215799,37.35,25
1719465216063,38.0,100
1719465216063,38.0,100
1719465216063,38.0,100
1719465218818,38.35,25
1719465219033,38.45,100
1719465219745,39.15,50
1719465220726,39.2,25
1719465220726,39.2,25
1719465222028,39.05,25
1719465222028,39.05,25
1719465223050,38.75,25
1719465224071,38.9,75
1719465224644,39.4,25
1719465225699,39.1,25
1719465225699,39.1,25
1719465227347,40.0,25
1719465227347,40.0,25
1719465228978,42.0,25
1719465228978,42.0,25
1719465229183,42.5,175
1719465230206,40.25,125
1719465231473,39.95,25
1719465232369,39.65,25
1719465232650,40.3,100
1719465233587,40.05,50
1719465233696,39.9,25
1719465234895,39.7,25
1719465235695,40.05,25
1719465236034,40.6,25
1719465236679,41.4,25
1719465237237,41.7,25
1719465237418,41.8,50
1719465238924,40.8,25
1719465239648,41.25,25
1719465240103,41.2,150
1719465240737,41.65,25
1719465240915,42.0,150
1719465242287,41.25,25
1719465242287,41.25,25
1719465242560,41.6,25
1719465244041,41.6,25
1719465244041,41.6,25
1719465244470,40.75,25
1719465245384,40.65,175
1719465245384,40.65,175
1719465246502,41.45,50
1719465247203,41.05,25
1719465247551,40.7,250
1719465249047,40.9,25
1719465249559,40.8,50
1719465250483,41.7,25
1719465250483,41.7,25
1719465251578,41.35,25
1719465251778,41.5,25
1719465252818,41.9,25
1719465253783,42.35,250
1719465253935,42.05,25
1719465254971,42.0,500
1719465255577,41.95,25
1719465255936,41.35,25
1719465255936,41.35,25
1719465257967,41.4,150
1719465258528,41.25,75
1719465258804,41.2,425
1719465259501,41.55,25
1719465260213,41.6,75
1719465260213,41.6,75
1719465261984,41.05,25
1719465261984,41.05,25
1719465262531,41.15,100
1719465263888,41.8,50
1719465263888,41.8,50
1719465264633,41.6,50
1719465265583,41.5,25
1719465265583,41.5,25
1719465266550,41.0,975
1719465266985,40.55,25
1719465267577,40.65,150
1719465268080,40.8,25
1719465270086,41.75,25
1719465270190,41.85,350
1719465270461,42.0,350
1719465270692,42.2,25
1719465271625,42.0,25
1719465272220,42.15,100
1719465272837,41.95,25
1719465273713,41.6,25
1719465273713,41.6,25
1719465274802,41.85,25
1719465274802,41.85,25
1719465276804,41.65,250
1719465276804,41.65,250
1719465277961,41.0,25
1719465278632,41.25,25
1719465278970,41.5,400
1719465279296,41.7,25
1719465280055,41.6,50
1719465280055,41.6,50
1719465281632,41.5,25
1719465282183,41.45,50
1719465282903,41.25,25
1719465283239,41.0,225
1719465285622,41.45,50
1719465285622,41.45,50
1719465286341,41.7,225
1719465287112,41.3,25
1719465287112,41.3,25
1719465288479,41.55,175
1719465288790,41.6,50
1719465289153,41.65,25
1719465290608,41.95,25
1719465290892,41.95,25
1719465291480,41.55,25
1719465292051,41.5,75
1719465292894,41.4,25
1719465293700,41.35,25
1719465293700,41.35,25
1719465294480,41.1,25
1719465295113,40.9,25
1719465295113,40.9,25
1719465297820,41.55,25
1719465298290,41.6,75
1719465298743,41.5,50
1719465298743,41.5,50
1719465299912,41.65,100
1719465300579,42.15,25
1719465300746,41.9,25
1719465301525,42.1,25
1719465302258,42.3,25
1719465302258,42.3,25
1719465304068,41.45,75
1719465304274,41.3,25
1719465304687,41.55,175
1719465305561,42.75,250
1719465305982,42.85,150
1719465306828,42.65,25
1719465307169,42.5,50
1719465307773,42.45,50
1719465308310,42.75,125
1719465308952,42.6,225
1719465309628,42.6,25
1719465309628,42.6,25
1719465310855,42.8,100
1719465311805,43.1,50
1719465311805,43.1,50
1719465312929,43.25,125
1719465313824,42.85,25
1719465314590,43.25,100
1719465314590,43.25,100
1719465316382,42.75,25
1719465316692,42.6,25
1719465316862,42.4,50
1719465318002,42.05,25
1719465318403,42.35,125
1719465319889,42.05,50
1719465319889,42.05,50
1719465320880,42.0,75
1719465322141,41.7,25
1719465322141,41.7,25
1719465322664,41.85,25
1719465323763,42.1,225
1719465324100,42.05,25
1719465324463,41.8,250
1719465325169,41.8,100
1719465325662,42.0,25
1719465326566,42.2,25
1719465327215,42.2,25
1719465327215,42.2,25
1719465328108,42.2,25
1719465328108,42.2,25
1719465330312,42.05,100
1719465330312,42.05,100
1719465330763,41.85,200
1719465331940,41.5,25
1719465332243,41.8,150
1719465333096,41.25,25
1719465333810,40.65,25
1719465333810,40.65,25
1719465334357,40.75,25
1719465335371,41.1,50
1719465335728,41.2,50
1719465336910,41.4,100
1719465336910,41.4,100
1719465337967,42.25,50
1719465338716,42.3,100
1719465338716,42.3,100
1719465339689,42.45,150
1719465339689,42.45,150
1719465341136,42.25,25
1719465341576,41.7,25
1719465341576,41.7,25
1719465342418,41.8,50
1719465343594,41.25,125
1719465343594,41.25,125
1719465344833,40.8,25
1719465345511,40.85,25
1719465345511,40.85,25
1719465346639,40.9,50
1719465347146,40.6,25
1719465347146,40.6,25
1719465348040,40.75,400
1719465348040,40.75,400
1719465349296,40.85,25
1719465350482,40.65,25
1719465351101,40.35,25
1719465351922,40.35,25
1719465352237,40.4,50
1719465353060,40.95,125
1719465353732,41.05,25
1719465353732,41.05,25
1719465354280,41.15,25
1719465354280,41.15,25
1719465357268,41.1,100
1719465357674,41.4,50
1719465358725,41.45,25
1719465358725,41.45,25
1719465359972,41.4,125
1719465360346,41.5,125
1719465360346,41.5,125
1719465360584,41.25,100
1719465361555,41.2,175
1719465362113,41.55,25
1719465362113,41.55,25
1719465363218,41.4,25
1719465364635,40.6,1000
1719465364635,40.6,1000
1719465364635,40.6,1000
1719465367839,41.05,25
1719465368131,41.05,25
1719465368131,41.05,25
1719465368131,41.05,25
1719465371917,40.3,25
1719465372324,40.5,100
1719465372324,40.5,100
1719465373333,40.35,50
1719465374304,40.55,125
1719465374304,40.55,125
1719465375911,40.4,25
1719465375911,40.4,25
1719465377641,40.1,50
1719465378735,40.35,300
1719465378735,40.35,300
1719465379734,40.0,25
1719465380638,40.0,275
1719465381513,40.05,50
1719465381951,40.0,200
1719465382915,39.65,400
1719465382915,39.65,400
1719465382915,39.65,400
1719465387043,39.8,25
1719465387043,39.8,25
1719465388133,39.75,25
1719465388338,39.5,25
1719465388766,39.65,350
1719465389099,40.0,500
1719465389099,40.0,500
1719465390664,40.3,25
1719465390664,40.3,25
1719465390664,40.3,25
1719465392771,40.85,25
1719465394022,41.15,25
1719465394159,41.15,125
1719465394159,41.15,125
1719465395133,40.75,100
1719465397152,41.15,25
1719465397152,41.15,25
1719465397152,41.15,25
1719465398956,40.7,25
1719465399522,40.5,25
1719465400659,40.8,25
1719465400659,40.8,25
1719465401074,40.95,100
1719465401074,40.95,100
1719465403260,40.7,25
1719465403260,40.7,25
1719465404202,41.0,50
1719465405174,41.15,25
1719465405174,41.15,25
1719465405909,41.3,50
1719465406579,41.05,25
1719465407273,41.0,25
1719465407273,41.0,25
1719465408920,40.85,25
1719465408920,40.85,25
1719465409876,41.0,25
1719465410392,40.5,25
1719465410392,40.5,25
1719465411416,40.7,25
1719465411968,40.45,25
1719465412845,40.55,25
1719465413594,40.65,25
1719465414824,40.45,25
1719465415818,40.85,25
1719465416870,41.2,25
1719465416870,41.2,25
1719465418574,41.2,25
1719465419017,41.1,25
1719465419195,41.1,25
1719465419195,41.1,25
1719465420650,41.25,25
1719465420797,41.25,25
1719465421522,41.5,25
1719465422418,41.35,50
1719465422418,41.35,50
1719465423745,41.55,100
1719465423745,41.55,100
1719465424286,41.6,25
1719465425015,42.0,25
1719465425015,42.0,25
1719465426737,41.65,450
1719465427083,41.5,100
1719465427083,41.5,100
1719465427840,41.5,25
1719465427840,41.5,25
1719465429813,42.0,25
1719465430737,41.5,25
1719465431681,41.55,250
1719465432467,41.1,25
1719465432467,41.1,25
1719465433623,40.8,25
1719465434237,40.8,25
1719465434329,40.95,200
1719465435748,41.25,300
1719465436960,41.95,75
1719465436960,41.95,75
1719465437845,41.95,175
1719465438178,41.85,25
1719465439100,41.9,25
1719465439771,41.8,25
1719465440235,41.9,25
1719465440235,41.9,25
1719465441625,42.0,25
1719465441625,42.0,25
1719465443930,42.05,200
1719465444157,42.05,225
1719465444711,42.3,25
1719465445595,41.95,25
1719465445980,41.6,25
1719465446760,42.0,25
1719465446952,42.05,50
1719465447520,42.1,25
1719465448765,42.2,75
1719465449288,41.8,25
1719465449288,41.8,25
1719465450271,42.35,25
1719465450929,41.95,150
1719465451510,42.1,600
1719465452272,42.0,325
1719465452767,41.85,75
1719465453681,41.85,25
1719465453681,41.85,25
1719465454543,42.1,25
1719465455808,41.7,50
1719465456022,41.8,125
1719465456526,41.6,25
1719465457227,41.75,150
1719465457227,41.75,150
1719465457227,41.75,150
1719465460041,42.5,25
1719465460041,42.5,25
1719465461484,42.35,500
1719465461714,42.3,125
1719465462484,42.4,25
1719465462484,42.4,25
1719465463800,42.6,25
1719465464097,42.45,25
1719465464779,42.1,50
1719465465539,42.25,25
1719465465539,42.25,25
1719465466342,42.4,50
1719465467240,42.5,100
1719465467240,42.5,100
1719465467795,42.85,25
1719465467795,42.85,25
