time,price,volume
1719461503241,362.45,25
1719461504050,360.1,25
1719461504050,360.1,25
1719461504050,360.1,25
1719461504050,360.1,25
1719461508138,362.85,50
1719461508460,362.25,25
1719461508460,362.25,25
1719461508460,362.25,25
1719461511877,362.5,50
1719461511877,362.5,50
1719461511877,362.5,50
1719461511877,362.5,50
1719461515955,362.95,100
1719461516428,362.75,25
1719461516428,362.75,25
1719461516428,362.75,25
1719461519439,361.15,50
1719461519439,361.15,50
1719461519439,361.15,50
1719461519439,361.15,50
1719461523689,359.25,25
1719461524154,357.2,50
1719461524154,357.2,50
1719461524154,357.2,50
1719461527987,355.95,100
1719461527987,355.95,100
1719461527987,355.95,100
1719461527987,355.95,100
1719461527987,355.95,100
1719461535849,356.95,25
1719461535849,356.95,25
1719461536438,355.95,75
1719461536438,355.95,75
1719461537869,356.5,25
1719461537869,356.5,25
1719461540591,354.4,25
1719461540699,355.0,300
1719461540699,355.0,300
1719461540699,355.0,300
1719461543133,354.45,25
1719461543133,354.45,25
1719461545910,352.0,275
1719461546068,352.0,225
1719461547191,353.5,50
1719461548627,354.95,50
1719461548627,354.95,50
1719461549348,355.15,25
1719461549348,355.15,25
1719461550615,354.15,50
1719461550615,354.15,50
1719461550615,354.15,50
1719461550615,354.15,50
1719461550615,354.15,50
1719461550615,354.15,50
1719461550615,354.15,50
1719461559232,355.35,25
1719461559232,355.35,25
1719461559232,355.35,25
1719461559232,355.35,25
1719461564376,353.3,25
1719461565370,352.0,25
1719461565370,352.0,25
1719461565370,352.0,25
1719461567621,353.15,175
1719461567621,353.15,175
1719461569506,352.6,25
1719461570471,352.5,25
1719461570471,352.5,25
1719461570471,352.5,25
1719461570471,352.5,25
1719461575029,354.05,25
1719461575332,354.05,50
1719461575332,354.05,50
1719461576638,355.65,50
1719461577301,356.5,600
1719461577301,356.5,600
1719461580024,356.5,400
1719461580024,356.5,400
1719461580024,356.5,400
1719461580024,356.5,400
1719461580024,356.5,400
1719461580024,356.5,400
1719461580024,356.5,400
1719461588113,353.2,25
1719461588113,353.2,25
1719461588113,353.2,25
1719461588113,353.2,25
1719461588113,353.2,25
1719461588113,353.2,25
1719461596568,356.05,25
1719461596568,356.05,25
1719461596568,356.05,25
1719461596568,356.05,25
1719461601532,356.5,50
1719461601532,356.5,50
1719461601532,356.5,50
1719461605421,355.05,25
1719461605421,355.05,25
1719461605421,355.05,25
1719461608054,354.0,100
1719461608054,354.0,100
1719461608054,354.0,100
1719461608054,354.0,100
1719461611420,355.15,25
1719461611420,355.15,25
1719461611420,355.15,25
1719461611420,355.15,25
1719461616865,355.4,50
1719461616865,355.4,50
1719461616865,355.4,50
1719461616865,355.4,50
1719461621406,357.05,25
1719461621406,357.05,25
1719461621406,357.05,25
1719461624494,358.35,25
1719461624494,358.35,25
1719461625092,358.4,25
1719461625092,358.4,25
1719461626619,358.7,25
1719461626619,358.7,25
1719461626619,358.7,25
1719461630465,359.55,100
1719461630722,359.7,100
1719461630722,359.7,100
1719461632358,358.25,50
1719461632358,358.25,50
1719461632358,358.25,50
1719461635269,358.7,25
1719461635269,358.7,25
1719461635269,358.7,25
1719461638061,359.75,50
1719461638061,359.75,50
1719461638061,359.75,50
1719461638061,359.75,50
1719461638061,359.75,50
1719461638061,359.75,50
1719461638061,359.75,50
1719461638061,359.75,50
1719461638061,359.75,50
1719461649361,359.1,25
1719461649361,359.1,25
1719461649361,359.1,25
1719461652928,360.0,175
1719461653338,359.6,75
1719461653338,359.6,75
1719461653338,359.6,75
1719461653338,359.6,75
1719461658173,359.1,125
1719461658173,359.1,125
1719461659801,358.4,25
1719461659801,358.4,25
1719461661668,356.9,25
1719461661668,356.9,25
1719461663500,355.85,25
1719461663578,355.0,25
1719461663868,355.95,25
1719461663868,355.95,25
1719461663868,355.95,25
1719461666538,356.15,125
1719461666875,356.55,175
1719461666875,356.55,175
1719461666875,356.55,175
1719461666875,356.55,175
1719461666875,356.55,175
1719461666875,356.55,175
1719461666875,356.55,175
1719461666875,356.55,175
1719461666875,356.55,175
1719461666875,356.55,175
1719461666875,356.55,175
1719461666875,356.55,175
1719461666875,356.55,175
1719461666875,356.55,175
1719461666875,356.55,175
1719461666875,356.55,175
1719461689503,357.95,75
1719461689792,359.4,25
1719461690219,358.65,100
1719461690219,358.65,100
1719461690219,358.65,100
1719461693400,358.9,25
1719461693400,358.9,25
1719461694833,359.15,50
1719461694981,358.85,25
1719461694981,358.85,25
1719461694981,358.85,25
1719461694981,358.85,25
1719461699932,357.4,125
1719461699932,357.4,125
1719461699932,357.4,125
1719461701251,359.6,50
1719461701251,359.6,50
1719461702971,359.9,50
1719461702971,359.9,50
1719461704945,359.15,375
1719461704945,359.15,375
1719461707179,357.7,75
1719461707739,356.2,50
1719461707739,356.2,50
1719461709111,356.85,25
1719461709111,356.85,25
1719461710333,358.15,125
1719461710333,358.15,125
1719461712324,358.75,25
1719461712324,358.75,25
1719461713464,358.6,25
1719461713960,356.9,75
1719461713960,356.9,75
1719461713960,356.9,75
1719461716971,357.7,25
1719461716971,357.7,25
1719461718408,357.95,25
1719461718721,358.4,25
1719461719059,358.05,25
1719461719059,358.05,25
1719461720001,360.6,25
1719461720001,360.6,25
1719461721606,360.05,25
1719461721606,360.05,25
1719461723553,359.0,25
1719461723553,359.0,25
1719461745292,364.25,25
1719461745292,364.25,25
1719461751474,367.1,25
1719461751474,367.1,25
1719461753764,367.1,25
1719461753764,367.1,25
1719461754322,365.75,25
1719461754322,365.75,25
1719461756310,366.4,25
1719461756310,366.4,25
1719461758382,366.5,25
1719461758382,366.5,25
1719461760201,367.0,50
1719461760201,367.0,50
1719461761118,367.0,25
1719461761939,367.95,25
1719461762725,367.95,125
1719461762725,367.95,125
1719461762725,367.95,125
1719461764544,367.8,225
1719461765307,368.35,50
1719461765495,368.45,25
1719461765495,368.45,25
1719461765495,368.45,25
1719461768035,368.05,150
1719461768176,367.0,25
1719461769072,368.15,25
1719461769760,367.8,25
1719461770300,368.05,100
1719461770300,368.05,100
1719461771521,367.65,50
1719461772645,366.9,25
1719461772645,366.9,25
1719461773426,367.35,50
1719461773426,367.35,50
1719461775041,366.35,25
1719461775041,366.35,25
1719461775041,366.35,25
1719461775041,366.35,25
1719461775041,366.35,25
1719461781246,366.85,150
1719461782396,367.75,75
1719461782396,367.75,75
1719461782755,367.55,125
1719461783835,367.75,125
1719461783835,367.75,125
1719461784631,367.55,125
1719461784631,367.55,125
1719461786709,370.0,25
1719461787671,370.75,25
1719461788601,371.6,25
1719461788601,371.6,25
1719461789790,372.0,25
1719461789790,372.0,25
1719461789790,372.0,25
1719461791697,371.2,25
1719461792160,371.05,25
1719461792858,370.0,25
1719461792858,370.0,25
1719461794589,370.3,25
1719461795600,370.0,100
1719461795600,370.0,100
1719461797170,369.4,50
1719461797170,369.4,50
1719461798131,370.9,25
1719461798588,371.6,25
1719461799526,371.05,25
1719461799526,371.05,25
1719461800125,370.4,125
1719461800125,370.4,125
1719461801175,370.95,25
1719461802060,370.0,25
1719461803798,371.5,25
1719461804314,371.15,25
1719461804314,371.15,25
1719461805155,370.75,100
1719461805155,370.75,100
1719461806286,370.95,25
1719461807782,371.55,75
1719461808867,370.55,125
1719461808867,370.55,125
1719461809694,371.0,50
1719461810742,370.65,225
1719461811039,372.25,125
1719461811906,371.45,125
1719461812581,370.45,25
1719461813696,370.7,25
1719461813835,370.6,25
1719461814755,370.9,25
1719461815457,370.0,25
1719461815457,370.0,25
1719461816998,368.95,25
1719461817004,368.9,25
1719461817004,368.9,25
1719461818599,368.8,25
1719461818599,368.8,25
1719461819713,368.3,25
1719461820378,368.35,75
1719461820378,368.35,75
1719461820378,368.35,75
1719461822032,368.65,150
1719461822719,368.45,25
1719461822958,367.9,50
1719461824428,367.7,100
1719461825560,368.1,25
1719461825560,368.1,25
1719461826982,367.2,25
1719461826982,367.2,25
1719461829236,366.65,100
1719461829676,366.55,50
1719461829676,366.55,50
1719461831030,366.0,50
1719461831483,365.95,50
1719461831483,365.95,50
1719461833780,368.2,25
1719461833780,368.2,25
1719461835502,370.0,25
1719461835780,370.35,25
1719461835780,370.35,25
1719461835780,370.35,25
1719461838817,368.85,25
1719461838817,368.85,25
1719461838817,368.85,25
1719461842507,366.2,25
1719461842507,366.2,25
1719461842507,366.2,25
1719461842507,366.2,25
1719461842507,366.2,25
1719461848619,368.1,100
1719461848619,368.1,100
1719461848619,368.1,100
1719461848619,368.1,100
1719461851635,367.3,50
1719461851635,367.3,50
1719461853576,367.5,75
1719461853576,367.5,75
1719461853576,367.5,75
1719461853576,367.5,75
1719461853576,367.5,75
1719461853576,367.5,75
1719461853576,367.5,75
1719461862983,367.45,25
1719461863661,367.85,100
1719461863661,367.85,100
1719461865917,368.05,25
1719461865917,368.05,25
1719461868031,368.1,100
1719461868031,368.1,100
1719461869841,367.5,25
1719461869841,367.5,25
1719461872270,366.0,100
1719461872270,366.0,100
1719461872270,366.0,100
1719461874597,365.0,25
1719461874597,365.0,25
1719461876519,364.85,25
1719461876519,364.85,25
1719461876519,364.85,25
1719461876519,364.85,25
1719461876519,364.85,25
1719461882225,363.0,25
1719461882359,363.0,25
1719461882359,363.0,25
1719461882359,363.0,25
1719461882359,363.0,25
1719461886517,365.0,25
1719461887632,364.95,25
1719461887632,364.95,25
1719461889004,365.5,25
1719461889004,365.5,25
1719461889004,365.5,25
1719461892632,363.0,25
1719461892632,363.0,25
1719461892992,362.45,25
1719461894289,363.6,25
1719461894289,363.6,25
1719461896036,362.4,100
1719461896036,362.4,100
1719461896036,362.4,100
1719461897936,362.8,25
1719461897936,362.8,25
1719461900911,363.3,50
1719461900911,363.3,50
1719461902003,365.55,25
1719461902003,365.55,25
1719461902003,365.55,25
1719461905979,364.3,25
1719461905979,364.3,25
1719461906726,363.3,25
1719461906726,363.3,25
1719461906726,363.3,25
1719461906726,363.3,25
1719461910627,363.0,25
1719461910627,363.0,25
1719461912244,361.9,25
1719461912490,362.25,25
1719461912490,362.25,25
1719461915250,362.0,75
1719461915487,362.0,125
1719461915487,362.0,125
1719461916694,361.15,25
1719461917345,361.85,25
1719461917345,361.85,25
1719461919002,361.7,25
1719461919002,361.7,25
1719461919002,361.7,25
1719461921788,363.95,25
1719461921788,363.95,25
1719461921788,363.95,25
1719461926019,365.0,25
1719461926019,365.0,25
1719461926019,365.0,25
1719461926019,365.0,25
1719461930366,363.8,25
1719461930366,363.8,25
1719461930366,363.8,25
1719461933285,363.55,25
1719461933285,363.55,25
1719461933285,363.55,25
1719461937519,363.15,25
1719461937932,363.85,50
1719461937932,363.85,50
1719461939753,364.4,50
1719461939753,364.4,50
1719461939753,364.4,50
1719461941193,364.45,50
1719461941193,364.45,50
1719461941193,364.45,50
1719461941193,364.45,50
1719461946315,364.9,25
1719461946315,364.9,25
1719461946315,364.9,25
1719461949408,366.0,25
1719461949551,366.0,25
1719461949551,366.0,25
1719461951407,366.95,25
1719461953046,366.2,25
1719461953046,366.2,25
1719461953046,366.2,25
1719461954925,365.75,25
1719461956078,366.55,25
1719461956257,367.15,25
1719461956257,367.15,25
1719461956257,367.15,25
1719461958807,368.0,400
1719461959230,367.8,25
1719461960698,370.0,25
1719461960698,370.0,25
1719461961866,372.0,25
1719461962590,370.65,50
1719461962590,370.65,50
1719461963431,372.7,25
1719461963431,372.7,25
1719461966054,372.0,25
1719461966054,372.0,25
1719461967208,371.55,25
1719461967745,371.6,25
1719461967745,371.6,25
1719461968896,370.35,100
1719461969806,372.05,50
1719461969972,371.1,25
1719461970651,371.1,25
1719461971320,371.45,100
1719461971623,372.0,25
1719461972590,372.6,25
1719461972944,371.75,75
1719461973458,371.95,25
1719461973458,371.95,25
1719461975058,370.95,25
1719461975581,371.05,25
1719461976404,371.0,25
1719461976701,370.85,25
1719461977395,370.95,25
1719461978126,370.65,100
1719461979043,370.45,25
1719461979770,370.35,25
1719461979770,370.35,25
1719461980536,371.1,50
1719461980536,371.1,50
1719461981763,370.85,25
1719461982829,371.25,25
1719461982829,371.25,25
1719461983572,372.85,25
1719461983572,372.85,25
1719461985247,373.1,25
1719461985247,373.1,25
1719461986700,372.7,25
1719461986700,372.7,25
1719461986700,372.7,25
1719461991249,372.5,25
1719461991249,372.5,25
1719461991473,372.85,25
1719461991473,372.85,25
1719461991473,372.85,25
1719461995022,373.0,25
1719461995022,373.0,25
1719461996788,370.65,25
1719461998047,371.5,25
1719461998047,371.5,25
1719461998532,371.95,25
1719461999456,372.45,25
1719461999456,372.45,25
1719461999456,372.45,25
1719462001584,372.95,25
1719462002281,373.2,25
1719462002347,374.0,100
1719462002347,374.0,100
1719462003741,373.0,25
1719462003741,373.0,25
1719462005200,373.35,25
1719462005787,373.15,25
1719462005787,373.15,25
1719462007464,374.3,25
1719462008067,375.0,100
1719462008723,374.65,25
1719462009216,375.1,25
1719462009216,375.1,25
1719462011067,374.95,100
1719462011067,374.95,100
1719462012248,373.95,25
1719462012733,373.8,25
1719462012733,373.8,25
1719462013600,375.4,25
1719462013600,375.4,25
1719462015683,375.0,25
1719462016198,374.9,25
1719462016198,374.9,25
1719462016745,374.95,150
1719462017908,375.95,25
1719462018077,375.95,25
1719462019055,375.75,25
1719462019409,375.4,25
1719462019865,375.65,25
1719462020536,376.0,100
1719462020536,376.0,100
1719462021896,374.95,25
1719462022825,373.9,25
1719462022825,373.9,25
1719462023656,372.45,25
1719462024625,372.45,25
1719462025016,372.0,25
1719462026079,373.0,25
1719462026254,372.85,25
1719462026805,372.45,75
1719462027342,372.05,75
1719462028040,371.45,125
1719462028805,372.25,25
1719462029513,372.55,25
1719462029513,372.55,25
1719462029513,372.55,25
1719462031315,373.4,25
1719462032292,373.65,25
1719462033094,373.65,25
1719462034321,373.15,25
1719462034321,373.15,25
1719462034900,373.15,75
1719462035466,373.05,25
1719462035466,373.05,25
1719462036915,373.75,50
1719462037677,372.7,25
1719462038106,372.7,25
1719462038891,373.6,50
1719462039032,372.95,25
1719462039032,372.95,25
1719462040617,373.85,75
1719462041132,373.45,25
1719462042094,372.35,50
1719462042822,372.35,25
1719462042822,372.35,25
1719462043855,372.6,50
1719462043855,372.6,50
1719462045052,372.1,25
1719462045609,372.6,25
1719462045609,372.6,25
1719462045609,372.6,25
1719462045609,372.6,25
1719462049990,373.1,25
1719462050411,374.65,25
1719462050411,374.65,25
1719462052611,375.2,25
1719462052611,375.2,25
1719462054357,375.1,25
1719462054357,375.1,25
1719462055592,375.05,25
1719462055592,375.05,25
1719462055592,375.05,25
1719462058707,372.0,25
1719462058707,372.0,25
1719462060127,373.35,25
1719462060127,373.35,25
1719462061091,374.3,25
1719462061091,374.3,25
1719462061091,374.3,25
1719462064208,373.35,25
1719462064208,373.35,25
1719462064957,372.65,25
1719462064957,372.65,25
1719462068064,372.6,25
1719462068064,372.6,25
1719462069728,373.0,25
1719462069874,373.0,25
1719462069874,373.0,25
1719462072298,372.25,25
1719462072298,372.25,25
1719462072298,372.25,25
1719462072298,372.25,25
1719462077506,372.35,50
1719462077506,372.35,50
1719462079150,372.45,25
1719462079408,372.5,25
1719462079408,372.5,25
1719462080539,372.25,25
1719462080539,372.25,25
1719462082116,372.25,25
1719462082785,370.0,75
1719462083186,369.8,25
1719462083595,370.6,50
1719462083595,370.6,50
1719462084699,369.85,25
1719462085565,369.75,25
1719462085565,369.75,25
1719462087540,370.45,25
1719462087952,370.45,50
1719462088630,371.05,25
1719462088630,371.05,25
1719462088630,371.05,25
1719462088630,371.05,25
1719462091447,370.5,25
1719462092135,369.75,100
1719462092843,370.3,25
1719462093899,369.2,25
1719462094448,369.2,25
1719462094887,368.35,25
1719462096193,369.3,25
1719462096193,369.3,25
1719462096763,369.3,25
1719462096763,369.3,25
1719462096763,369.3,25
1719462096763,369.3,25
1719462096763,369.3,25
1719462103729,369.15,25
1719462103729,369.15,25
1719462104825,369.9,50
1719462105592,369.25,25
1719462105592,369.25,25
1719462107130,367.75,25
1719462107130,367.75,25
1719462108507,369.6,25
1719462109323,370.25,75
1719462109323,370.25,75
1719462109323,370.25,75
1719462111761,370.2,25
1719462111761,370.2,25
1719462113181,371.95,25
1719462113680,370.7,50
1719462113680,370.7,50
1719462115367,370.0,25
1719462115367,370.0,25
1719462117176,369.0,25
1719462117473,369.55,25
1719462117473,369.55,25
1719462118668,369.05,150
1719462119651,368.25,25
1719462119651,368.25,25
1719462119651,368.25,25
1719462119651,368.25,25
1719462121351,368.9,25
1719462121820,367.85,25
1719462122823,367.95,75
1719462122823,367.95,75
1719462123522,367.85,25
1719462124202,367.6,75
1719462124202,367.6,75
1719462124202,367.6,75
1719462128001,367.15,50
1719462128001,367.15,50
1719462128827,366.8,25
1719462128827,366.8,25
1719462128827,366.8,25
1719462128827,366.8,25
1719462133145,366.15,25
1719462133952,367.7,100
1719462133952,367.7,100
1719462136006,368.2,25
1719462136994,368.05,75
1719462137877,367.75,50
1719462137877,367.8,50
1719462137877,367.8,50
1719462140487,365.8,25
1719462140487,365.8,25
1719462142118,366.0,25
1719462142215,366.0,50
1719462142215,366.0,50
1719462142215,366.0,50
1719462145088,364.8,25
1719462145686,365.25,25
1719462145686,365.25,25
1719462145686,365.25,25
1719462148342,367.8,25
1719462149622,367.6,25
1719462149622,367.6,25
1719462149622,367.6,25
1719462151490,366.5,25
1719462152074,366.15,25
1719462152074,366.15,25
1719462152074,366.15,25
1719462155084,367.5,25
1719462155936,367.45,25
1719462156269,367.45,25
1719462156269,367.45,25
1719462157601,367.75,25
1719462157601,367.75,25
1719462158007,367.25,25
1719462158007,367.25,25
1719462158007,367.25,25
1719462158007,367.25,25
1719462164671,365.55,25
1719462164671,365.55,25
1719462167516,365.0,25
1719462167516,365.0,25
1719462168466,365.55,50
1719462169670,362.85,25
1719462169670,362.85,25
1719462170522,364.65,25
1719462171252,364.3,25
1719462171252,364.3,25
1719462172895,365.05,25
1719462172895,365.05,25
1719462173799,366.1,25
1719462174377,366.85,25
1719462174915,367.45,25
1719462175571,367.55,25
1719462176029,367.55,25
1719462176029,367.55,25
1719462176029,367.55,25
1719462178159,364.55,25
1719462178159,364.55,25
1719462178159,364.55,25
1719462178159,364.55,25
1719462178159,364.55,25
1719462183711,363.25,25
1719462184695,362.5,275
1719462184695,362.5,275
1719462184695,362.5,275
1719462184695,362.5,275
1719462184695,362.5,275
1719462184695,362.5,275
1719462190090,362.8,25
1719462190090,362.8,25
1719462191917,363.7,25
1719462191917,363.7,25
1719462193491,363.95,25
1719462193841,362.6,25
1719462193841,362.6,25
1719462193841,362.6,25
1719462196856,362.85,25
1719462196856,362.85,25
1719462196856,362.85,25
1719462196856,362.85,25
1719462196856,362.85,25
1719462204406,365.7,25
1719462204406,365.7,25
1719462205991,365.8,25
1719462205991,365.8,25
1719462207062,365.65,100
1719462208099,364.9,25
1719462208431,365.3,75
1719462208666,364.4,50
1719462208666,364.4,50
1719462208666,364.4,50
1719462210656,364.45,50
1719462210990,364.5,25
1719462211092,363.85,25
1719462211968,364.2,25
1719462212969,364.75,25
1719462212969,364.75,25
1719462214007,364.6,25
1719462214684,364.0,25
1719462214684,364.0,25
1719462215831,364.05,50
1719462215831,364.05,50
1719462216846,364.5,25
1719462217982,364.5,75
1719462217982,364.5,75
1719462219565,365.3,25
1719462219565,365.3,25
1719462220321,365.85,25
1719462220938,365.6,25
1719462221322,365.25,100
1719462222004,364.6,150
1719462222004,364.6,150
1719462224348,364.65,100
1719462224596,364.55,25
1719462224596,364.55,25
1719462225079,364.55,75
1719462226254,365.65,25
1719462226425,365.6,25
1719462227956,365.2,25
1719462227956,365.2,25
1719462228488,364.95,25
1719462229499,364.95,25
1719462229499,364.95,25
1719462230901,363.85,25
1719462231280,364.15,25
1719462231280,364.15,25
1719462233104,363.15,25
1719462234207,364.05,25
1719462234440,364.05,25
1719462235001,364.05,25
1719462235513,364.0,25
1719462236280,363.9,75
1719462236849,363.45,25
1719462237801,363.0,25
1719462237801,363.0,25
1719462238923,363.25,100
1719462239355,363.1,25
1719462240210,363.75,100
1719462240210,363.75,100
1719462240458,363.85,25
1719462240458,363.85,25
1719462242133,364.85,50
1719462242133,364.85,50
1719462244084,365.35,25
1719462244084,365.35,25
1719462246439,366.0,225
1719462247059,365.95,25
1719462247059,365.95,25
1719462248234,365.85,25
1719462249676,365.15,25
1719462249676,365.15,25
1719462251149,365.2,100
1719462252025,365.7,25
1719462252999,364.6,25
1719462253219,365.3,25
1719462253698,365.25,50
1719462254809,365.95,25
1719462255017,365.95,25
1719462255841,365.95,50
1719462256375,365.5,25
1719462256885,365.6,25
1719462257923,365.85,50
1719462259016,365.0,25
1719462259738,365.65,50
1719462259738,365.65,50
1719462261222,365.5,50
1719462261222,365.5,50
1719462261222,365.5,50
1719462263147,365.6,25
1719462264352,366.6,25
1719462264616,366.6,75
1719462264616,366.6,75
1719462264616,366.6,75
1719462267649,367.3,25
1719462268078,367.3,75
1719462268644,366.45,25
1719462269542,367.75,25
1719462269952,367.15,25
1719462270305,367.15,50
1719462270305,367.15,50
1719462270305,367.15,50
1719462272699,366.95,25
1719462272957,366.95,50
1719462272957,366.95,50
1719462274984,366.95,75
1719462276118,367.25,25
1719462276443,367.25,25
1719462276443,367.25,25
1719462277969,368.75,25
1719462279875,368.65,25
1719462279875,368.65,25
1719462280519,369.15,25
1719462281457,369.8,75
1719462282053,369.6,100
1719462282961,369.05,25
1719462282961,369.05,25
1719462284940,368.25,25
1719462285559,368.25,25
1719462286087,368.55,25
1719462286846,368.55,25
1719462286846,368.55,25
1719462289368,369.0,25
1719462289837,370.15,50
1719462289991,370.15,25
1719462291015,370.7,25
1719462291015,370.7,25
1719462292820,371.05,25
1719462292820,371.05,25
1719462293737,369.6,25
1719462294168,369.55,25
1719462294168,369.55,25
1719462296335,369.25,75
1719462296335,369.25,75
1719462297059,369.9,50
1719462297059,369.9,50
1719462299418,370.4,100
1719462299418,370.4,100
1719462299418,370.4,100
1719462301260,370.5,25
1719462301478,371.7,50
1719462301478,371.7,50
1719462302853,371.2,25
1719462302853,371.2,25
1719462303210,370.55,25
1719462303210,370.55,25
1719462305841,371.1,25
1719462305992,371.1,25
1719462305992,371.1,25
1719462306842,370.9,25
1719462307989,371.85,75
1719462307989,371.85,75
1719462308919,372.0,25
1719462309468,370.8,25
1719462309468,370.8,25
1719462311012,370.95,25
1719462311012,370.95,25
1719462312046,373.0,50
1719462313048,373.3,25
1719462314120,373.4,75
1719462314898,373.85,25
1719462315218,373.25,25
1719462316051,373.35,50
1719462316412,372.35,25
1719462316412,372.35,25
1719462318072,373.5,50
1719462318115,373.5,25
1719462318884,372.75,25
1719462319493,372.9,25
1719462319493,372.9,25
1719462320878,372.6,25
1719462320878,372.6,25
1719462321856,373.2,25
1719462322955,372.55,150
1719462322955,372.55,150
1719462323825,372.8,25
1719462324576,373.4,25
1719462324576,373.4,25
1719462325628,372.05,25
1719462325628,372.05,25
1719462327102,372.8,25
1719462328091,373.4,25
1719462328091,373.4,25
1719462328975,374.2,75
1719462329796,373.6,25
1719462329796,373.6,25
1719462330354,374.85,25
1719462330884,373.95,25
1719462330884,373.95,25
1719462331846,373.5,25
1719462332615,372.95,25
1719462332615,372.95,25
1719462333825,372.9,25
1719462334484,373.65,25
1719462334484,373.65,25
1719462335282,373.75,25
1719462336346,374.15,50
1719462336346,374.15,50
1719462338138,372.35,50
1719462338822,372.3,25
1719462339906,372.85,25
1719462339906,372.85,25
1719462341449,372.65,25
1719462341449,372.65,25
1719462341596,372.4,25
1719462341596,372.4,25
1719462343758,373.25,25
1719462343967,373.25,25
1719462343967,373.25,25
1719462345469,373.5,25
1719462346264,372.9,25
1719462346264,372.9,25
1719462346959,373.1,25
1719462347337,372.9,25
1719462348710,372.8,25
1719462349556,372.9,25
1719462350102,373.3,25
1719462350239,373.3,25
1719462350239,373.3,25
1719462352010,373.3,25
1719462352811,372.7,50
1719462354064,371.55,50
1719462354940,373.25,75
1719462355849,371.95,25
1719462356358,371.75,25
1719462356358,371.75,25
1719462357879,372.55,50
1719462358205,371.9,25
1719462359034,371.45,25
1719462360011,371.85,25
1719462360011,371.85,25
1719462360011,371.85,25
1719462361011,371.7,100
1719462361477,372.15,25
1719462362065,372.2,50
1719462362599,371.45,25
1719462364110,371.65,25
1719462364828,370.95,25
1719462364828,370.95,25
1719462366052,371.15,25
1719462366432,370.85,50
1719462367115,369.9,25
1719462368271,369.9,25
1719462368409,369.9,25
1719462368942,369.9,25
1719462369845,369.95,25
1719462370513,371.25,50
1719462371750,371.45,25
1719462371923,371.45,25
1719462372946,372.2,25
1719462372946,372.2,25
1719462374082,372.15,25
1719462374675,372.15,25
1719462374675,372.15,25
1719462376002,372.1,25
1719462376655,372.35,50
1719462376655,372.35,50
1719462378086,371.55,100
1719462378086,371.55,100
1719462378086,371.55,100
1719462381278,369.15,25
1719462381752,369.0,25
1719462381909,369.75,25
1719462383119,370.65,25
1719462383379,370.65,75
1719462384110,370.45,25
1719462385017,370.7,25
1719462385376,370.8,25
1719462385376,370.8,25
1719462385376,370.8,25
1719462388763,370.05,25
1719462389269,370.35,25
1719462389610,369.35,25
1719462390374,369.3,25
1719462390374,369.3,25
1719462390374,369.3,25
1719462390374,369.3,25
1719462393905,370.4,25
1719462394061,370.7,150
1719462394982,371.05,25
1719462396123,371.85,25
1719462396749,372.05,25
1719462397053,372.35,50
1719462397438,372.6,25
1719462398424,372.65,25
1719462399064,373.1,75
1719462400055,375.5,25
1719462400267,375.8,25
1719462401115,378.3,100
1719462401413,379.3,50
1719462402104,379.65,25
1719462403305,379.5,25
1719462403435,379.5,25
1719462404020,379.5,25
1719462404816,378.9,50
1719462405107,378.9,25
1719462406301,379.0,25
1719462406799,378.75,25
1719462406799,378.75,25
1719462408323,381.9,25
1719462408471,382.65,75
1719462409152,382.85,25
1719462410111,381.7,125
1719462411187,382.15,25
1719462411187,382.15,25
1719462412221,382.6,100
1719462413144,382.45,50
1719462413348,382.7,25
1719462414257,382.95,25
1719462414896,384.1,25
1719462415155,384.9,25
1719462416032,385.9,25
1719462416533,386.3,25
1719462417333,386.9,25
1719462418288,387.7,25
1719462418288,387.7,25
1719462419470,387.6,25
1719462419567,387.85,25
1719462420363,389.0,25
1719462421332,391.05,25
1719462421873,393.35,50
1719462422356,393.4,25
1719462423470,393.15,50
1719462423470,393.15,50
1719462424508,391.8,125
1719462425117,392.1,75
1719462425378,391.7,25
1719462426161,391.9,25
1719462426862,392.05,25
1719462426949,391.65,25
1719462428129,390.35,75
1719462429140,391.45,25
1719462429538,391.7,25
1719462429538,391.7,25
1719462430841,390.35,25
1719462430841,390.35,25
1719462432919,390.35,25
1719462433136,390.0,25
1719462433340,390.0,50
1719462433906,390.3,25
1719462434764,391.65,25
1719462435601,391.85,25
1719462436341,391.95,25
1719462436933,392.2,25
1719462437618,392.6,25
1719462438195,392.5,50
1719462438195,392.5,50
1719462440061,391.1,25
1719462440154,390.55,25
1719462441128,390.4,25
1719462441795,391.45,25
1719462441795,391.45,25
1719462443119,391.1,50
1719462443119,391.1,50
1719462443713,391.6,25
1719462444617,392.5,25
1719462444617,392.5,25
1719462445709,392.7,25
1719462446310,392.45,50
1719462446310,392.45,50
1719462447689,391.75,25
1719462447689,391.75,25
1719462448670,391.8,25
1719462450009,390.55,25
1719462450009,390.55,25
1719462451365,391.7,50
1719462451781,391.5,100
1719462451781,391.5,100
1719462453172,389.4,25
1719462453279,389.8,25
1719462453279,389.8,25
1719462455174,390.85,50
1719462455174,390.85,50
1719462455174,390.85,50
1719462457705,391.25,25
1719462458126,390.95,25
1719462458126,390.95,25
1719462459441,390.5,25
1719462460055,391.0,25
1719462460055,391.0,25
1719462461065,390.85,50
1719462461640,391.7,25
1719462462294,392.7,100
1719462463329,393.55,25
1719462463329,393.55,25
1719462463945,393.6,25
1719462465175,392.25,50
1719462466379,395.0,25
1719462466610,395.0,25
1719462467239,396.55,25
1719462468405,396.55,25
1719462469191,396.5,25
1719462470189,397.9,25
1719462470256,397.3,75
1719462471351,398.25,25
1719462471982,400.45,25
1719462472185,400.15,25
1719462473303,401.35,25
1719462473303,401.35,25
1719462474086,400.9,25
1719462474525,400.95,25
1719462474525,400.95,25
1719462476301,401.4,25
1719462477000,403.2,75
1719462477264,403.2,25
1719462478236,401.85,25
1719462478602,400.75,25
1719462478602,400.75,25
1719462480031,400.7,25
1719462480031,400.7,25
1719462481457,404.55,50
1719462481457,404.55,50
1719462482565,406.25,25
1719462483268,407.1,25
1719462483268,407.1,25
1719462484297,405.35,75
1719462485165,406.25,25
1719462485269,406.05,25
1719462486128,405.9,25
1719462487012,405.95,25
1719462487012,405.95,25
1719462488588,404.0,25
1719462489151,404.75,25
1719462489986,405.65,25
1719462490830,404.65,50
1719462491954,406.1,25
1719462491954,406.1,25
1719462492754,405.9,25
1719462492754,405.9,25
1719462492754,405.9,25
1719462495598,404.05,50
1719462496083,404.1,75
1719462496083,404.1,75
1719462497378,404.05,25
1719462498128,404.3,25
1719462498537,403.45,25
1719462498976,403.3,25
1719462499829,400.45,25
1719462500463,401.1,25
1719462501905,401.65,25
1719462501905,401.65,25
1719462502758,402.65,25
1719462503284,402.75,25
1719462503284,402.75,25
1719462505070,403.55,25
1719462505909,405.1,50
1719462506812,405.75,25
1719462506812,405.75,25
1719462507548,405.6,125
1719462508636,405.65,75
1719462509070,404.8,25
1719462509918,405.4,75
1719462509918,405.4,75
1719462511118,405.1,125
1719462511118,405.1,125
1719462512320,405.5,25
1719462512999,406.0,250
1719462512999,406.0,250
1719462514276,406.9,25
1719462514883,406.0,25
1719462514883,406.0,25
1719462516132,406.0,25
1719462516736,406.05,25
1719462516736,406.05,25
1719462518286,406.0,475
1719462518538,406.1,25
1719462518677,405.1,25
1719462518677,405.1,25
1719462521886,403.8,25
1719462522143,403.25,25
1719462522658,403.5,100
1719462523593,402.9,25
1719462524413,403.25,25
1719462524434,403.4,25
1719462524434,403.4,25
1719462526085,402.9,25
1719462526592,403.25,75
1719462527092,403.5,25
1719462527430,403.1,25
1719462528351,401.5,25
1719462529132,401.3,25
1719462529132,401.3,25
1719462530588,400.95,25
1719462530692,401.1,25
1719462531515,402.5,25
1719462531515,402.5,25
1719462533474,401.95,25
1719462533474,401.95,25
1719462534188,401.65,100
1719462534655,402.55,50
1719462534655,402.55,50
1719462536129,402.7,25
1719462537092,402.75,25
1719462537103,402.75,25
1719462538342,403.6,50
1719462538463,403.7,25
1719462538463,403.7,25
1719462538463,403.7,25
1719462538463,403.7,25
1719462541025,402.95,25
1719462541025,402.95,25
1719462541899,404.3,25
1719462542416,405.2,25
1719462542416,405.2,25
1719462543560,405.0,25
1719462544249,404.5,25
1719462544249,404.5,25
1719462545677,403.6,25
1719462546060,404.45,25
1719462546384,403.4,25
1719462546384,403.4,25
1719462547524,402.75,25
1719462547524,402.75,25
1719462549464,403.95,25
1719462549464,403.95,25
1719462549464,403.95,25
1719462552459,405.0,25
1719462552784,404.4,25
1719462553587,404.75,25
1719462553587,404.75,25
1719462555241,405.6,25
1719462555241,405.6,25
1719462555723,405.35,25
1719462556608,406.6,25
1719462556941,406.55,25
1719462558210,406.6,25
1719462558335,406.15,75
1719462558335,406.15,75
1719462560085,407.0,25
1719462560085,407.0,25
1719462560916,405.5,25
1719462560916,405.5,25
1719462562223,406.45,25
1719462563412,405.7,25
1719462563412,405.7,25
1719462564176,406.15,50
1719462564837,406.75,25
1719462564837,406.75,25
1719462565433,405.9,25
1719462565433,405.9,25
1719462567020,405.6,25
1719462568484,406.5,50
1719462568809,407.0,25
1719462570185,407.0,500
1719462570185,407.0,500
1719462570185,407.0,500
1719462571444,407.0,200
1719462571905,406.85,25
1719462571905,406.85,25
1719462573398,406.9,50
1719462573606,406.9,25
1719462573606,406.9,25
1719462575231,406.45,25
1719462575231,406.45,25
1719462575934,405.6,25
1719462576843,405.0,75
1719462576843,405.0,75
1719462577582,405.3,25
1719462578571,403.9,25
1719462578571,403.9,25
1719462580322,404.25,150
1719462581107,403.9,150
1719462581107,403.9,150
1719462581107,403.9,150
1719462584378,404.25,25
1719462584782,405.55,50
1719462584782,405.55,50
1719462584782,405.55,50
1719462587791,405.3,100
1719462587791,405.3,100
1719462589518,406.2,25
1719462590378,405.85,25
1719462591614,405.45,25
1719462591614,405.45,25
1719462592605,405.65,25
1719462592708,405.3,25
1719462593772,406.1,25
1719462594225,405.75,25
1719462595079,406.6,50
1719462595079,406.6,50
1719462596139,405.1,25
1719462596139,405.1,25
1719462597434,404.85,25
1719462598537,406.1,50
1719462598537,406.1,50
1719462599435,406.3,25
1719462600380,408.25,25
1719462600380,408.25,25
1719462601484,409.25,25
1719462601697,409.1,25
1719462601697,409.1,25
1719462602896,409.05,25
1719462603743,407.3,25
1719462603743,407.3,25
1719462605175,407.0,25
1719462605175,407.0,25
1719462606292,406.45,25
1719462606292,406.45,25
1719462607072,406.55,25
1719462608041,405.95,25
1719462608525,407.0,25
1719462609018,407.4,25
1719462609845,406.4,25
1719462609845,406.4,25
1719462609845,406.4,25
1719462612627,406.9,50
1719462613332,407.1,75
1719462613332,407.1,75
1719462614446,406.9,25
1719462615215,407.8,50
1719462615632,408.0,25
1719462616109,407.4,25
1719462616676,407.2,100
1719462617265,406.75,25
1719462618382,406.6,25
1719462618667,406.6,100
1719462619395,405.65,125
1719462620316,404.0,25
1719462621196,404.95,25
1719462621728,404.95,75
1719462622297,404.1,25
1719462623102,404.1,25
1719462623774,404.1,25
1719462624129,404.1,75
1719462625032,403.7,75
1719462625032,403.7,75
1719462626247,403.5,25
1719462626938,403.95,25
1719462626938,403.95,25
1719462628326,405.55,50
1719462628755,405.75,25
1719462629084,405.65,25
1719462630062,405.8,25
1719462630062,405.8,25
1719462630616,405.9,25
1719462631717,406.3,25
1719462632250,407.0,75
1719462633102,407.55,25
1719462633701,408.3,25
1719462633843,407.95,25
1719462634647,408.05,25
1719462636387,409.0,650
1719462636826,408.6,25
1719462637194,409.5,125
1719462638172,409.15,25
1719462638787,409.15,25
1719462639252,408.85,25
1719462640409,407.9,25
1719462641214,408.3,25
1719462641214,408.3,25
1719462642659,408.05,25
1719462643338,407.55,75
1719462643810,406.6,25
1719462644309,406.5,25
1719462645236,408.0,25
1719462646120,408.3,25
1719462646120,408.3,25
1719462647367,409.3,25
1719462647835,408.4,25
1719462648710,409.15,25
1719462649116,409.75,50
1719462650222,408.1,25
1719462650222,408.1,25
1719462651128,408.55,50
1719462651128,408.55,50
1719462652283,409.1,25
1719462652915,409.1,25
1719462652915,409.1,25
1719462653938,409.5,50
1719462654954,408.6,75
1719462654954,408.6,75
1719462656073,408.55,25
1719462656073,408.55,25
1719462657558,409.35,25
1719462658155,410.7,25
1719462658676,410.0,25
1719462658676,410.0,25
1719462659826,412.15,25
1719462661329,413.4,25
1719462661777,413.8,25
1719462662499,415.0,225
1719462663566,414.75,25
1719462704737,419.95,25
1719462705288,420.8,25
1719462705522,420.0,25
1719462705632,420.35,50
1719462706716,420.0,25
1719462706716,420.0,25
1719462708460,420.0,25
1719462708460,420.0,25
1719462709459,420.7,100
1719462709574,420.5,50
1719462709574,420.5,50
1719462711475,421.0,25
1719462711666,421.0,25
1719462711666,421.0,25
1719462712715,420.85,25
1719462713905,422.75,25
1719462714107,421.9,100
1719462715206,422.85,25
1719462716458,423.35,25
1719462716548,422.5,25
1719462716548,422.5,25
1719462717965,422.6,25
1719462718811,423.45,25
1719462719076,424.0,25
1719462720057,423.75,25
1719462720057,423.75,25
1719462720057,423.75,25
1719462721362,426.4,50
1719462722087,428.0,75
1719462722255,428.45,25
1719462723020,429.6,50
1719462723857,428.85,25
1719462724142,429.35,25
1719462725460,427.65,100
1719462725460,427.65,100
1719462726638,428.35,100
1719462726978,428.55,25
1719462727335,428.0,50
1719462728420,428.75,25
1719462728996,429.35,25
1719462728996,429.35,25
1719462730569,427.55,25
1719462731472,429.5,25
1719462732369,428.25,25
1719462732369,428.25,25
1719462732837,428.3,25
1719462732837,428.3,25
1719462734372,429.05,25
1719462735088,428.05,25
1719462735088,428.05,25
1719462736239,428.15,25
1719462736239,428.15,25
1719462737575,427.5,75
1719462738414,426.75,25
1719462738414,426.75,25
1719462739285,428.35,25
1719462740543,428.0,25
1719462741510,426.05,125
1719462742124,425.75,50
1719462743227,427.05,100
1719462743227,427.05,100
1719462744780,426.55,25
1719462744780,426.55,25
1719462746071,427.75,50
1719462746805,425.7,25
1719462746805,425.7,25
1719462747497,426.95,50
1719462747497,426.95,50
1719462749094,426.7,25
1719462749094,426.7,25
1719462749094,426.7,25
1719462750726,426.0,25
1719462751328,426.0,50
1719462752124,427.0,100
1719462753878,428.45,25
1719462753878,428.45,25
1719462754734,426.65,25
1719462754734,426.65,25
1719462756437,426.45,25
1719462757003,427.95,25
1719462758753,426.85,150
1719462758933,426.2,25
1719462758933,426.2,25
1719462759352,426.35,25
1719462759352,426.35,25
1719462761000,425.55,25
1719462761000,425.55,25
1719462762492,426.65,25
1719462762576,425.95,25
1719462763990,425.0,50
1719462763990,425.0,50
1719462764803,424.95,50
1719462766113,425.35,25
1719462766872,425.35,25
1719462766872,425.35,25
1719462768458,425.0,50
1719462768845,425.0,25
1719462769093,425.55,25
1719462770178,425.55,25
1719462770395,425.55,25
1719462770696,425.3,25
1719462772360,428.85,25
1719462772536,429.7,25
1719462773453,430.7,25
1719462773941,430.55,25
1719462773941,430.55,25
1719462775492,429.35,25
1719462775492,429.35,25
1719462775947,430.9,25
1719462777378,428.9,25
1719462778163,428.85,25
1719462779046,427.85,25
1719462779046,427.85,25
1719462779046,427.85,25
1719462780666,429.5,25
1719462780666,429.5,25
1719462780932,429.9,25
1719462782428,431.55,75
1719462782428,431.55,75
1719462782428,431.55,75
1719462784177,433.35,25
1719462785301,433.35,25
1719462785301,433.35,25
1719462786418,433.75,25
1719462786871,433.0,25
1719462786871,433.0,25
1719462789920,434.0,250
1719462790147,434.0,25
1719462791261,434.9,25
1719462791869,434.2,25
1719462791869,434.2,25
1719462793776,433.35,50
1719462793797,433.85,25
1719462793797,433.85,25
1719462793797,433.85,25
1719462796704,432.2,25
1719462797139,433.4,25
1719462797586,432.7,25
1719462797586,432.7,25
1719462799316,432.2,25
1719462800449,433.3,25
1719462801335,434.0,25
1719462802100,433.45,25
1719462802100,433.45,25
1719462805085,432.95,25
1719462805085,432.95,25
1719462806260,433.3,200
1719462806486,431.0,75
1719462806486,431.0,75
1719462807764,431.15,25
1719462807764,431.15,25
1719462810138,428.2,25
1719462810336,429.0,25
1719462810446,429.6,25
1719462810446,429.6,25
1719462810879,428.95,25
1719462810879,428.95,25
1719462812758,427.0,25
1719462813449,428.8,25
1719462813997,429.15,25
1719462813997,429.15,25
1719462814993,427.0,25
1719462814993,427.0,25
1719462814993,427.0,25
1719462817808,426.4,50
1719462818372,426.65,25
1719462818922,426.0,75
1719462818922,426.0,75
1719462819824,425.0,25
1719462820423,425.0,150
1719462820423,425.0,150
1719462822361,424.85,25
1719462822361,424.85,25
1719462823164,425.35,25
1719462823164,425.35,25
1719462824969,423.95,25
1719462825189,424.35,25
1719462825487,426.05,25
1719462826517,424.9,25
1719462826517,424.9,25
1719462826517,424.9,25
1719462829633,425.0,225
1719462829633,425.0,225
1719462831718,425.45,25
1719462832424,425.65,25
1719462832719,426.95,25
1719462832719,426.95,25
1719462834394,425.9,25
1719462835662,426.85,25
1719462835662,426.85,25
1719462835662,426.85,25
1719462839230,426.65,25
1719462839653,427.25,25
1719462839653,427.25,25
1719462839653,427.25,25
1719462842582,427.85,25
1719462842888,428.65,25
1719462843970,427.9,25
1719462843970,427.9,25
1719462844845,428.35,25
1719462844845,428.35,25
1719462845916,429.0,25
1719462845916,429.0,25
1719462848771,427.15,100
1719462848771,427.15,100
1719462850519,426.95,25
1719462850519,426.95,25
1719462852378,428.2,25
1719462852378,428.2,25
1719462855270,428.75,25
1719462855270,428.75,25
1719462856845,426.7,25
1719462856845,426.7,25
1719462858084,426.85,50
1719462858761,426.9,25
1719462858761,426.9,25
1719462859318,426.8,50
1719462859858,427.25,25
1719462860826,426.8,25
1719462860826,426.8,25
1719462862409,427.85,25
1719462863257,428.2,75
1719462863257,428.2,75
1719462864327,428.35,25
1719462864327,428.35,25
1719462864327,428.35,25
1719462864327,428.35,25
1719462985780,431.55,50
1719462985780,431.55,50
1719462987940,430.05,25
1719462988449,430.8,300
1719463009216,430.35,25
1719463010107,432.05,25
1719463010732,430.75,25
1719463011550,431.25,25
1719463011550,431.25,25
1719463013598,431.4,25
1719463013598,431.4,25
1719463014810,431.0,100
1719463014894,430.8,425
1719463014894,430.8,425
1719463016310,431.1,375
1719463017529,432.75,125
1719463017896,431.35,25
1719463018462,432.25,25
1719463019423,433.0,500
1719463019506,433.15,25
1719463020397,433.15,25
1719463020764,433.55,25
1719463021399,433.5,150
1719463022525,435.0,225
1719463022525,435.0,225
1719463024085,435.45,25
1719463024517,435.15,25
1719463024517,435.15,25
1719463026143,436.6,50
1719463026384,434.95,25
1719463104412,431.55,25
1719463105949,431.6,25
1719463105949,431.6,25
1719463107108,432.75,50
1719463107715,431.95,25
1719463107811,431.95,125
1719463107811,431.95,125
1719463107811,431.95,125
1719463109975,430.55,75
1719463110175,430.35,25
1719463110175,430.35,25
1719463110175,430.35,25
1719463112765,431.85,175
1719463112765,431.85,175
1719463114047,430.65,25
1719463114434,430.65,175
1719463114434,430.65,175
1719463115440,429.85,25
1719463116045,430.35,25
1719463116647,430.85,25
1719463117033,431.6,25
1719463117033,431.6,25
1719463118337,431.85,100
1719463119113,431.2,25
1719463119113,431.2,25
1719463119798,431.8,50
1719463121254,432.85,25
1719463121622,435.75,25
1719463122677,435.2,125
1719463122849,435.35,25
1719463123509,435.2,25
1719463124537,436.1,25
1719463124537,436.1,25
1719463125511,434.85,25
1719463126223,435.65,50
1719463126487,436.2,75
1719463127610,436.5,75
1719463127887,436.85,25
1719463128907,434.15,25
1719463129573,433.5,25
1719463129706,432.85,50
1719463130516,433.1,25
1719463130516,433.1,25
1719463131551,432.05,25
1719463132257,432.15,25
1719463132257,432.15,25
1719463133338,433.8,125
1719463134316,432.9,100
1719463134685,432.85,25
1719463134844,432.8,25
1719463136607,432.45,25
1719463137050,433.75,100
1719463137050,433.75,100
1719463138170,433.95,25
1719463139487,435.95,25
1719463235669,433.8,50
1719463320550,438.45,25
1719463321444,440.0,200
1719463321886,439.7,75
1719463322425,440.2,50
1719463322425,440.2,50
1719463323180,440.55,25
1719463324659,441.45,25
1719463326445,440.4,25
1719463326445,440.4,25
1719463328566,439.25,25
1719463329784,440.35,25
1719463330334,439.75,25
1719463330334,439.75,25
1719463331602,440.25,175
1719463332774,439.8,25
1719463332774,439.8,25
1719463334150,439.6,25
1719463334811,439.2,25
1719463335266,439.0,25
1719463335266,439.0,25
1719463336856,438.8,25
1719463337370,438.8,25
1719463337370,438.8,25
1719463338305,440.0,600
1719463339496,438.85,25
1719463339696,438.75,50
1719463340303,438.9,25
1719463341196,439.35,25
1719463341747,439.1,25
1719463342157,439.2,25
1719463342908,440.0,25
1719463343646,439.5,50
1719463343646,439.5,50
1719463345800,438.85,75
1719463346259,438.8,25
1719463346571,439.3,25
1719463347491,438.6,25
1719463347491,438.6,25
1719463349244,438.4,25
1719463349747,439.05,25
1719463350237,439.85,25
1719463350679,440.05,25
1719463351205,439.4,25
1719463351205,439.4,25
1719463352612,439.2,25
1719463353078,439.3,25
1719463353345,439.5,25
1719463354444,439.4,25
1719463354444,439.4,25
1719463355129,441.0,25
1719463356185,441.05,50
1719463356882,441.2,25
1719463357812,441.75,25
1719463357812,441.75,25
1719463358784,442.25,25
1719463359490,442.0,125
1719463359915,442.75,25
1719463359915,442.75,25
1719463359915,442.75,25
1719463362391,442.1,25
1719463362972,442.0,25
1719463363290,442.0,275
1719463364228,442.05,25
1719463364228,442.05,25
1719463365864,442.5,150
1719463365864,442.5,150
1719463367038,443.0,25
1719463367316,443.1,25
1719463367316,443.1,25
1719463368790,442.4,25
1719463369750,443.2,25
1719463370062,443.1,25
1719463370595,443.0,25
1719463370595,443.0,25
1719463371976,443.15,25
1719463372776,445.0,875
1719463373059,443.7,25
1719463373059,443.7,25
1719463374556,444.1,25
1719463374832,444.15,25
1719463375259,444.15,25
1719463375259,444.15,25
1719463377177,443.4,25
1719463377679,444.6,75
1719463377679,444.6,75
1719463377679,444.6,75
1719463380224,441.45,25
1719463380224,441.45,25
1719463380470,441.45,25
1719463380909,441.45,25
1719463380909,441.45,25
1719463380909,441.45,25
1719463383760,439.15,25
1719463384678,439.05,25
1719463384678,439.05,25
1719463384678,439.05,25
1719463386849,440.0,100
1719463387400,441.0,25
1719463388268,440.0,25
1719463388947,440.0,350
1719463388947,440.0,350
1719463390579,439.8,25
1719463390579,439.8,25
1719463390579,439.8,25
1719463390579,439.8,25
1719463395343,438.9,25
1719463395914,438.35,50
1719463396510,438.15,25
1719463396510,438.15,25
1719463397345,438.0,25
1719463397345,438.0,25
1719463398780,439.05,25
1719463399468,438.15,25
1719463399468,438.15,25
1719463400106,438.65,50
1719463401468,438.0,25
1719463401468,438.0,25
1719463402081,437.8,25
1719463403094,437.9,25
1719463403094,437.9,25
1719463404678,437.85,50
1719463404991,438.45,25
1719463405915,437.4,175
1719463405915,437.4,175
1719463405915,437.4,175
1719463407671,435.0,25
1719463407891,434.85,25
1719463408657,434.2,25
1719463409810,433.0,25
1719463409810,433.0,25
1719463409810,433.0,25
1719463411306,432.8,25
1719463411306,432.8,25
1719463411759,433.6,50
1719463412572,433.2,125
1719463413370,433.8,25
1719463413370,433.8,25
1719463414914,433.8,25
1719463415091,433.35,25
1719463416355,433.65,25
1719463416355,433.65,25
1719463417710,432.2,25
1719463418326,433.65,25
1719463418326,433.65,25
1719463419507,432.5,25
1719463419857,432.85,50
1719463419857,432.85,50
1719463421502,432.75,25
1719463421502,432.75,25
1719463422273,431.5,75
1719463423408,432.3,25
1719463423408,432.3,25
1719463423408,432.3,25
1719463425317,431.25,25
1719463425996,430.65,25
1719463425996,430.65,25
1719463427586,430.1,25
1719463428224,428.0,225
1719463428755,424.3,25
1719463429596,423.55,25
1719463430913,426.75,25
1719463431155,426.0,25
1719463431155,426.0,25
1719463433094,421.5,50
1719463433094,421.5,50
1719463434267,425.05,25
1719463434607,423.8,25
1719463434607,423.8,25
1719463435165,422.9,50
1719463436395,422.6,25
1719463436395,422.6,25
1719463437583,423.0,25
1719463438221,423.4,25
1719463438221,423.4,25
1719463439379,424.2,25
1719463439933,425.0,50
1719463439933,425.0,50
1719463440768,425.3,25
1719463441460,424.95,25
1719463441460,424.95,25
1719463442878,425.6,25
1719463443341,426.4,25
1719463443842,427.35,25
1719463444359,426.8,25
1719463444359,426.8,25
1719463445061,426.35,25
1719463446311,428.0,125
1719463446311,428.0,125
1719463447894,426.5,25
1719463447894,426.5,25
1719463448816,426.9,125
1719463448816,426.9,125
1719463450453,427.35,25
1719463450789,426.45,25
1719463451511,426.45,25
1719463451728,427.0,375
1719463452954,427.65,25
1719463452954,427.65,25
1719463453948,426.7,50
1719463454630,428.15,25
1719463454630,428.15,25
1719463455738,428.6,25
1719463456420,428.6,25
1719463456420,428.6,25
1719463457751,428.4,25
1719463457751,428.4,25
1719463458611,428.05,25
1719463458611,428.05,25
1719463458611,428.05,25
1719463461842,426.35,25
1719463462633,426.75,25
1719463462633,426.75,25
1719463463715,426.6,25
1719463464478,426.6,25
1719463464478,426.6,25
1719463465359,427.35,25
1719463465359,427.35,25
1719463467892,427.4,25
1719463468173,428.2,25
1719463468736,428.1,25
1719463468736,428.1,25
1719463470043,428.25,25
1719463470253,429.6,25
1719463470541,430.0,25
1719463471611,430.2,25
1719463471611,430.2,25
1719463472524,431.25,75
1719463473147,431.25,250
1719463473147,431.25,250
1719463473147,431.25,250
1719463476205,431.2,25
1719463476205,431.2,25
1719463477197,431.7,175
1719463477825,430.35,175
1719463477825,430.35,175
1719463478460,430.05,25
1719463478460,430.05,25
1719463480888,428.15,200
1719463481014,428.0,25
1719463483297,426.35,50
1719463483297,426.35,50
1719463483685,426.2,25
1719463484541,427.4,25
1719463484541,427.4,25
1719463486366,427.4,25
1719463486366,427.4,25
1719463487051,426.95,50
1719463487051,426.95,50
1719463489105,426.45,25
1719463489105,426.45,25
1719463490907,426.2,25
1719463490907,426.2,25
1719463493123,425.8,25
1719463493123,425.8,25
1719463493526,426.45,25
1719463493880,426.4,25
1719463493880,426.4,25
1719463495462,426.3,25
1719463495462,426.3,25
1719463497484,426.5,25
1719463497484,426.5,25
1719463498436,426.9,25
1719463498587,426.75,25
1719463498587,426.75,25
1719463500128,426.55,25
1719463500128,426.55,25
1719463501456,426.9,25
1719463501456,426.9,25
1719463503173,427.85,25
1719463504017,426.2,25
1719463504017,426.2,25
1719463506289,424.45,25
1719463506469,424.45,25
1719463506469,424.45,25
1719463507937,425.65,25
1719463508230,425.4,25
1719463508230,425.4,25
1719463509569,427.1,25
1719463509997,426.45,25
1719463509997,426.45,25
1719463511730,424.5,100
1719463512601,423.85,25
1719463513169,425.2,25
1719463513975,425.1,50
1719463513975,425.1,50
1719463515023,424.9,25
1719463516286,424.05,25
1719463516435,424.55,75
1719463516435,424.55,75
1719463516435,424.55,75
1719463516435,424.55,75
1719463520926,425.4,25
1719463521689,425.7,25
1719463521689,425.7,25
1719463521689,425.7,25
1719463525150,428.45,25
1719463525507,428.4,25
1719463526681,428.7,25
1719463527223,428.55,25
1719463528316,429.0,25
1719463528558,429.0,25
1719463529400,429.15,25
1719463530357,430.1,25
1719463530357,430.1,25
1719463531454,430.95,25
1719463532553,431.7,25
1719463532553,431.7,25
1719463534853,430.95,25
1719463535071,430.75,25
1719463536360,431.9,25
1719463536360,431.9,25
1719463538362,433.15,25
1719463539263,432.7,25
1719463539263,432.7,25
1719463541283,433.35,25
1719463541715,432.6,175
1719463542227,431.85,25
1719463543277,433.2,25
1719463543277,433.2,25
1719463543937,433.05,25
1719463545616,432.95,25
1719463546590,433.95,25
1719463548403,433.9,25
1719463548448,434.05,25
1719463548801,435.0,25
1719463549448,435.3,50
1719463550320,436.95,25
1719463551165,436.35,25
1719463552179,435.3,25
1719463552947,434.85,25
1719463553706,434.5,250
1719463554353,434.1,25
1719463554353,434.1,25
1719463556136,433.9,25
1719463556271,433.35,25
1719463556271,433.35,25
1719463558483,432.95,25
1719463559216,432.95,25
1719463559528,433.0,25
1719463559819,433.45,25
1719463560061,433.4,25
1719463560627,433.2,25
1719463560627,433.2,25
1719463561866,431.85,25
1719463562295,432.75,25
1719463562295,432.75,25
1719463562295,432.75,25
1719463562295,432.75,25
1719463562295,432.75,25
1719463569526,430.5,25
1719463569669,430.65,25
1719463569669,430.65,25
1719463570837,429.15,25
1719463571607,430.2,50
1719463571999,430.9,25
1719463572506,431.1,25
1719463573096,430.1,25
1719463573096,430.1,25
1719463574664,429.9,25
1719463574664,429.9,25
1719463575315,429.9,25
1719463576789,429.6,25
1719463577406,430.65,25
1719463577406,430.65,25
1719463579866,428.8,25
1719463579866,428.8,25
1719463580917,429.0,25
1719463581019,429.05,25
1719463581019,429.05,25
1719463582341,428.9,25
1719463582341,428.9,25
1719463582341,428.9,25
1719463582341,428.9,25
1719463582341,428.9,25
1719463590047,427.7,25
1719463590415,427.8,25
1719463590415,427.8,25
1719463590415,427.8,25
1719463593353,427.55,25
1719463593774,428.1,25
1719463593774,428.1,25
1719463593774,428.1,25
1719463597672,426.3,100
1719463597672,426.3,100
1719463598936,426.8,25
1719463598936,426.8,25
1719463598936,426.8,25
1719463603177,428.15,25
1719463603177,428.15,25
1719463604070,430.0,25
1719463605058,430.8,25
1719463605174,431.05,25
1719463605290,431.25,25
1719463606113,431.5,25
1719463606113,431.5,25
1719463606113,431.5,25
1719463606113,431.5,25
1719463606113,431.5,25
1719463606113,431.5,25
1719463615794,430.45,25
1719463616621,430.25,25
1719463616621,430.25,25
1719463616621,430.25,25
1719463616621,430.25,25
1719463616621,430.25,25
1719463623319,428.35,100
1719463623319,428.35,100
1719463623319,428.35,100
1719463627013,427.25,25
1719463627351,427.35,50
1719463627351,427.35,50
1719463629231,427.95,25
1719463629231,427.95,25
1719463631181,428.3,25
1719463631181,428.3,25
1719463631181,428.3,25
1719463631181,428.3,25
1719463636997,430.0,150
1719463638019,430.4,25
1719463638525,430.75,25
1719463638525,430.75,25
1719463639822,429.95,25
1719463640450,430.5,25
1719463641825,431.45,25
1719463641825,431.45,25
1719463642990,431.25,25
1719463642990,431.25,25
1719463643827,431.25,25
1719463644148,432.0,25
1719463644999,431.6,25
1719463645530,431.9,25
1719463646258,432.25,225
1719463646258,432.25,225
1719463646258,432.25,225
1719463646258,432.25,225
1719463646258,432.25,225
1719463650758,429.4,25
1719463651136,429.2,25
1719463651136,429.2,25
1719463651136,429.2,25
1719463654381,428.0,25
1719463654969,427.9,25
1719463655244,428.15,25
1719463656570,427.05,50
1719463657551,427.85,50
1719463658259,426.65,50
1719463658697,427.3,25
1719463658697,427.3,25
1719463658697,427.3,25
1719463658697,427.3,25
1719463663659,427.45,25
1719463663737,427.45,25
1719463664720,427.0,25
1719463664720,427.0,25
1719463665975,426.25,25
1719463666866,427.45,25
1719463666866,427.45,25
1719463666866,427.45,25
1719463669618,426.15,25
1719463669618,426.15,25
1719463670557,425.9,25
1719463671875,427.55,25
1719463671875,427.55,25
1719463672362,427.35,225
1719463673221,427.45,25
1719463673221,427.45,25
1719463674076,429.3,25
1719463674076,429.3,25
1719463675862,427.95,175
1719463677055,427.75,25
1719463677904,428.75,175
1719463677904,428.75,175
1719463677904,428.75,175
1719463677904,428.75,175
1719463677904,428.75,175
1719463682818,427.25,25
1719463683566,427.65,25
1719463683566,427.65,25
1719463683566,427.65,25
1719463686955,427.95,25
1719463687018,427.8,25
1719463687702,427.95,25
1719463687702,427.95,25
1719463687702,427.95,25
1719463687702,427.95,25
1719463687702,427.95,25
1719463687702,427.95,25
1719463695696,426.75,25
1719463695696,426.75,25
1719463696807,426.1,25
1719463697756,427.4,25
1719463697756,427.4,25
1719463698566,428.4,25
1719463699507,428.7,25
1719463699507,428.7,25
1719463700614,428.0,25
1719463701833,428.15,25
1719463701833,428.15,25
1719463704523,428.55,25
1719463704523,428.55,25
1719463704523,428.55,25
1719463707786,427.8,25
1719463707786,427.8,25
1719463707786,427.8,25
1719463707786,427.8,25
1719463711729,430.0,50
1719463712353,430.35,25
1719463713422,430.2,25
1719463713422,430.2,25
1719463714213,430.35,25
1719463714213,430.35,25
1719463716982,431.05,25
1719463717596,431.1,25
1719463717596,431.1,25
1719463719902,431.75,25
1719463720462,432.15,25
1719463721750,433.0,25
1719463721750,433.0,25
1719463722141,432.15,25
1719463722141,432.15,25
1719463724392,433.35,25
1719463724392,433.35,25
1719463726432,432.0,25
1719463726565,431.8,25
1719463726565,431.8,25
1719463726565,431.8,25
1719463728574,430.55,25
1719463728868,428.8,25
1719463729860,428.6,25
1719463729860,428.6,25
1719463730850,429.45,25
1719463731807,429.85,25
1719463732342,429.1,50
1719463732342,429.1,50
1719463733636,428.9,25
1719463734488,429.1,25
1719463734488,429.1,25
1719463734488,429.1,25
1719463737351,430.35,25
1719463737351,430.35,25
1719463739706,430.85,25
1719463739706,430.85,25
1719463739706,430.85,25
1719463739706,430.85,25
1719463739706,430.85,25
1719463743974,430.35,25
1719463744146,430.35,200
1719463745613,430.05,25
1719463746525,430.5,100
1719463747539,430.3,25
1719463747539,430.3,25
1719463748856,430.1,25
1719463750280,430.25,25
1719463750280,430.25,25
1719463751319,430.05,25
1719463751319,430.05,25
1719463752032,431.2,25
1719463752032,431.2,25
1719463753552,431.65,25
1719463754861,431.2,25
1719463754861,431.2,25
1719463755754,431.2,25
1719463755754,431.2,25
1719463757751,432.15,25
1719463757751,432.15,25
1719463758910,433.0,100
1719463759891,434.0,75
1719463759891,434.0,75
1719463761635,434.05,25
1719463761635,434.05,25
1719463761635,434.05,25
1719463764515,434.7,50
1719463764515,434.7,50
1719463766314,432.75,50
1719463766314,432.75,50
1719463766314,432.75,50
1719463766314,432.75,50
1719463766314,432.75,50
1719463766314,432.75,50
1719463766314,432.75,50
1719463773748,432.4,50
1719463775225,433.2,25
1719463776165,434.0,25
1719463776165,434.0,25
1719463777034,434.8,25
1719463777224,434.85,25
1719463777224,434.85,25
1719463778852,434.6,50
1719463778966,434.4,25
1719463778966,434.4,25
1719463782041,432.9,25
1719463782487,432.95,25
1719463783432,433.25,25
1719463783432,433.25,25
1719463784107,433.45,25
1719463784107,433.45,25
1719463784107,433.45,25
1719463787137,433.25,25
1719463787816,434.0,100
1719463787816,434.0,100
1719463789110,433.2,25
1719463790112,433.2,25
1719463790112,433.2,25
1719463790600,434.15,25
1719463790600,434.15,25
1719463790600,434.15,25
1719463793664,434.2,25
1719463793664,434.2,25
1719463795532,435.45,25
1719463795532,435.45,25
1719463795532,435.45,25
1719463800315,434.5,125
1719463800315,434.5,125
1719463801197,433.25,25
1719463801197,433.25,25
1719463802803,433.25,25
1719463803224,432.4,50
1719463803224,432.4,50
1719463803224,432.4,50
1719463803224,432.4,50
1719463807625,432.8,25
1719463807625,432.8,25
1719463807625,432.8,25
1719463807625,432.8,25
1719463807625,432.8,25
1719463813925,436.35,25
1719463814210,436.6,25
1719463815310,437.55,75
1719463815310,437.55,75
1719463815310,437.55,75
1719463815310,437.55,75
1719463818961,435.25,100
1719463818961,435.25,100
1719463818961,435.25,100
1719463818961,435.25,100
1719463825331,435.9,25
1719463825331,435.9,25
1719463827231,435.2,25
1719463827231,435.2,25
1719463828902,433.95,25
1719463828902,433.95,25
1719463831706,433.7,25
1719463831706,433.7,25
1719463831706,433.7,25
1719463831706,433.7,25
1719463831706,433.7,25
1719463837657,433.65,50
1719463838248,432.7,25
1719463838700,433.45,25
1719463838700,433.45,25
1719463838700,433.45,25
1719463838700,433.45,25
1719463843056,431.5,25
1719463843056,431.5,25
1719463844346,430.9,25
1719463844439,430.9,25
1719463845357,431.65,25
1719463845357,431.65,25
1719463845357,431.65,25
1719463847158,432.1,25
1719463847905,432.05,100
1719463848861,431.85,75
1719463850446,431.3,25
1719463850650,431.3,25
1719463850650,431.3,25
1719463850650,431.3,25
1719463854895,431.1,25
1719463855294,430.7,125
1719463855294,430.7,125
1719463856984,430.9,125
1719463856984,430.9,125
1719463858562,431.65,75
1719463858846,432.0,100
1719463859141,433.6,25
1719463859485,433.95,50
1719463859485,433.95,50
1719463860709,434.55,25
1719463862167,434.2,25
1719463862962,435.0,50
1719463863193,435.15,25
1719463864935,433.85,50
1719463864935,433.85,50
1719463864935,433.85,50
1719463864935,433.85,50
1719463864935,433.85,50
1719463864935,433.85,50
1719463864935,433.85,50
1719463864935,433.85,50
1719463864935,433.85,50
1719463864935,433.85,50
1719463881235,434.1,150
1719463881235,434.1,150
1719463881235,434.1,150
1719463881235,434.1,150
1719463881235,434.1,150
1719463888167,435.7,25
1719463888167,435.7,25
1719463888167,435.7,25
1719463888167,435.7,25
1719463890913,436.0,25
1719463890913,436.0,25
1719463890913,436.0,25
1719463890913,436.0,25
1719463896175,433.4,50
1719463896175,433.4,50
1719463896175,433.4,50
1719463899081,434.0,100
1719463899081,434.0,100
1719463899081,434.0,100
1719464029020,430.0,25
1719464029020,430.0,25
1719464029020,430.0,25
1719464039105,428.05,25
1719464039863,428.05,25
1719464039863,428.05,25
1719464040941,427.6,25
1719464041671,427.75,25
1719464041671,427.75,25
1719464044827,426.0,25
1719464044827,426.0,25
1719464046491,427.25,25
1719464046491,427.25,25
1719464047445,427.25,25
1719464047445,427.25,25
1719464049046,426.65,25
1719464049289,427.5,25
1719464049289,427.5,25
1719464049289,427.5,25
1719464049289,427.5,25
1719464054176,427.75,25
1719464055372,428.7,25
1719464055372,428.7,25
1719464055749,428.55,25
1719464056808,429.45,25
1719464057266,430.35,25
1719464057266,430.35,25
1719464060177,428.85,25
1719464060177,428.85,25
1719464060177,428.85,25
1719464060177,428.85,25
1719464064437,426.0,25
1719464064689,425.8,25
1719464064689,425.8,25
1719464066075,427.55,25
1719464066075,427.55,25
1719464067381,426.7,25
1719464067381,426.7,25
1719464067381,426.7,25
1719464070562,426.55,25
1719464070562,426.55,25
1719464070562,426.55,25
1719464070562,426.55,25
1719464070562,426.55,25
1719464077035,425.55,25
1719464077035,425.55,25
1719464077772,426.3,25
1719464077772,426.3,25
1719464080172,425.05,25
1719464080368,425.0,25
1719464080368,425.0,25
1719464080368,425.0,25
1719464083939,425.0,200
1719464084065,425.0,25
1719464084577,424.35,50
1719464084577,424.35,50
1719464086835,424.3,25
1719464087071,424.3,25
1719464087071,424.3,25
1719464087071,424.3,25
1719464090513,425.15,25
1719464091026,424.65,25
1719464091355,424.65,25
1719464091355,424.65,25
1719464092803,426.25,25
1719464093245,426.9,25
1719464093245,426.9,25
1719464093245,426.9,25
1719464093245,426.9,25
1719464093245,426.9,25
1719464093245,426.9,25
1719464093245,426.9,25
1719464093245,426.9,25
1719464093245,426.9,25
1719464093245,426.9,25
1719464106234,427.4,50
1719464106234,427.4,50
1719464106234,427.4,50
1719464109661,426.9,25
1719464110410,426.9,25
1719464110410,426.9,25
1719464110410,426.9,25
1719464110410,426.9,25
1719464114012,426.9,25
1719464114012,426.9,25
1719464114012,426.9,25
1719464114012,426.9,25
1719464114012,426.9,25
1719464121139,429.4,200
1719464121139,429.4,200
1719464121139,429.4,200
1719464121139,429.4,200
1719464121139,429.4,200
1719464121139,429.4,200
1719464130221,428.7,125
1719464130221,428.7,125
1719464130221,428.7,125
1719464130221,428.7,125
1719464130221,428.7,125
1719464135187,427.05,25
1719464135611,427.2,25
1719464135611,427.2,25
1719464135611,427.2,25
1719464137702,425.95,25
1719464137702,425.95,25
1719464137702,425.95,25
1719464137702,425.95,25
1719464142781,426.25,25
1719464142781,426.25,25
1719464144035,427.7,25
1719464144035,427.7,25
1719464144035,427.7,25
1719464144035,427.7,25
1719464149215,428.55,25
1719464149215,428.55,25
1719464149215,428.55,25
1719464149215,428.55,25
1719464149215,428.55,25
1719464149215,428.55,25
1719464149215,428.55,25
1719464149215,428.55,25
1719464149215,428.55,25
1719464149215,428.55,25
1719464162929,427.55,25
1719464162929,427.55,25
1719464162929,427.55,25
1719464162929,427.55,25
1719464168083,428.75,25
1719464168083,428.75,25
1719464170183,429.0,25
1719464170183,429.0,25
1719464170183,429.0,25
1719464173191,428.9,25
1719464173403,429.3,25
1719464173403,429.3,25
1719464177700,427.95,100
1719464177700,427.95,100
1719464177700,427.95,100
1719464181010,429.45,25
1719464181010,429.45,25
1719464181010,429.45,25
1719464184415,430.7,50
1719464184736,429.6,75
1719464185208,429.4,100
1719464185208,429.4,100
1719464185208,429.4,100
1719464188141,428.45,25
1719464188141,428.45,25
1719464188141,428.45,25
1719464188141,428.45,25
1719464191858,426.95,25
1719464191858,426.95,25
1719464191858,426.95,25
1719464191858,426.95,25
1719464195891,429.0,25
1719464195891,429.0,25
1719464195891,429.0,25
1719464195891,429.0,25
1719464201103,427.45,25
1719464202046,427.2,25
1719464202046,427.2,25
1719464202046,427.2,25
1719464205163,428.45,25
1719464205163,428.45,25
1719464207383,428.9,50
1719464207383,428.9,50
1719464207383,428.9,50
1719464210363,429.95,25
1719464210363,429.95,25
1719464210363,429.95,25
1719464210363,429.95,25
1719464210363,429.95,25
1719464217143,430.15,200
1719464217143,430.15,200
1719464218435,430.85,25
1719464219159,432.45,25
1719464219289,432.85,25
1719464220012,432.85,25
1719464220012,432.85,25
1719464220012,432.85,25
1719464220012,432.85,25
1719464222904,433.1,25
1719464222904,433.1,25
1719464222904,433.1,25
1719464226942,435.0,25
1719464226942,435.0,25
1719464228141,435.45,100
1719464228141,435.45,100
1719464230216,436.0,225
1719464230459,437.15,25
1719464230459,437.15,25
1719464230459,437.15,25
1719464233611,435.9,25
1719464233611,435.9,25
1719464233611,435.9,25
1719464236359,436.15,25
1719464236359,436.15,25
1719464236359,436.15,25
1719464239980,436.55,25
1719464239980,436.55,25
1719464239980,436.55,25
1719464239980,436.55,25
1719464244534,437.45,25
1719464244534,437.45,25
1719464246938,439.0,50
1719464246938,439.0,50
1719464248004,438.8,25
1719464248225,440.0,25
1719464248225,440.0,25
1719464249716,441.0,25
1719464250024,441.95,25
1719464250024,441.95,25
1719464250709,441.0,150
1719464251011,441.75,25
1719464251840,442.55,50
1719464251840,442.55,50
1719464252601,441.5,25
1719464254071,444.0,50
1719464254071,444.0,50
1719464255415,442.05,50
1719464255590,442.55,25
1719464255916,442.35,25
1719464255916,442.35,25
1719464258511,443.3,25
1719464258511,443.3,25
1719464260464,441.7,25
1719464260464,441.7,25
1719464260464,441.7,25
1719464263059,442.95,25
1719464263059,442.95,25
1719464263059,442.95,25
1719464267435,443.2,25
1719464267435,443.2,25
1719464267435,443.2,25
1719464270637,443.55,25
1719464270642,443.55,450
1719464270642,443.55,450
1719464272394,442.0,25
1719464272394,442.0,25
1719464272797,442.5,25
1719464272797,442.5,25
1719464275292,442.3,25
1719464275292,442.3,25
1719464275987,443.25,25
1719464275987,443.25,25
1719464277579,444.1,25
1719464278994,442.0,50
1719464279277,443.15,25
1719464279277,443.15,25
1719464279900,442.0,125
1719464280493,441.7,25
1719464280493,441.7,25
1719464280493,441.7,25
1719464280493,441.7,25
1719464280493,441.7,25
1719464280493,441.7,25
1719464280493,441.7,25
1719464280493,441.7,25
1719464291367,444.05,25
1719464292157,446.4,25
1719464292463,446.7,25
1719464292944,446.35,25
1719464294110,446.0,25
1719464294110,446.0,25
1719464294110,446.0,25
1719464296058,445.7,25
1719464297580,445.45,25
1719464298870,445.35,25
1719464299180,446.0,25
1719464299258,446.4,25
1719464299258,446.4,25
1719464301198,445.85,25
1719464301868,444.7,25
1719464301868,444.7,25
1719464301868,444.7,25
1719464304425,446.55,25
1719464304425,446.55,25
1719464306703,445.05,75
1719464306703,445.05,75
1719464307640,445.7,25
1719464307640,445.7,25
1719464309621,447.2,200
1719464310323,448.0,25
1719464310515,448.55,25
1719464310515,448.55,25
1719464312535,448.9,100
1719464312535,448.9,100
1719464312535,448.9,100
1719464314244,448.9,500
1719464314599,449.95,25
1719464314599,449.95,25
1719464316829,450.45,75
1719464316929,450.3,50
1719464316929,450.3,50
1719464317629,450.9,100
1719464317629,450.9,100
1719464319701,450.7,25
1719464320559,450.9,200
1719464320730,450.35,125
1719464321451,450.95,125
1719464321932,450.75,100
1719464322394,450.7,25
1719464323310,450.95,25
1719464324132,450.9,200
1719464324278,451.35,200
1719464325134,450.8,25
1719464325134,450.8,25
1719464326936,450.4,150
1719464326936,450.4,150
1719464327971,449.0,500
1719464327971,449.0,500
1719464329582,447.4,50
1719464330395,447.0,25
1719464330395,447.0,25
1719464331873,448.0,150
1719464331873,448.0,150
1719464332650,449.55,25
1719464332946,449.5,25
1719464332946,449.5,25
1719464332946,449.5,25
1719464332946,449.5,25
1719464332946,449.5,25
1719464332946,449.5,25
1719464332946,449.5,25
1719464341755,449.95,100
1719464342437,448.85,100
1719464342437,448.85,100
1719464342817,448.65,25
1719464342817,448.65,25
1719464344687,447.8,25
1719464344687,447.8,25
1719464344687,447.8,25
1719464344687,447.8,25
1719464344687,447.8,25
1719464344687,447.8,25
1719464352770,449.3,50
1719464353892,448.4,25
1719464353892,448.4,25
1719464353892,448.4,25
1719464357430,448.75,25
1719464357430,448.75,25
1719464357751,448.75,25
1719464359038,448.5,25
1719464359038,448.5,25
1719464361428,450.75,25
1719464361512,450.95,25
1719464361512,450.95,25
1719464361512,450.95,25
1719464361512,450.95,25
1719464361512,450.95,25
1719464361512,450.95,25
1719464361512,450.95,25
1719464371360,448.95,25
1719464371360,448.95,25
1719464371360,448.95,25
1719464371360,448.95,25
1719464371360,448.95,25
1719464371360,448.95,25
1719464371360,448.95,25
1719464371360,448.95,25
1719464382733,449.5,25
1719464382733,449.5,25
1719464382733,449.5,25
1719464382733,449.5,25
1719464387770,447.7,25
1719464388257,447.6,25
1719464388759,447.6,25
1719464388759,447.6,25
1719464388759,447.6,25
1719464391198,448.45,25
1719464391198,448.45,25
1719464392853,447.55,25
1719464392853,447.55,25
1719464395905,448.2,25
1719464395905,448.2,25
1719464395905,448.2,25
1719464395905,448.2,25
1719464395905,448.2,25
1719464401910,448.0,100
1719464402208,446.6,25
1719464402208,446.6,25
1719464402748,446.9,25
1719464402748,446.9,25
1719464405377,448.95,25
1719464406000,449.6,25
1719464406000,449.6,25
1719464406718,450.0,25
1719464407599,448.25,25
1719464407599,448.25,25
1719464407599,448.25,25
1719464409865,449.1,25
1719464409996,449.1,25
1719464409996,449.1,25
1719464409996,449.1,25
1719464409996,449.1,25
1719464409996,449.1,25
1719464409996,449.1,25
1719464419383,448.5,25
1719464419565,449.1,25
1719464419565,449.1,25
1719464419565,449.1,25
1719464423483,447.7,25
1719464423812,447.5,25
1719464423812,447.5,25
1719464427677,448.3,25
1719464427677,448.3,25
1719464428163,448.1,25
1719464428163,448.1,25
1719464428163,448.1,25
1719464430800,447.9,25
1719464430800,447.9,25
1719464431279,448.2,25
1719464431279,448.2,25
1719464434225,449.55,25
1719464435483,449.2,25
1719464435556,449.65,25
1719464435556,449.65,25
1719464435556,449.65,25
1719464437967,450.4,25
1719464438184,450.1,125
1719464439009,450.1,200
1719464440086,450.15,25
1719464440917,450.25,50
1719464440917,450.25,50
1719464442019,450.25,50
1719464442799,450.15,200
1719464442799,450.15,200
1719464442799,450.15,200
1719464442799,450.15,200
1719464442799,450.15,200
1719464442799,450.15,200
1719464442799,450.15,200
1719464442799,450.15,200
1719464453127,450.2,25
1719464453295,449.35,25
1719464453295,449.35,25
1719464453295,449.35,25
1719464457092,446.95,25
1719464457225,446.95,25
1719464457811,448.2,25
1719464458138,447.7,25
1719464458138,447.7,25
1719464458138,447.7,25
1719464458138,447.7,25
1719464458138,447.7,25
1719464463088,444.0,50
1719464463255,444.25,25
1719464464533,444.1,25
1719464464533,444.1,25
1719464464533,444.1,25
1719464466437,444.2,25
1719464466778,444.15,25
1719464467783,444.3,25
1719464467783,444.3,25
1719464469029,444.3,25
1719464469465,444.85,25
1719464469465,444.85,25
1719464469465,444.85,25
1719464469465,444.85,25
1719464469465,444.85,25
1719464476047,447.6,25
1719464476047,447.6,25
1719464476047,447.6,25
1719464476047,447.6,25
1719464481313,444.0,25
1719464482209,444.3,25
1719464482209,444.3,25
1719464484482,444.1,25
1719464484482,444.1,25
1719464484482,444.1,25
1719464484482,444.1,25
1719464484482,444.1,25
1719464491042,443.9,25
1719464491042,443.9,25
1719464491042,443.9,25
1719464491042,443.9,25
1719464491042,443.9,25
1719464496344,444.15,25
1719464496344,444.15,25
1719464498698,445.0,75
1719464498698,445.0,75
1719464499766,445.6,25
1719464499766,445.6,25
1719464499766,445.6,25
1719464499766,445.6,25
1719464499766,445.6,25
1719464499766,445.6,25
1719464508560,444.2,75
1719464508560,444.2,75
1719464509672,443.35,75
1719464509845,443.65,25
1719464509845,443.65,25
1719464511352,443.2,25
1719464511352,443.2,25
1719464513502,442.95,25
1719464513502,442.95,25
1719464514755,443.55,25
1719464514755,443.55,25
1719464516528,443.55,25
1719464516785,443.55,25
1719464518271,443.45,50
1719464518271,443.45,50
1719464519664,444.0,25
1719464519664,444.0,25
1719464521263,443.5,25
1719464521263,443.5,25
1719464522568,439.6,150
1719464522568,439.6,150
1719464523323,440.95,25
1719464523323,440.95,25
1719464525250,440.75,25
1719464525250,440.75,25
1719464526778,440.55,25
1719464526778,440.55,25
1719464527957,441.8,25
1719464528323,441.7,25
1719464528323,441.7,25
1719464530504,440.45,75
1719464530504,440.45,75
1719464531417,440.4,25
1719464532161,442.2,25
1719464532393,440.9,25
1719464532393,440.9,25
1719464533802,440.2,100
1719464533802,440.2,100
1719464533802,440.2,100
1719464533802,440.2,100
1719464539117,439.95,25
1719464539117,439.95,25
1719464539117,439.95,25
1719464541929,438.45,125
1719464542077,438.8,25
1719464542077,438.8,25
1719464542077,438.8,25
1719464544889,438.15,25
1719464544889,438.15,25
1719464547096,437.95,25
1719464547096,437.95,25
1719464549456,437.55,100
1719464549456,437.55,100
1719464549456,437.55,100
1719464549456,437.55,100
1719464552825,436.85,25
1719464552825,436.85,25
1719464552825,436.85,25
1719464552825,436.85,25
1719464557546,436.75,25
1719464557546,436.75,25
1719464557546,436.75,25
1719464557546,436.75,25
1719464557546,436.75,25
1719464563775,437.6,25
1719464563775,437.6,25
1719464563775,437.6,25
1719464563775,437.6,25
1719464563775,437.6,25
1719464570992,435.75,100
1719464570992,435.75,100
1719464570992,435.75,100
1719464570992,435.75,100
1719464574893,437.0,50
1719464574893,437.0,50
1719464574893,437.0,50
1719464574893,437.0,50
1719464574893,437.0,50
1719464574893,437.0,50
1719464582403,437.05,50
1719464582609,435.95,25
1719464582609,435.95,25
1719464583789,435.15,75
1719464584616,435.75,25
1719464585125,436.1,25
1719464585125,436.1,25
1719464586880,435.85,25
1719464587296,435.85,25
1719464587296,435.85,25
1719464589219,433.35,25
1719464589219,433.35,25
1719464589755,432.75,25
1719464590296,432.7,25
1719464591153,429.4,150
1719464591410,430.5,25
1719464591410,430.5,25
1719464594146,427.4,25
1719464594146,427.4,25
1719464594146,427.4,25
1719464596648,428.7,25
1719464597317,429.25,50
1719464597317,429.25,50
1719464599003,428.15,25
1719464599003,428.15,25
1719464600552,426.4,25
1719464601356,421.1,25
1719464601356,421.1,25
1719464601793,421.0,150
1719464603161,420.2,25
1719464603161,420.2,25
1719464604279,419.25,50
1719464604279,419.25,50
1719464605903,420.0,25
1719464605903,420.0,25
1719464606700,416.5,50
1719464607624,413.1,25
1719464608019,414.0,25
1719464608301,414.4,50
1719464609228,414.6,25
1719464609789,410.0,50
1719464610016,410.45,125
1719464610655,409.25,25
1719464610655,409.25,25
1719464611870,402.2,25
1719464611927,400.5,25
1719464611927,400.5,25
1719464612418,397.6,25
1719464612418,397.6,25
1719464613417,382.2,25
1719464613417,382.2,25
1719464613967,382.45,50
1719464614288,386.3,25
1719464614288,386.3,25
1719464614288,386.3,25
1719464614288,386.3,25
1719464615593,388.7,200
1719464617221,396.6,50
1719464620269,399.7,25
1719464621225,399.45,25
1719464622432,399.0,25
1719464622814,401.7,50
1719464623407,402.85,25
1719464624497,404.55,25
1719464624816,405.8,175
1719464625277,407.0,50
1719464626349,405.55,150
1719464626349,405.55,150
1719464626715,404.3,25
1719464628030,404.7,25
1719464628563,408.1,50
1719464629563,408.65,50
1719464629563,408.65,50
1719464630848,410.45,25
1719464630848,410.45,25
1719464631885,408.5,25
1719464632555,408.05,25
1719464633033,408.5,75
1719464633477,407.45,25
1719464634154,406.8,25
1719464634154,406.8,25
1719464635244,401.15,25
1719464636439,397.3,25
1719464636439,397.3,25
1719464637573,396.85,125
1719464637794,397.75,75
1719464638561,399.8,125
1719464638983,399.55,100
1719464638983,399.55,100
1719464638983,399.55,100
1719464640954,399.35,25
1719464640954,399.35,25
1719464640954,399.35,25
1719464643999,402.4,50
1719464643999,402.4,50
1719464646221,400.25,75
1719464646221,400.25,75
1719464646549,402.85,25
1719464646549,402.85,25
1719464649535,406.8,50
1719464649535,406.8,50
1719464649535,406.8,50
1719464651308,402.95,25
1719464651308,402.95,25
1719464654149,402.15,25
1719464654149,402.15,25
1719464654832,401.95,25
1719464654900,403.1,25
1719464655938,402.3,50
1719464655938,402.3,50
1719464657970,402.6,25
1719464657970,402.6,25
1719464657970,402.6,25
1719464657970,402.6,25
1719464663445,404.85,25
1719464663845,405.1,25
1719464663845,405.1,25
1719464664859,401.15,25
1719464665938,404.15,25
1719464665938,404.15,25
1719464665938,404.15,25
1719464669062,402.6,25
1719464669668,402.4,25
1719464669668,402.4,25
1719464669668,402.4,25
1719464669668,402.4,25
1719464671568,405.95,25
1719464672949,407.15,125
1719464673700,407.1,100
1719464673700,407.1,100
1719464675305,407.05,25
1719464676199,406.9,50
1719464676199,406.9,50
1719464677272,406.95,100
1719464677943,406.85,25
1719464678373,406.9,25
1719464679154,405.9,25
1719464679470,405.9,25
1719464680438,404.6,25
1719464681113,404.0,25
1719464681664,403.95,25
1719464681705,403.95,25
1719464683047,404.15,25
1719464683047,404.15,25
1719464684440,405.7,50
1719464684440,405.7,50
1719464685015,406.05,100
1719464685015,406.05,100
1719464686403,405.85,25
1719464686597,405.85,50
1719464687731,405.0,75
1719464687731,405.0,75
1719464689224,405.2,25
1719464690196,404.55,50
1719464690196,404.55,50
1719464691379,402.0,25
1719464692410,402.0,50
1719464693001,402.05,25
1719464693290,402.35,25
1719464693690,402.65,25
1719464694727,400.15,25
1719464695291,400.0,75
1719464695291,400.0,75
1719464697352,399.4,25
1719464697352,399.4,25
1719464699415,395.75,25
1719464699713,395.75,25
1719464699723,395.75,75
1719464699723,395.75,75
1719464699723,395.75,75
1719464701686,393.9,25
1719464701686,393.9,25
1719464704142,392.95,25
1719464704142,392.95,25
1719464705055,392.75,25
1719464705664,394.0,25
1719464705851,394.15,25
1719464706799,395.25,25
1719464707409,394.45,25
1719464707855,394.8,25
1719464707855,394.8,25
1719464709382,395.0,25
1719464709478,395.1,25
1719464710620,397.35,25
1719464711066,396.9,25
1719464711066,396.9,25
1719464712323,398.35,25
1719464712717,398.45,25
1719464713020,397.55,25
1719464713020,397.55,25
1719464714964,400.0,100
1719464715841,402.5,125
1719464716085,401.0,100
1719464716604,401.15,125
1719464717524,400.45,100
1719464717752,400.5,25
1719464718565,400.35,100
1719464719446,400.35,25
1719464719446,400.35,25
1719464721294,398.75,50
1719464721390,398.85,50
1719464722590,396.2,25
1719464722590,396.2,25
1719464723736,396.0,25
1719464724656,397.5,25
1719464724862,397.5,25
1719464725288,397.95,25
1719464726275,395.0,25
1719464727103,395.95,25
1719464727103,395.95,25
1719464727103,395.95,25
1719464727103,395.95,25
1719464727103,395.95,25
1719464733089,397.65,50
1719464733089,397.65,50
1719464733089,397.65,50
1719464733089,397.65,50
1719464733089,397.65,50
1719464733089,397.65,50
1719464740830,397.55,25
1719464740830,397.55,25
1719464740830,397.55,25
1719464743640,399.15,25
1719464744062,398.45,25
1719464744062,398.45,25
1719464745475,398.15,25
1719464745840,398.7,50
1719464745840,398.7,50
1719464747701,399.3,100
1719464747926,400.3,25
1719464747926,400.3,25
1719464747926,400.3,25
1719464747926,400.3,25
1719464752962,400.55,25
1719464752962,400.55,25
1719464754771,402.55,25
1719464754771,402.55,25
1719464755852,403.0,50
1719464755852,403.0,50
1719464756624,404.5,25
1719464756624,404.5,25
1719464756624,404.5,25
1719464756624,404.5,25
1719464761266,403.1,25
1719464761266,403.1,25
1719464761595,404.5,25
1719464762410,402.55,25
1719464762886,402.0,25
1719464762886,402.0,25
1719464762886,402.0,25
1719464765770,398.55,25
1719464765770,398.55,25
1719464766847,400.0,75
1719464766847,400.0,75
1719464766847,400.0,75
1719464770342,403.8,125
1719464770342,403.8,125
1719464771744,404.65,25
1719464771744,404.65,25
1719464773299,404.25,75
1719464774447,404.1,75
1719464774447,404.1,75
1719464775764,404.85,25
1719464775926,403.25,25
1719464775926,403.25,25
1719464775926,403.25,25
1719464775926,403.25,25
1719464781668,403.2,25
1719464781668,403.2,25
1719464783462,401.5,25
1719464784425,403.0,25
1719464784801,403.3,25
1719464784801,403.3,25
1719464786386,406.15,25
1719464786779,406.6,50
1719464786779,406.6,50
1719464786779,406.6,50
1719464790087,405.95,25
1719464790087,405.95,25
1719464790435,406.65,100
1719464791452,404.85,25
1719464792341,403.2,25
1719464792876,402.0,25
1719464792876,402.0,25
1719464793807,402.05,150
1719464793807,402.05,150
1719464793807,402.05,150
1719464796805,402.75,25
1719464796805,402.75,25
1719464798928,404.3,25
1719464798928,404.3,25
1719464800821,405.45,25
1719464800821,405.45,25
1719464802520,405.75,25
1719464802520,405.75,25
1719464803880,405.0,25
1719464803880,405.0,25
1719464805732,404.8,25
1719464805732,404.8,25
1719464807548,405.7,25
1719464807821,406.9,25
1719464808530,406.05,25
1719464809384,406.05,25
1719464809384,406.05,25
1719464809384,406.05,25
1719464811961,404.35,25
1719464811961,404.35,25
1719464814855,404.0,25
1719464815499,404.0,25
1719464815499,404.0,25
1719464816848,403.7,25
1719464816848,403.7,25
1719464818654,403.4,25
1719464818654,403.4,25
1719464818654,403.4,25
1719464818654,403.4,25
1719464822629,405.15,25
1719464822629,405.15,25
1719464824281,403.8,25
1719464824281,403.8,25
1719464825283,403.5,25
1719464825469,403.4,25
1719464825469,403.4,25
1719464825469,403.4,25
1719464828282,402.4,25
1719464828849,404.8,25
1719464829837,406.4,50
1719464830575,407.9,25
1719464830575,407.9,25
1719464832048,409.1,25
1719464832626,411.0,25
1719464832977,410.95,125
1719464833309,410.55,100
1719464833880,409.65,125
1719464834862,408.8,25
1719464834862,408.8,25
1719464836337,406.8,25
1719464836577,406.7,125
1719464837192,406.55,25
1719464837192,406.55,25
1719464838561,407.6,50
1719464839079,407.6,25
1719464839869,409.15,25
1719464840475,409.0,75
1719464841509,409.5,50
1719464841509,409.5,50
1719464842571,408.1,25
1719464843017,408.9,25
1719464843017,408.9,25
1719464844362,409.15,25
1719464844362,409.15,25
1719464844362,409.15,25
1719464847579,410.3,25
1719464847579,410.3,25
1719464847579,410.3,25
1719464847579,410.3,25
1719464847579,410.3,25
1719464847579,410.3,25
1719464854147,412.15,25
1719464854147,412.15,25
1719464856038,411.8,25
1719464856038,411.8,25
1719464856622,411.7,25
1719464856622,411.7,25
1719464856622,411.7,25
1719464856622,411.7,25
1719464862859,412.0,25
1719464862859,412.0,25
1719464864112,409.25,25
1719464864112,409.25,25
1719464864112,409.25,25
1719464867105,411.0,200
1719464867446,413.65,50
1719464868094,413.15,25
1719464868279,412.65,25
1719464869598,413.8,25
1719464869877,412.95,25
1719464870008,414.4,100
1719464871496,413.75,25
1719464872537,412.7,125
1719464872537,412.7,125
1719464873713,412.5,25
1719464874200,413.65,25
1719464874866,413.65,50
1719464874866,413.65,50
1719464876508,415.0,25
1719464877120,415.15,25
1719464877792,414.45,25
1719464878610,413.8,75
1719464878879,413.6,25
1719464879954,412.3,50
1719464880279,412.1,25
1719464880702,412.1,50
1719464880702,412.1,50
1719464881881,411.9,25
1719464882175,411.0,25
1719464882175,411.0,25
1719464884092,412.15,75
1719464884092,412.15,75
1719464886275,411.1,25
1719464886426,410.25,125
1719464886426,410.25,125
1719464886936,410.2,25
1719464887640,410.75,75
1719464887640,410.75,75
1719464889111,410.55,50
1719464889111,410.55,50
1719464891276,410.0,50
1719464891276,410.0,50
1719464893162,408.7,25
1719464893162,408.7,25
1719464893162,408.7,25
1719464895235,408.0,25
1719464895459,408.0,25
1719464895703,407.8,25
1719464895703,407.8,25
1719464895703,407.8,25
1719464895703,407.8,25
1719464895703,407.8,25
1719464902894,405.85,25
1719464903202,406.1,25
1719464903202,406.1,25
1719464904304,408.05,50
1719464904304,408.05,50
1719464905286,411.0,25
1719464905286,411.0,25
1719464907629,412.7,25
1719464907629,412.7,25
1719464909484,412.2,25
1719464909484,412.2,25
1719464910408,416.25,25
1719464910408,416.25,25
1719464910408,416.25,25
1719464910408,416.25,25
1719464914017,415.15,25
1719464914017,415.15,25
1719464915378,412.65,25
1719464915378,412.65,25
1719464917693,410.65,25
1719464918156,412.0,200
1719464918463,412.6,25
1719464919788,414.0,25
1719464919788,414.0,25
1719464919788,414.0,25
1719464919788,414.0,25
1719464919788,414.0,25
1719464928088,411.25,25
1719464928088,411.25,25
1719464928088,411.25,25
1719464931496,410.1,25
1719464931496,410.1,25
1719464931496,410.1,25
1719464931496,410.1,25
1719464931496,410.1,25
1719464937290,408.85,25
1719464937290,408.85,25
1719464937290,408.85,25
1719464940219,411.4,50
1719464940219,411.4,50
1719464940219,411.4,50
1719464940219,411.4,50
1719464940219,411.4,50
1719464946595,412.1,50
1719464946595,412.1,50
1719464946595,412.1,50
1719464946595,412.1,50
1719464952336,407.0,25
1719464952607,407.5,25
1719464952607,407.5,25
1719464952607,407.5,25
1719464955717,409.4,25
1719464955979,409.7,25
1719464955979,409.7,25
1719464955979,409.7,25
1719464955979,409.7,25
1719464955979,409.7,25
1719464955979,409.7,25
1719464955979,409.7,25
1719464955979,409.7,25
1719464955979,409.7,25
1719464955979,409.7,25
1719464955979,409.7,25
1719464955979,409.7,25
1719464971918,409.0,25
1719464973341,409.95,50
1719464973341,409.95,50
1719464973341,409.95,50
1719464973341,409.95,50
1719464979377,409.0,50
1719464979377,409.0,50
1719464979377,409.0,50
1719464983064,409.0,25
1719464983064,409.0,25
1719464983064,409.0,25
1719464985027,409.0,25
1719464986476,409.05,25
1719464986476,409.05,25
1719464987458,409.25,25
1719464987458,409.25,25
1719464989648,407.35,25
1719464989648,407.35,25
1719464989648,407.35,25
1719464989648,407.35,25
1719464989648,407.35,25
1719464995448,408.95,25
1719464995448,408.95,25
1719464995448,408.95,25
1719464999728,408.15,50
1719464999728,408.15,50
1719464999728,408.15,50
1719464999728,408.15,50
1719465002574,408.8,100
1719465002574,408.8,100
1719465004635,409.1,75
1719465004635,409.1,75
1719465004635,409.1,75
1719465007019,408.7,50
1719465007575,409.0,125
1719465007575,409.0,125
1719465007575,409.0,125
1719465007575,409.0,125
1719465007575,409.0,125
1719465007575,409.0,125
1719465007575,409.0,125
1719465007575,409.0,125
1719465007575,409.0,125
1719465023035,406.2,25
1719465023035,406.2,25
1719465024778,403.0,25
1719465024778,403.0,25
1719465025393,403.0,25
1719465026490,400.0,25
1719465028574,405.0,50
1719465030216,408.8,150
1719465030216,408.8,150
1719465030216,408.8,150
1719465030216,408.8,150
1719465032909,407.8,25
1719465032909,407.8,25
1719465032909,407.8,25
1719465036357,409.0,25
1719465036556,409.35,50
1719465036556,409.35,50
1719465036556,409.35,50
1719465041176,407.5,25
1719465041642,408.0,75
1719465041642,408.0,75
1719465045027,408.75,25
1719465045027,408.75,25
1719465047340,408.0,25
1719465047340,408.0,25
1719465047340,408.0,25
1719465051013,409.95,25
1719465051013,409.95,25
1719465052995,409.75,25
1719465053469,410.7,25
1719465053469,410.7,25
1719465053469,410.7,25
1719465053469,410.7,25
1719465057111,407.95,125
1719465057591,405.95,50
1719465058123,404.35,75
1719465058123,404.35,75
1719465059305,402.15,25
1719465059305,402.15,25
1719465060322,402.0,25
1719465060521,401.55,100
1719465060521,401.55,100
1719465062758,404.75,25
1719465062758,404.75,25
1719465062758,404.75,25
1719465062758,404.75,25
1719465062758,404.75,25
1719465069140,403.6,25
1719465070120,403.4,25
1719465071896,404.0,25
1719465071896,404.0,25
1719465072592,403.45,50
1719465072592,403.45,50
1719465074232,404.15,25
1719465074232,404.15,25
1719465074232,404.15,25
1719465074232,404.15,25
1719465074232,404.15,25
1719465080943,406.65,25
1719465080943,406.65,25
1719465080943,406.65,25
1719465080943,406.65,25
1719465080943,406.65,25
1719465080943,406.65,25
1719465080943,406.65,25
1719465080943,406.65,25
1719465090579,403.55,25
1719465090579,403.55,25
1719465090579,403.55,25
1719465090579,403.55,25
1719465090579,403.55,25
1719465090579,403.55,25
1719465099217,400.8,25
1719465099965,401.0,25
1719465099965,401.0,25
1719465099965,401.0,25
1719465102032,396.7,25
1719465103503,396.05,25
1719465103503,396.05,25
1719465103942,399.05,25
1719465103942,399.05,25
1719465103942,399.05,25
1719465107701,400.1,50
1719465107701,400.1,50
1719465107701,400.1,50
1719465107701,400.1,50
1719465113044,398.0,25
1719465113044,398.0,25
1719465113044,398.0,25
1719465113044,398.0,25
1719465113044,398.0,25
1719465113044,398.0,25
1719465113044,398.0,25
1719465113044,398.0,25
1719465113044,398.0,25
1719465113044,398.0,25
1719465113044,398.0,25
1719465113044,398.0,25
1719465113044,398.0,25
1719465130627,398.55,25
1719465131989,398.0,25
1719465131989,398.0,25
1719465131989,398.0,25
1719465131989,398.0,25
1719465131989,398.0,25
1719465131989,398.0,25
1719465131989,398.0,25
1719465140927,398.0,25
1719465141670,398.0,25
1719465141957,398.0,25
1719465141957,398.0,25
1719465141957,398.0,25
1719465144235,396.0,25
1719465144235,396.0,25
1719465144235,396.0,25
1719465144235,396.0,25
1719465150194,400.95,125
1719465150194,400.95,125
1719465150194,400.95,125
1719465150194,400.95,125
1719465154845,401.0,25
1719465155231,400.65,75
1719465155231,400.65,75
1719465156124,400.5,25
1719465156124,400.5,25
1719465156124,400.5,25
1719465156124,400.5,25
1719465156124,400.5,25
1719465162134,401.95,25
1719465162134,401.95,25
1719465163717,401.7,25
1719465164630,401.8,50
1719465164630,401.8,50
1719465164630,401.8,50
1719465164630,401.8,50
1719465164630,401.8,50
1719465164630,401.8,50
1719465164630,401.8,50
1719465164630,401.8,50
1719465176228,398.9,25
1719465176228,398.9,25
1719465176228,398.9,25
1719465176228,398.9,25
1719465176228,398.9,25
1719465176228,398.9,25
1719465184464,398.65,25
1719465184464,398.65,25
1719465185702,398.15,50
1719465185702,398.15,50
1719465185702,398.15,50
1719465185702,398.15,50
1719465185702,398.15,50
1719465192969,398.7,25
1719465192969,398.7,25
1719465192969,398.7,25
1719465192969,398.7,25
1719465192969,398.7,25
1719465200031,396.0,25
1719465200031,396.0,25
1719465201513,395.0,50
1719465201513,395.0,50
1719465203303,390.0,25
1719465203303,390.0,25
1719465203303,390.0,25
1719465205538,391.6,25
1719465206805,391.05,25
1719465207350,391.45,25
1719465207681,390.25,50
1719465207681,390.25,50
1719465207681,390.25,50
1719465207681,390.25,50
1719465211722,390.4,25
1719465211722,390.4,25
1719465213000,387.0,25
1719465213390,386.8,25
1719465213390,386.8,25
1719465213390,386.8,25
1719465215411,385.05,25
1719465215510,384.55,25
1719465216147,379.8,100
1719465216223,377.6,25
1719465216223,377.6,25
1719465218224,380.7,50
1719465218224,380.7,50
1719465219224,379.25,25
1719465219224,379.25,25
1719465221897,372.55,25
1719465222012,373.9,25
1719465222436,375.4,50
1719465222947,376.3,50
1719465222947,376.3,50
1719465222947,376.3,50
1719465225891,374.95,200
1719465226563,375.0,25
1719465226563,375.0,25
1719465227348,370.0,25
1719465228710,366.8,25
1719465228710,366.8,25
1719465228978,365.95,50
1719465229205,364.25,125
1719465230213,368.45,50
1719465230213,368.45,50
1719465232281,369.35,25
1719465232281,369.35,25
1719465234552,371.25,50
1719465235242,368.95,25
1719465235636,368.0,200
1719465236795,363.2,75
1719465237805,360.2,25
1719465238190,362.85,50
1719465239254,363.25,50
1719465239254,363.25,50
1719465239254,363.25,50
1719465240869,358.7,25
1719465241437,358.5,50
1719465241437,358.5,50
1719465242717,357.75,25
1719465243578,358.85,75
1719465243578,358.85,75
1719465244505,359.7,25
1719465244505,359.7,25
1719465245886,362.8,25
1719465245886,362.8,25
1719465245886,362.8,25
1719465249194,363.75,50
1719465250073,359.85,50
1719465250073,359.85,50
1719465250876,360.5,200
1719465251291,360.4,25
1719465251714,361.15,25
1719465252886,360.4,25
1719465253745,358.5,125
1719465255080,358.65,25
1719465255080,358.65,25
1719465255813,360.25,125
1719465255813,360.25,125
1719465257807,362.0,175
1719465258031,360.4,25
1719465258031,360.4,25
1719465260124,358.05,25
1719465260124,358.05,25
1719465260570,358.65,25
1719465260570,358.65,25
1719465260570,358.65,25
1719465260570,358.65,25
1719465266792,360.7,25
1719465266954,361.05,100
1719465267157,361.25,25
1719465268809,361.25,25
1719465268809,361.25,25
1719465268809,361.25,25
1719465271240,352.8,25
1719465271507,355.15,200
1719465271733,355.75,25
1719465272684,354.8,50
1719465273086,354.4,50
1719465274734,352.15,50
1719465274942,352.6,50
1719465275462,354.2,125
1719465276667,352.85,25
1719465276667,352.85,25
1719465277714,356.6,25
1719465278211,355.5,25
1719465278211,355.5,25
1719465279883,356.35,25
1719465279883,356.35,25
1719465281834,357.0,25
1719465282037,356.9,25
1719465282037,356.9,25
1719465283360,360.3,25
1719465283360,360.3,25
1719465283360,360.3,25
1719465286271,356.6,50
1719465286271,356.6,50
1719465287986,358.6,25
1719465287986,358.6,25
1719465290442,357.7,25
1719465290442,357.7,25
1719465292095,358.65,25
1719465293107,360.75,25
1719465293254,360.75,100
1719465293254,360.75,100
1719465294900,362.55,25
1719465294900,362.55,25
1719465295533,361.55,50
1719465296549,360.9,125
1719465296549,360.9,125
1719465297464,361.2,250
1719465297464,361.2,250
1719465299468,360.15,25
1719465299468,360.15,25
1719465300860,358.0,100
1719465300860,358.0,100
1719465302118,357.0,100
1719465303603,355.0,25
1719465304067,354.55,50
1719465305174,350.5,275
1719465305174,350.5,275
1719465305600,347.9,25
1719465306457,346.75,100
1719465306457,346.75,100
1719465308089,349.25,50
1719465308216,349.8,50
1719465309104,351.0,25
1719465309104,351.0,25
1719465310838,350.65,25
1719465310998,350.1,50
1719465310998,350.1,50
1719465312168,349.5,25
1719465313014,351.1,50
1719465313014,351.1,50
1719465314257,349.35,125
1719465315088,349.3,25
1719465315088,349.3,25
1719465316851,350.75,50
1719465316942,350.75,50
1719465317788,348.65,175
1719465318855,348.55,50
1719465319938,349.45,25
1719465320392,351.05,25
1719465320392,351.05,25
1719465320960,350.45,25
1719465320960,350.45,25
1719465320960,350.45,25
1719465325435,351.05,25
1719465326093,348.95,25
1719465326425,350.2,25
1719465326425,350.2,25
1719465328686,348.8,100
1719465328686,348.8,100
1719465329284,350.2,50
1719465329284,350.2,50
1719465331591,354.35,25
1719465331975,355.5,100
1719465333105,353.3,25
1719465333834,354.7,25
1719465334108,354.1,100
1719465334727,352.95,25
1719465334756,352.3,25
1719465335859,352.9,25
1719465336934,352.95,25
1719465336934,352.95,25
1719465337595,350.2,25
1719465338745,349.15,75
1719465339498,348.25,25
1719465339498,348.25,25
1719465340805,348.35,25
1719465341406,351.9,25
1719465341406,351.9,25
1719465341406,351.9,25
1719465344970,353.85,50
1719465345246,354.95,50
1719465345246,354.95,50
1719465345246,354.95,50
1719465345246,354.95,50
1719465345246,354.95,50
1719465350565,355.0,25
1719465350565,355.0,25
1719465353375,355.0,25
1719465353375,355.0,25
1719465354076,355.15,25
1719465354076,355.15,25
1719465356125,355.0,75
1719465356125,355.0,75
1719465357745,352.3,25
1719465358264,351.6,25
1719465358264,351.6,25
1719465358264,351.6,25
1719465362038,350.25,25
1719465362547,350.85,25
1719465362547,350.85,25
1719465365033,353.4,25
1719465365033,353.4,25
1719465365703,354.25,25
1719465365703,354.25,25
1719465365703,354.25,25
1719465365703,354.25,25
1719465371710,355.7,25
1719465371710,355.7,25
1719465371710,355.7,25
1719465371710,355.7,25
1719465376778,355.3,25
1719465377037,355.7,25
1719465377037,355.7,25
1719465377037,355.7,25
1719465377037,355.7,25
1719465377037,355.7,25
1719465382525,356.0,50
1719465382669,356.55,50
1719465383436,358.0,25
1719465383436,358.0,25
1719465384525,357.7,25
1719465384525,357.7,25
1719465386269,357.6,50
1719465386269,357.6,50
1719465388711,357.4,100
1719465388926,357.15,125
1719465389208,355.4,125
1719465389208,355.4,125
1719465391017,353.0,125
1719465391478,352.4,75
1719465392014,352.3,25
1719465392797,351.3,50
1719465393109,350.55,50
1719465393999,349.75,50
1719465395008,351.75,50
1719465395008,351.75,50
1719465397081,352.35,200
1719465397081,352.35,200
1719465397081,352.35,200
1719465397081,352.35,200
1719465403365,358.05,25
1719465403365,358.05,25
1719465404008,356.45,50
1719465404215,355.35,50
1719465404215,355.35,50
1719465404215,355.35,50
1719465408726,356.8,50
1719465408726,356.8,50
1719465408726,356.8,50
1719465410785,357.8,25
1719465412089,358.75,125
1719465413658,357.6,250
1719465413658,357.6,250
1719465414889,357.0,25
1719465415081,357.45,200
1719465415448,356.4,25
1719465416760,355.0,100
1719465416760,355.0,100
1719465418590,356.35,25
1719465418590,356.35,25
1719465418590,356.35,25
1719465420760,355.8,25
1719465421313,355.0,100
1719465421313,355.0,100
1719465421313,355.0,100
1719465424531,354.95,75
1719465424705,354.45,50
1719465425234,353.8,100
1719465425516,355.1,25
1719465425516,355.1,25
1719465427354,355.3,25
1719465427354,355.3,25
1719465427354,355.3,25
1719465427354,355.3,25
1719465427354,355.3,25
1719465434581,356.15,50
1719465435320,356.05,25
1719465435697,354.9,150
1719465436219,354.4,25
1719465436219,354.4,25
1719465438287,354.65,50
1719465438287,354.65,50
1719465438287,354.65,50
1719465442177,354.0,50
1719465442177,354.0,50
1719465443363,353.55,25
1719465443363,353.55,25
1719465445283,353.95,50
1719465445283,353.95,50
1719465445283,353.95,50
1719465447807,354.4,75
1719465447807,354.4,75
1719465447807,354.4,75
1719465447807,354.4,75
1719465451960,353.35,25
1719465452202,353.15,25
1719465452202,353.15,25
1719465452202,353.15,25
1719465454992,354.15,25
1719465454992,354.15,25
1719465454992,354.15,25
1719465454992,354.15,25
1719465459306,351.9,50
1719465459681,351.5,50
1719465460651,349.85,25
1719465461140,348.5,25
1719465461689,349.55,25
1719465461805,350.3,125
1719465462398,350.75,25
1719465463511,350.95,50
1719465463511,350.95,50
1719465465104,353.4,125
1719465465104,353.4,125
1719465466762,354.05,50
1719465466762,354.05,50
1719465466762,354.05,50
1719465470763,353.35,25
1719465471608,352.7,125
1719465471608,352.7,125
1719465472875,352.9,50
1719465472875,352.9,50
1719465474706,352.45,25
1719465474706,352.45,25
1719465474706,352.45,25
1719465474706,352.45,25
1719465474706,352.45,25
1719465474706,352.45,25
1719465474706,352.45,25
1719465474706,352.45,25
1719465484633,352.0,25
1719465484633,352.0,25
1719465486112,351.0,25
1719465486112,351.0,25
1719465488196,350.0,25
1719465488196,350.0,25
1719465489161,350.35,25
1719465489854,351.2,25
1719465489854,351.2,25
1719465489854,351.2,25
1719465489854,351.2,25
1719465494430,353.3,150
1719465494430,353.3,150
1719465495784,353.2,125
1719465496918,352.35,25
1719465496918,352.35,25
1719465497550,352.15,100
1719465498205,351.3,100
1719465498205,351.3,100
1719465499604,353.45,125
1719465500114,353.3,125
1719465500683,353.15,125
1719465501224,352.75,150
1719465501224,352.75,150
1719465502539,351.9,25
1719465503886,354.85,25
1719465505131,353.65,25
1719465505131,353.65,25
1719465506102,355.0,225
1719465506102,355.0,225
1719465507768,353.0,75
1719465507768,353.0,75
1719465509089,353.55,25
1719465509089,353.55,25
1719465511803,353.0,50
1719465511803,353.0,50
1719465512803,352.4,125
1719465512803,352.4,125
1719465514547,353.05,125
1719465514907,352.05,25
1719465514907,352.05,25
1719465515687,353.3,125
1719465516763,353.3,150
1719465517044,352.55,250
1719465517543,352.1,25
1719465518506,353.1,100
1719465518506,353.1,100
1719465518506,353.1,100
1719465521553,354.7,25
1719465521553,354.7,25
1719465523335,354.3,125
1719465523335,354.3,125
1719465523335,354.3,125
1719465526531,354.5,125
1719465526531,354.5,125
1719465527720,355.8,150
1719465528788,354.9,150
1719465528788,354.9,150
1719465529309,355.1,25
1719465529309,355.1,25
1719465530792,355.0,100
1719465531036,354.55,125
1719465532021,353.9,125
1719465532790,353.65,125
1719465533688,353.7,125
1719465533688,353.7,125
1719465534887,351.75,50
1719465535589,351.65,75
1719465535589,351.65,75
1719465536658,350.9,25
1719465536658,350.9,25
1719465537584,353.05,150
1719465538745,351.45,150
1719465538956,350.45,100
1719465540012,349.9,125
1719465540189,348.9,50
1719465540189,348.9,50
1719465540189,348.9,50
1719465541306,349.25,125
1719465541306,349.25,125
1719465543128,349.6,25
1719465543479,351.55,75
1719465543903,350.9,75
1719465544703,350.95,25
1719465544703,350.95,25
1719465546478,353.95,25
1719465546781,354.25,25
1719465546933,353.85,25
1719465547415,353.15,50
1719465548642,353.35,125
1719465549024,352.25,125
1719465549024,352.25,125
1719465549024,352.25,125
1719465551684,353.25,75
1719465552420,353.0,150
1719465552629,352.4,125
1719465553651,351.45,50
1719465554790,352.9,125
1719465554790,352.9,125
1719465555817,352.4,100
1719465556840,352.5,25
1719465556840,352.5,25
1719465558313,354.0,50
1719465558758,354.8,25
1719465558861,354.9,50
1719465559681,353.2,25
1719465560097,353.0,50
1719465560845,354.4,25
1719465561636,354.1,25
1719465562298,355.55,50
1719465562961,355.3,50
1719465563413,353.95,100
1719465563413,353.95,100
1719465565343,355.2,75
1719465565536,354.05,50
1719465565536,354.05,50
1719465566982,354.6,25
1719465567198,354.0,75
1719465567623,353.7,50
1719465567623,353.7,50
1719465567623,353.7,50
1719465567623,353.7,50
1719465571040,354.25,50
1719465571690,354.65,50
1719465572249,355.95,250
1719465572773,355.8,125
1719465572773,355.8,125
1719465574567,355.05,25
1719465575612,354.1,75
1719465576850,354.85,25
1719465577240,354.8,125
1719465577240,354.8,125
1719465578932,354.3,150
1719465579777,355.05,50
1719465579777,355.05,50
1719465580992,354.8,75
1719465581496,354.75,125
1719465582003,354.4,150
1719465582626,353.95,100
1719465583757,354.75,50
1719465583974,353.95,100
1719465585033,355.5,25
1719465585677,354.6,25
1719465585794,353.65,25
1719465586604,353.9,50
1719465586604,353.9,50
1719465587576,355.05,25
1719465588548,356.3,150
1719465588548,356.3,150
1719465589768,357.7,25
1719465590378,358.65,75
1719465590760,359.65,25
1719465591814,360.4,25
1719465592315,360.6,50
1719465592516,360.75,25
1719465593831,359.5,150
1719465593831,359.5,150
1719465593831,359.5,150
1719465598065,365.0,25
1719465598065,365.0,25
1719465599851,367.4,50
