time,price,volume
1719461503364,232.15,100
1719461503364,232.15,100
1719461504229,232.45,50
1719461504809,231.85,25
1719461504928,232.15,250
1719461504928,232.15,250
1719461506558,232.5,25
1719461506676,232.65,25
1719461507468,232.2,100
1719461508511,231.55,175
1719461508511,231.55,175
1719461509534,232.0,25
1719461510431,232.05,25
1719461510431,232.05,25
1719461511539,231.6,25
1719461512219,231.8,150
1719461512219,231.8,150
1719461513723,231.95,100
1719461513847,232.2,275
1719461514179,231.0,25
1719461515532,231.25,50
1719461516189,229.75,75
1719461516189,229.75,75
1719461517857,231.2,75
1719461518650,232.4,75
1719461518982,232.4,150
1719461518982,232.4,150
1719461520119,231.7,25
1719461521713,231.9,25
1719461522289,232.45,50
1719461522289,232.45,50
1719461524054,232.8,50
1719461524420,232.8,175
1719461525358,232.4,125
1719461525740,232.55,25
1719461526238,233.05,25
1719461526933,233.9,125
1719461527509,235.0,25
1719461528761,235.05,25
1719461528761,235.05,25
1719461528761,235.05,25
1719461530806,234.75,75
1719461531359,234.9,50
1719461531359,234.9,50
1719461533022,233.85,25
1719461533672,234.5,25
1719461533921,234.0,25
1719461533921,234.0,25
1719461535540,234.4,25
1719461535540,234.4,25
1719461536807,234.4,25
1719461536954,234.4,25
1719461536954,234.4,25
1719461537757,234.0,25
1719461537757,234.0,25
1719461540081,234.85,25
1719461540580,235.0,500
1719461540580,235.0,500
1719461541231,235.55,50
1719461542198,234.8,25
1719461542548,235.1,25
1719461543980,236.0,300
1719461544107,236.0,25
1719461544107,236.0,25
1719461545398,236.8,25
1719461545707,236.85,100
1719461545870,238.05,25
1719461545870,238.05,25
1719461548621,235.0,75
1719461548621,235.0,75
1719461549323,235.25,25
1719461550410,235.3,50
1719461550410,235.3,50
1719461551561,236.0,50
1719461552111,235.35,100
1719461552447,235.55,50
1719461553880,235.2,125
1719461554136,235.85,50
1719461554136,235.85,50
1719461555644,235.75,25
1719461555644,235.75,25
1719461555644,235.75,25
1719461555644,235.75,25
1719461558182,235.2,125
1719461558776,234.45,50
1719461559093,234.7,175
1719461559656,234.8,175
1719461559767,235.15,100
1719461559767,235.15,100
1719461560877,235.25,50
1719461562077,235.7,25
1719461562531,235.9,25
1719461563548,236.8,100
1719461563548,236.8,100
1719461564632,237.7,25
1719461565404,238.25,75
1719461565404,238.25,75
1719461565404,238.25,75
1719461565404,238.25,75
1719461565404,238.25,75
1719461571598,236.55,25
1719461572286,236.55,25
1719461572286,236.55,25
1719461573920,237.45,75
1719461573920,237.45,75
1719461574386,237.4,75
1719461574386,237.4,75
1719461576639,235.75,75
1719461576639,235.75,75
1719461577989,235.75,50
1719461578074,236.15,25
1719461578074,236.15,25
1719461580431,236.25,25
1719461580431,236.25,25
1719461581377,236.55,25
1719461581856,236.05,25
1719461581856,236.05,25
1719461581856,236.05,25
1719461584772,236.35,100
1719461584772,236.35,100
1719461586951,237.0,50
1719461586951,237.0,50
1719461587541,237.4,50
1719461588435,237.6,100
1719461588435,237.6,100
1719461590242,238.25,25
1719461590242,238.25,25
1719461590242,238.25,25
1719461592608,238.45,75
1719461592608,238.45,75
1719461592608,238.45,75
1719461596320,235.7,200
1719461596489,236.35,25
1719461596489,236.35,25
1719461596489,236.35,25
1719461600399,236.45,25
1719461600399,236.45,25
1719461601193,236.7,75
1719461601386,236.1,50
1719461601905,236.45,50
1719461601905,236.45,50
1719461601905,236.45,50
1719461605680,236.0,25
1719461606468,236.05,100
1719461606468,236.05,100
1719461608871,237.7,100
1719461608871,237.7,100
1719461608871,237.7,100
1719461608871,237.7,100
1719461608871,237.7,100
1719461608871,237.7,100
1719461612770,236.45,25
1719461612770,236.45,25
1719461614168,236.65,25
1719461615367,237.7,100
1719461615506,237.85,50
1719461616964,237.6,25
1719461616964,237.6,25
1719461617621,237.85,25
1719461618470,238.15,25
1719461618470,238.15,25
1719461619364,237.0,275
1719461620034,237.3,100
1719461620034,237.3,100
1719461620934,236.7,25
1719461620934,236.7,25
1719461620934,236.7,25
1719461624231,235.1,25
1719461625119,234.15,100
1719461625624,233.7,25
1719461625691,234.2,50
1719461625691,234.2,50
1719461627456,234.85,25
1719461627571,234.25,125
1719461627571,234.25,125
1719461627571,234.25,125
1719461627571,234.25,125
1719461632603,234.45,50
1719461632603,234.45,50
1719461632603,234.45,50
1719461632603,234.45,50
1719461632603,234.45,50
1719461632603,234.45,50
1719461632603,234.45,50
1719461640942,234.95,25
1719461640942,234.95,25
1719461643738,234.95,25
1719461643738,234.95,25
1719461644857,235.0,100
1719461645064,235.0,25
1719461645064,235.0,25
1719461645064,235.0,25
1719461647615,235.2,150
1719461648986,234.95,250
1719461648986,234.95,250
1719461648986,234.95,250
1719461652443,234.9,50
1719461653329,234.15,25
1719461653329,234.15,25
1719461655283,233.3,75
1719461655613,234.3,50
1719461656100,234.1,50
1719461656100,234.1,50
1719461656100,234.1,50
1719461659300,235.15,75
1719461659300,235.15,75
1719461661859,236.0,25
1719461661859,236.0,25
1719461662751,237.2,100
1719461663626,238.1,25
1719461663924,236.65,75
1719461664385,236.6,500
1719461664908,237.25,25
1719461664908,237.25,25
1719461668050,234.25,550
1719461668450,234.0,25
1719461669146,234.55,75
1719461669146,234.55,75
1719461669146,234.55,75
1719461670937,234.85,50
1719461670937,234.85,50
1719461673053,234.6,50
1719461673898,235.65,25
1719461673898,235.65,25
1719461673898,235.65,25
1719461676860,234.8,275
1719461676860,234.8,275
1719461679072,235.9,50
1719461679851,236.3,25
1719461680363,236.2,25
1719461680363,236.2,25
1719461681195,235.8,50
1719461681195,235.8,50
1719461682937,235.25,50
1719461683445,235.05,100
1719461683445,235.05,100
1719461684745,234.15,25
1719461684745,234.15,25
1719461686707,234.0,25
1719461687092,234.4,25
1719461687092,234.4,25
1719461687937,234.7,25
1719461687937,234.7,25
1719461689706,233.8,25
1719461689773,234.4,100
1719461691709,233.8,25
1719461691709,233.8,25
1719461693700,233.95,25
1719461693700,233.95,25
1719461695372,233.95,25
1719461695372,233.95,25
1719461696216,234.3,100
1719461697217,234.05,25
1719461697379,234.0,250
1719461697677,234.15,125
1719461698498,234.7,125
1719461698498,234.7,125
1719461699919,235.15,175
1719461699919,235.15,175
1719461701260,233.55,250
1719461702580,232.2,25
1719461702580,232.2,25
1719461702939,233.05,200
1719461703960,232.95,25
1719461704486,232.75,75
1719461705640,234.35,75
1719461705640,234.35,75
1719461706045,233.75,25
1719461707193,235.1,25
1719461707940,236.75,175
1719461709015,235.85,25
1719461709015,235.85,25
1719461710805,234.4,50
1719461710805,234.4,50
1719461711381,233.3,50
1719461712098,234.0,25
1719461712098,234.0,25
1719461713276,234.65,25
1719461713276,234.65,25
1719461713276,234.65,25
1719461716141,234.85,50
1719461716826,235.2,175
1719461716826,235.2,175
1719461717620,234.65,25
1719461717939,234.9,50
1719461719184,234.65,75
1719461719946,232.65,25
1719461719946,232.65,25
1719461721409,232.7,125
1719461722217,232.85,25
1719461722533,233.55,50
1719461723054,233.2,100
1719461724119,233.2,25
1719461747941,228.2,225
1719461747941,228.2,225
1719461750914,227.6,100
1719461751752,227.3,25
1719461752156,226.85,50
1719461752156,226.85,50
1719461753148,226.7,100
1719461753148,226.7,100
1719461754616,227.45,25
1719461755706,227.1,25
1719461755706,227.1,25
1719461755706,227.1,25
1719461758274,228.3,25
1719461758861,227.6,150
1719461759087,227.2,25
1719461759087,227.2,25
1719461760888,227.0,25
1719461761666,227.85,50
1719461762305,226.5,150
1719461762305,226.5,150
1719461763252,226.3,150
1719461764244,226.0,100
1719461764496,226.05,50
1719461765306,226.75,25
1719461765306,226.75,25
1719461766871,227.3,25
1719461767468,227.3,75
1719461767468,227.3,75
1719461768841,227.35,350
1719461770218,227.2,25
1719461770218,227.2,25
1719461771346,226.9,275
1719461771522,227.8,1725
1719461772535,228.05,75
1719461772939,228.15,25
1719461772939,228.15,25
1719461775218,228.65,50
1719461775218,228.65,50
1719461775218,228.65,50
1719461777982,228.5,25
1719461778759,228.15,25
1719461778759,228.15,25
1719461779340,228.15,475
1719461780559,228.15,25
1719461780559,228.15,25
1719461781492,228.4,125
1719461782309,227.3,50
1719461782309,227.3,50
1719461783709,227.2,25
1719461783709,227.2,25
1719461784738,227.9,75
1719461784738,227.9,75
1719461786377,226.0,25
1719461786980,225.05,25
1719461787390,225.0,25
1719461787656,224.95,25
1719461788101,224.7,125
1719461789064,224.8,25
1719461789707,224.6,25
1719461790383,224.6,100
1719461790853,224.75,75
1719461791656,225.3,150
1719461792520,226.2,50
1719461792520,226.2,50
1719461793789,225.8,75
1719461793789,225.8,75
1719461794957,226.35,150
1719461794957,226.35,150
1719461796073,226.25,50
1719461796073,226.25,50
1719461797973,225.6,75
1719461798681,224.8,125
1719461798681,224.8,125
1719461800127,226.4,25
1719461800739,225.6,50
1719461800843,226.15,25
1719461801957,225.7,25
1719461802474,225.5,150
1719461802474,225.5,150
1719461803799,225.0,25
1719461803808,224.75,50
1719461803808,224.75,50
1719461805744,225.75,250
1719461807397,226.1,125
1719461807943,225.7,25
1719461809050,226.05,150
1719461809331,226.0,25
1719461810800,225.6,100
1719461810926,225.3,50
1719461811415,226.15,50
1719461812011,225.8,25
1719461812998,226.4,125
1719461813715,226.1,25
1719461813715,226.1,25
1719461815543,227.15,25
1719461815846,227.05,25
1719461816193,226.5,50
1719461817287,227.95,125
1719461817287,227.95,125
1719461818632,227.85,75
1719461818632,227.85,75
1719461818632,227.85,75
1719461818632,227.85,75
1719461818632,227.85,75
1719461822922,228.1,75
1719461823782,228.3,25
1719461823782,228.3,25
1719461824738,229.0,25
1719461825629,228.2,25
1719461825629,228.2,25
1719461825629,228.2,25
1719461827636,229.0,50
1719461828077,228.55,50
1719461829039,228.9,100
1719461829950,229.25,25
1719461830205,229.45,100
1719461831705,230.0,25
1719461831705,230.0,25
1719461832944,228.9,150
1719461834122,227.65,25
1719461835046,227.5,150
1719461835548,226.5,400
1719461836502,227.05,25
1719461837334,227.95,25
1719461837828,228.3,25
1719461838623,228.75,25
1719461839064,228.85,25
1719461839585,229.25,25
1719461840320,229.75,25
1719461841595,230.0,150
1719461842126,230.4,50
1719461842126,230.4,50
1719461843767,229.55,50
1719461843767,229.55,50
1719461843767,229.55,50
1719461846985,229.55,25
1719461846985,229.55,25
1719461847939,229.55,25
1719461848615,229.2,50
1719461848615,229.2,50
1719461850373,230.0,250
1719461850373,230.0,250
1719461850373,230.0,250
1719461851329,229.4,75
1719461852178,230.15,25
1719461852178,230.15,25
1719461852178,230.15,25
1719461852178,230.15,25
1719461854335,230.25,100
1719461854335,230.25,100
1719461854335,230.25,100
1719461857944,230.1,75
1719461858139,230.05,175
1719461858139,230.05,175
1719461859968,230.3,50
1719461860463,231.1,100
1719461861573,230.55,25
1719461861573,230.55,25
1719461862991,230.5,250
1719461863994,230.25,250
1719461863994,230.25,250
1719461864764,230.25,250
1719461865664,230.05,50
1719461866666,229.95,100
1719461866666,229.95,100
1719461868024,230.35,125
1719461868024,230.35,125
1719461868998,230.65,25
1719461868998,230.65,25
1719461869872,230.9,25
1719461869872,230.9,25
1719461873004,231.3,125
1719461873990,231.75,50
1719461873990,231.75,50
1719461874793,232.15,25
1719461875405,232.35,75
1719461875405,232.35,75
1719461876654,232.8,125
1719461877087,232.8,50
1719461877087,232.8,50
1719461878123,232.4,75
1719461879067,232.7,25
1719461879067,232.7,25
1719461880120,232.15,100
1719461880856,232.35,1200
1719461880856,232.35,1200
1719461881805,232.8,175
1719461882396,233.7,25
1719461882947,232.9,350
1719461883256,232.7,25
1719461884085,232.0,25
1719461884085,232.0,25
1719461885851,231.7,25
1719461885851,231.7,25
1719461886669,231.45,25
1719461886669,231.45,25
1719461887977,232.05,350
1719461888079,232.2,25
1719461888079,232.2,25
1719461890333,232.0,25
1719461890670,232.8,25
1719461890670,232.8,25
1719461891803,232.6,25
1719461892184,232.55,75
1719461892184,232.55,75
1719461893339,233.0,25
1719461893339,233.0,25
1719461894510,232.9,125
1719461895220,233.4,25
1719461896093,233.6,100
1719461896093,233.6,100
1719461897480,233.05,50
1719461897480,233.05,50
1719461897943,233.4,25
1719461899180,233.7,100
1719461899180,233.7,100
1719461900804,233.0,25
1719461901031,232.65,25
1719461902004,231.55,50
1719461902507,232.1,50
1719461902507,232.1,50
1719461903292,231.05,25
1719461903899,231.9,100
1719461903899,231.9,100
1719461903899,231.9,100
1719461906490,233.0,25
1719461906490,233.0,25
1719461907944,232.85,100
1719461907944,232.85,100
1719461907944,232.85,100
1719461910963,234.0,25
1719461911305,234.2,250
1719461912521,233.0,25
1719461912521,233.0,25
1719461913996,234.0,200
1719461913996,234.0,200
1719461914705,234.25,25
1719461914705,234.25,25
1719461917038,234.6,25
1719461917125,234.3,25
1719461917946,234.4,175
1719461918769,234.6,25
1719461918769,234.6,25
1719461920798,233.85,25
1719461920798,233.85,25
1719461922368,232.3,25
1719461922368,232.3,25
1719461923618,232.55,100
1719461923618,232.55,100
1719461923618,232.55,100
1719461926898,232.25,25
1719461926898,232.25,25
1719461928089,232.65,375
1719461928497,232.35,25
1719461929356,232.9,25
1719461929516,232.9,25
1719461930655,232.4,25
1719461930975,232.2,100
1719461931413,232.45,25
1719461931988,232.7,25
1719461933796,232.9,50
1719461933796,232.9,50
1719461935442,233.1,25
1719461935634,232.7,25
1719461935634,232.7,25
1719461935634,232.7,25
1719461937947,233.2,300
1719461939453,232.75,25
1719461939751,232.4,150
1719461939751,232.4,150
1719461939751,232.4,150
1719461939751,232.4,150
1719461943016,232.75,25
1719461943016,232.75,25
1719461943016,232.75,25
1719461946832,231.45,175
1719461947744,231.7,75
1719461948063,231.55,375
1719461948063,231.55,375
1719461949454,231.0,25
1719461950769,230.55,75
1719461950769,230.55,75
1719461951907,230.65,50
1719461951907,230.65,50
1719461953030,230.8,25
1719461953862,230.5,25
1719461954194,230.35,25
1719461954889,231.1,50
1719461954985,231.8,25
1719461956091,230.75,25
1719461957769,231.0,25
1719461957769,231.0,25
1719461958610,229.35,25
1719461959388,229.9,25
1719461959388,229.9,25
1719461960866,228.1,25
1719461960866,228.1,25
1719461961887,226.6,250
1719461962429,227.4,75
1719461962947,227.05,25
1719461963411,225.55,75
1719461964134,226.45,50
1719461964134,226.45,50
1719461965518,226.45,100
1719461965518,226.45,100
1719461966843,227.7,25
1719461966930,228.15,50
1719461966930,228.15,50
1719461968242,227.95,250
1719461968242,227.95,250
1719461969950,227.15,25
1719461969950,227.15,25
1719461969950,227.15,25
1719461969950,227.15,25
1719461972948,227.2,25
1719461973163,227.25,75
1719461974067,228.0,25
1719461974067,228.0,25
1719461975614,227.9,25
1719461976295,227.9,150
1719461976295,227.9,150
1719461977947,228.1,50
1719461978762,228.7,75
1719461978762,228.7,75
1719461980307,227.8,25
1719461980307,227.8,25
1719461981324,227.75,25
1719461981875,228.0,25
1719461982113,227.8,25
1719461982943,227.75,125
1719461983653,226.5,25
1719461984241,226.0,950
1719461984954,225.7,125
1719461985577,227.0,25
1719461985577,227.0,25
1719461986826,225.95,25
1719461987866,226.95,25
1719461988245,226.3,25
1719461988245,226.3,25
1719461990601,226.7,125
1719461990601,226.7,125
1719461992419,226.15,100
1719461992773,226.65,25
1719461994078,226.25,25
1719461994238,226.15,25
1719461994238,226.15,25
1719461994238,226.15,25
1719461996448,226.35,25
1719461996820,227.6,25
1719461996820,227.6,25
1719461997949,227.4,125
1719461998947,227.2,50
1719461998947,227.2,50
1719461999856,226.8,25
1719462000349,227.1,25
1719462000349,227.1,25
1719462000349,227.1,25
1719462001761,226.15,50
1719462002774,225.35,25
1719462003695,226.1,25
1719462004292,226.55,25
1719462004292,226.55,25
1719462005840,225.7,25
1719462005840,225.7,25
1719462007070,224.5,25
1719462007496,224.9,25
1719462007496,224.9,25
1719462008915,224.0,125
1719462008915,224.0,125
1719462008915,224.0,125
1719462010773,224.45,25
1719462011558,225.35,25
1719462012206,225.8,100
1719462012849,225.0,25
1719462013236,224.9,25
1719462013236,224.9,25
1719462014958,225.25,50
1719462015684,224.2,50
1719462015684,224.2,50
1719462016989,224.4,100
1719462017502,224.05,100
1719462017877,223.6,25
1719462018758,224.0,25
1719462019451,224.35,25
1719462019898,223.8,25
1719462019978,223.6,25
1719462020994,223.75,25
1719462021896,225.0,250
1719462022468,225.75,25
1719462022468,225.75,25
1719462023923,226.55,25
1719462023935,226.4,125
1719462024870,227.1,25
1719462026078,226.5,25
1719462026999,226.5,25
1719462027337,226.8,25
1719462027337,226.8,25
1719462028366,227.15,350
1719462029456,226.5,25
1719462029456,226.5,25
1719462029456,226.5,25
1719462030997,226.0,50
1719462032292,225.8,25
1719462032292,225.8,25
1719462033092,225.85,25
1719462033092,225.85,25
1719462034947,226.25,25
1719462035214,226.85,25
1719462036677,225.85,25
1719462037291,227.0,50
1719462037291,227.0,50
1719462038465,226.5,100
1719462038465,226.5,100
1719462039901,226.1,175
1719462040779,226.2,25
1719462041132,226.3,25
1719462042091,227.1,100
1719462042549,227.1,25
1719462042821,226.85,50
1719462042979,227.05,75
1719462044312,227.8,25
1719462044312,227.8,25
1719462045848,227.8,25
1719462045848,227.8,25
1719462047474,226.85,25
1719462047474,226.85,25
1719462047951,227.15,375
1719462048331,226.5,25
1719462048331,226.5,25
1719462049719,226.3,25
1719462050199,226.3,75
1719462050199,226.3,75
1719462052648,225.0,25
1719462052950,225.2,275
1719462054111,225.0,125
1719462054111,225.0,125
1719462055198,226.25,75
1719462055198,226.25,75
1719462056267,226.3,25
1719462057603,226.6,50
1719462057909,227.0,50
1719462058455,227.3,25
1719462058455,227.3,25
1719462059983,227.2,25
1719462060694,227.5,225
1719462060694,227.5,225
1719462060694,227.5,225
1719462060694,227.5,225
1719462063111,226.85,75
1719462063848,227.1,25
1719462064473,228.0,25
1719462064736,227.95,25
1719462065312,227.65,25
1719462066613,228.15,50
1719462066983,228.25,25
1719462067949,228.35,25
1719462068662,227.6,50
1719462068662,227.6,50
1719462068662,227.6,50
1719462068662,227.6,50
1719462072950,228.0,25
1719462074246,227.5,50
1719462074246,227.5,50
1719462077676,227.2,25
1719462077951,227.7,125
1719462078778,227.5,75
1719462078778,227.5,75
1719462079920,227.5,25
1719462080897,227.35,150
1719462080972,227.25,25
1719462081679,227.4,25
1719462082748,229.3,25
1719462082977,229.25,25
1719462083897,228.35,25
1719462083897,228.35,25
1719462084979,229.3,25
1719462085506,229.05,25
1719462085506,229.05,25
1719462086677,229.25,50
1719462087415,228.45,25
1719462087952,228.7,50
1719462088680,228.35,25
1719462089288,228.3,25
1719462089969,228.5,25
1719462090755,228.6,50
1719462090755,228.6,50
1719462090755,228.6,50
1719462091445,229.1,25
1719462092763,229.3,150
1719462093154,228.95,25
1719462093470,229.5,25
1719462093470,229.5,25
1719462094909,230.15,50
1719462095793,229.25,50
1719462095793,229.25,50
1719462096626,229.05,75
1719462096626,229.05,75
1719462097953,229.25,100
1719462098836,229.55,175
1719462099373,228.7,25
1719462099922,228.6,225
1719462100080,228.7,50
1719462100080,228.7,50
1719462101749,229.35,100
1719462102795,228.75,50
1719462103037,229.15,50
1719462103812,228.8,25
1719462103812,228.8,25
1719462104825,228.3,25
1719462105718,228.7,1700
1719462105718,228.7,1700
1719462107092,229.3,25
1719462107092,229.3,25
1719462107952,229.15,350
1719462108520,228.0,225
1719462109323,227.9,25
1719462109323,227.9,25
1719462110867,227.15,25
1719462110867,227.15,25
1719462111970,227.65,75
1719462112243,227.5,50
1719462112951,226.9,300
1719462113181,225.0,75
1719462114032,227.0,50
1719462114032,227.0,50
1719462114032,227.0,50
1719462117156,227.95,25
1719462117156,227.95,25
1719462118986,229.05,25
1719462118986,229.05,25
1719462119746,228.85,25
1719462119746,228.85,25
1719462119746,228.85,25
1719462121351,228.55,50
1719462121410,228.5,25
1719462122823,229.15,25
1719462122953,229.6,25
1719462123522,228.95,25
1719462124202,229.35,25
1719462124202,229.35,25
1719462125017,229.6,50
1719462126119,229.55,25
1719462127092,229.65,25
1719462127241,228.95,50
1719462127952,229.6,300
1719462128768,230.1,250
1719462128768,230.1,250
1719462129805,229.55,75
1719462131075,230.3,25
1719462131273,229.9,25
1719462131273,229.9,25
1719462132706,229.6,25
1719462133116,230.15,25
1719462133678,229.8,25
1719462134136,230.05,50
1719462134870,228.6,25
1719462135682,229.9,25
1719462136116,229.1,50
1719462136879,229.2,25
1719462137876,229.55,25
1719462138095,229.9,325
1719462138919,230.2,50
1719462138919,230.2,50
1719462139666,230.3,25
1719462140978,230.9,300
1719462140978,230.9,300
1719462141339,230.1,75
1719462141339,230.1,75
1719462143249,230.9,25
1719462143249,230.9,25
1719462145398,231.2,25
1719462145398,231.2,25
1719462145398,231.2,25
1719462146706,230.2,25
1719462147190,230.15,25
1719462147983,229.8,25
1719462148342,229.0,25
1719462149303,229.95,25
1719462149622,229.2,25
1719462150056,229.7,25
1719462150056,229.7,25
1719462151250,230.35,50
1719462151250,230.35,50
1719462151250,230.35,50
1719462152952,230.8,25
1719462153387,230.15,25
1719462154471,230.5,25
1719462154471,230.5,25
1719462155676,230.15,25
1719462156269,230.05,25
1719462156269,230.05,25
1719462157542,230.0,25
1719462157970,230.4,25
1719462158091,230.25,175
1719462158091,230.25,175
1719462159953,230.65,25
1719462160860,231.15,25
1719462160860,231.15,25
1719462160860,231.15,25
1719462162952,231.4,75
1719462163942,231.7,25
1719462163942,231.7,25
1719462164988,231.55,25
1719462164988,231.55,25
1719462167817,232.0,550
1719462167953,231.75,350
1719462169271,231.9,75
1719462169271,231.9,75
1719462169800,233.4,50
1719462169800,233.4,50
1719462171995,232.4,25
1719462172908,231.3,25
1719462172951,231.7,50
1719462173893,231.0,25
1719462174143,230.0,25
1719462175013,230.0,25
1719462175777,230.1,100
1719462176031,230.1,25
1719462177003,231.3,50
1719462177003,231.3,50
1719462179276,233.0,200
1719462179276,233.0,200
1719462180477,232.55,25
1719462180477,232.55,25
1719462180477,232.55,25
1719462182265,232.65,50
1719462182265,232.65,50
1719462182958,232.9,100
1719462184220,233.2,50
1719462184220,233.2,50
1719462184733,233.0,75
1719462185865,232.7,25
1719462185865,232.7,25
1719462187015,233.6,50
1719462187576,233.35,25
1719462188873,233.05,25
1719462188873,233.05,25
1719462190823,233.1,100
1719462190823,233.1,100
1719462191917,232.15,25
1719462191917,232.15,25
1719462192953,232.75,50
1719462193503,232.75,200
1719462193503,232.75,200
1719462193503,232.75,200
1719462196855,233.1,25
1719462197956,232.9,25
1719462197956,232.9,25
1719462197956,232.9,25
1719462200787,232.45,75
1719462200787,232.45,75
1719462201805,232.0,25
1719462201863,231.25,50
1719462202983,232.2,25
1719462203211,231.0,25
1719462204137,231.0,225
1719462204595,230.8,25
1719462204595,230.8,25
1719462207207,230.65,75
1719462207953,230.95,125
1719462207953,230.95,125
1719462207953,230.95,125
1719462210412,231.7,25
1719462210810,232.0,25
1719462210990,231.7,25
1719462210990,231.7,25
1719462212030,232.55,25
1719462212969,231.6,25
1719462213463,231.15,25
1719462213463,231.15,25
1719462215051,231.7,25
1719462215831,232.1,25
1719462215831,232.1,25
1719462216846,231.95,25
1719462217955,232.35,275
1719462217955,232.35,275
1719462218785,231.55,25
1719462219498,231.0,25
1719462219498,231.0,25
1719462220938,230.75,50
1719462221321,231.0,25
1719462221321,231.0,25
1719462222954,232.05,200
1719462222954,232.05,200
1719462222954,232.05,200
1719462226425,230.85,25
1719462227955,231.7,25
1719462228738,231.35,25
1719462229499,231.4,25
1719462229499,231.4,25
1719462230901,232.35,25
1719462231276,232.05,50
1719462231985,232.05,50
1719462232902,233.0,75
1719462233864,232.05,25
1719462233864,232.05,25
1719462234910,231.85,25
1719462236251,232.3,25
1719462237291,232.9,25
1719462237803,233.0,375
1719462239033,232.65,75
1719462239208,232.3,25
1719462239208,232.3,25
1719462240835,232.2,25
1719462240835,232.2,25
1719462241312,231.45,25
1719462241984,231.55,25
1719462242954,231.6,125
1719462243442,231.0,100
1719462244084,231.0,25
1719462244696,230.95,25
1719462246439,230.5,25
1719462246730,230.0,500
1719462247956,230.65,50
1719462247956,230.65,50
1719462250306,230.65,25
1719462251000,230.85,25
1719462251000,230.85,25
1719462252028,231.85,25
1719462252879,232.45,25
1719462253219,232.3,25
1719462253994,232.6,100
1719462254374,232.45,25
1719462256203,231.95,25
1719462256296,231.9,25
1719462257923,231.75,25
1719462259016,232.5,50
1719462259276,232.5,75
1719462259276,232.5,75
1719462261222,231.9,50
1719462261222,231.9,50
1719462262952,231.9,225
1719462263071,231.95,25
1719462263147,231.55,25
1719462263147,231.55,25
1719462265492,231.55,25
1719462265492,231.55,25
1719462266577,230.8,50
1719462266967,230.75,25
1719462267955,230.95,25
1719462268143,231.25,25
1719462269542,230.3,25
1719462270062,230.05,25
1719462270062,230.05,25
1719462270062,230.05,25
1719462270062,230.05,25
1719462271930,231.05,25
1719462272957,230.8,25
1719462274191,230.8,175
1719462274191,230.8,175
1719462274984,230.65,25
1719462275818,230.25,25
1719462277366,230.0,25
1719462277958,229.6,75
1719462277958,229.6,75
1719462279861,229.45,25
1719462280235,228.75,25
1719462280416,228.55,25
1719462280416,228.55,25
1719462281457,228.15,25
1719462282961,228.6,25
1719462283917,228.65,25
1719462283917,228.65,25
1719462284997,229.55,75
1719462285563,228.9,25
1719462286087,228.85,25
1719462286087,228.85,25
1719462287956,229.25,25
1719462288770,229.25,225
1719462289368,228.65,25
1719462289863,227.5,25
1719462290801,227.1,25
1719462293014,227.65,275
1719462294271,228.15,75
1719462294271,228.15,75
1719462294720,228.35,25
1719462294720,228.35,25
1719462296601,228.5,25
1719462297059,228.3,50
1719462298004,228.85,225
1719462298004,228.85,225
1719462300381,227.55,25
1719462300381,227.55,25
1719462301216,227.85,25
1719462301326,227.75,25
1719462301476,227.25,25
1719462302958,227.85,25
1719462303714,227.55,75
1719462303714,227.55,75
1719462305992,227.65,25
1719462306096,227.55,25
1719462306096,227.55,25
1719462307957,227.3,100
1719462307957,227.3,100
1719462308996,227.15,25
1719462309737,228.15,25
1719462309843,228.3,75
1719462311012,227.6,25
1719462311012,227.6,25
1719462312055,226.0,250
1719462313101,225.0,25
1719462313606,225.25,100
1719462314215,226.0,25
1719462315001,225.45,25
1719462316251,225.7,25
1719462316342,225.9,25
1719462316523,226.45,50
1719462318072,225.1,25
1719462318072,225.1,25
1719462318072,225.1,25
1719462320310,225.9,25
1719462320382,226.1,50
1719462321855,225.65,100
1719462323136,226.2,25
1719462323136,226.2,25
1719462324093,225.75,25
1719462324576,225.5,75
1719462325067,225.75,125
1719462325201,225.75,150
1719462325201,225.75,150
1719462326633,226.2,25
1719462327959,226.1,150
1719462328218,225.0,25
1719462328975,224.65,25
1719462328975,224.65,25
1719462330289,224.7,75
1719462330607,224.3,25
1719462331054,225.3,25
1719462331054,225.3,25
1719462332454,225.55,100
1719462332962,225.7,75
1719462332962,225.7,75
1719462334283,225.1,25
1719462334484,225.25,25
1719462334484,225.25,25
1719462335282,225.25,25
1719462336346,225.15,50
1719462336346,225.15,50
1719462338065,226.2,25
1719462339065,226.05,25
1719462339065,226.05,25
1719462339065,226.05,25
1719462341682,226.3,25
1719462341908,226.05,25
1719462342958,226.25,225
1719462342958,226.25,225
1719462343827,225.75,25
1719462344771,225.5,25
1719462345074,225.5,25
1719462345760,226.7,25
1719462345760,226.7,25
1719462346957,226.15,25
1719462347960,226.5,25
1719462348710,226.4,25
1719462348710,226.4,25
1719462350239,226.05,25
1719462350239,226.05,25
1719462351654,225.65,25
1719462352155,226.1,25
1719462353056,226.55,25
1719462354063,227.0,25
1719462354284,226.7,25
1719462354995,226.1,25
1719462355952,226.25,300
1719462356141,226.9,75
1719462356789,226.95,25
1719462357959,226.5,25
1719462357959,226.5,25
1719462359113,227.15,25
1719462359761,227.4,25
1719462359761,227.4,25
1719462360756,227.0,75
1719462361354,226.5,50
1719462362065,226.4,50
1719462362993,227.0,50
1719462364036,227.0,25
1719462364036,227.0,25
1719462364836,227.6,25
1719462366049,227.5,25
1719462366385,227.9,25
1719462366668,228.0,75
1719462368069,228.5,250
1719462369126,228.65,25
1719462369126,228.65,25
1719462370513,227.05,25
1719462371237,227.0,50
1719462371237,227.0,50
1719462372152,226.35,25
1719462372958,226.55,25
1719462372958,226.55,25
1719462374087,226.65,25
1719462374676,226.55,25
1719462374833,226.75,25
1719462376196,226.25,25
1719462377191,226.6,25
1719462378085,227.0,25
1719462378358,227.7,50
1719462379621,228.1,25
1719462379621,228.1,25
1719462381283,228.8,25
1719462381368,228.75,50
1719462381805,229.1,25
1719462382957,228.0,250
1719462382957,228.0,250
1719462383730,228.0,25
1719462384154,228.05,25
1719462384154,228.05,25
1719462384154,228.05,25
1719462387960,228.25,250
1719462387960,228.25,250
1719462388354,227.6,200
1719462388354,227.6,200
1719462390135,228.85,25
1719462390400,228.9,50
1719462390400,228.9,50
1719462390400,228.9,50
1719462392877,228.15,25
1719462392962,228.45,200
1719462393634,228.0,250
1719462394411,227.45,25
1719462394411,227.45,25
1719462394411,227.45,25
1719462397171,226.4,25
1719462397961,226.45,75
1719462398980,226.2,25
1719462399860,224.85,25
1719462400146,223.7,25
1719462401024,222.65,25
1719462401413,221.35,50
1719462401901,221.2,100
1719462403107,220.5,25
1719462403107,220.5,25
1719462403874,220.0,25
1719462404404,220.5,25
1719462404404,220.5,25
1719462405907,220.75,25
1719462406480,221.0,25
1719462407012,220.5,25
1719462408240,219.0,75
1719462409085,217.95,75
1719462409708,219.4,100
1719462410001,219.75,100
1719462411051,219.15,25
1719462411499,218.8,25
1719462411664,218.7,25
1719462412987,218.95,300
1719462413262,218.55,25
1719462414157,218.25,25
1719462414654,218.0,25
1719462415114,216.25,25
1719462415807,216.05,25
1719462416242,216.3,50
1719462417262,215.25,125
1719462418131,215.2,25
1719462418131,215.2,25
1719462419336,215.15,100
1719462419336,215.15,100
1719462420365,213.1,25
1719462420584,214.3,25
1719462421082,212.7,100
1719462421292,213.4,100
1719462422074,211.5,75
1719462423300,211.2,25
1719462423477,212.4,50
1719462424524,211.75,125
1719462424907,212.95,25
1719462425355,213.2,125
1719462426444,213.5,150
1719462426444,213.5,150
1719462427251,212.85,25
1719462428317,214.8,25
1719462429198,213.7,275
1719462429828,213.6,50
1719462429828,213.6,50
1719462431140,213.8,25
1719462431140,213.8,25
1719462432212,213.7,25
1719462432963,214.75,25
1719462432963,214.75,25
1719462434038,214.35,25
1719462434862,212.95,125
1719462435099,213.0,475
1719462435988,212.6,300
1719462436385,213.25,25
1719462436385,213.25,25
1719462438200,212.7,25
1719462438447,212.5,25
1719462439715,212.85,100
1719462440146,212.85,25
1719462440744,213.0,25
1719462441609,212.9,25
1719462442079,212.4,175
1719462443283,212.4,25
1719462443283,212.4,25
1719462443963,212.55,25
1719462444909,211.35,25
1719462444909,211.35,25
1719462445589,210.8,50
1719462446605,210.0,25
1719462446605,210.0,25
1719462447959,211.75,25
1719462448281,211.25,25
1719462448830,212.0,1175
1719462449965,212.55,25
1719462450039,212.5,25
1719462450855,212.8,50
1719462450855,212.8,50
1719462451647,212.3,25
1719462452180,212.3,25
1719462453018,213.45,25
1719462453345,213.4,25
1719462453771,212.5,500
1719462454653,212.7,25
1719462454653,212.7,25
1719462455577,211.95,75
1719462456565,212.45,25
1719462457116,212.05,25
1719462458131,211.95,200
1719462458131,211.95,200
1719462458921,212.3,225
1719462459804,212.65,25
1719462460047,212.0,25
1719462460969,211.8,150
1719462460969,211.8,150
1719462462357,211.3,50
1719462462963,210.7,100
1719462463236,210.65,25
1719462463930,209.9,25
1719462464728,210.7,25
1719462465128,210.45,100
1719462466075,209.0,25
1719462466756,208.2,50
1719462467269,208.0,25
1719462468239,208.35,25
1719462468567,207.55,25
1719462468914,207.4,25
1719462469972,207.35,300
1719462469972,207.35,300
1719462471183,205.5,25
1719462471728,205.1,75
1719462472323,204.95,350
1719462473002,204.95,125
1719462474343,204.4,100
1719462474862,205.25,25
1719462475161,204.8,25
1719462476349,203.45,125
1719462476573,203.2,25
1719462477358,203.65,25
1719462478089,203.6,50
1719462478338,203.8,300
1719462479167,204.05,50
1719462479507,204.4,125
1719462480396,203.65,25
1719462480396,203.65,25
1719462481272,202.45,100
1719462481600,202.45,50
1719462482205,201.4,75
1719462483389,200.4,100
1719462483389,200.4,100
1719462484144,200.55,50
1719462484860,201.8,25
1719462484860,201.8,25
1719462486110,202.65,25
1719462486763,202.65,25
1719462486763,202.65,25
1719462488131,203.2,25
1719462489552,202.6,75
1719462490002,202.35,25
1719462490137,203.0,100
1719462491029,202.85,25
1719462491628,202.05,75
1719462492145,201.75,25
1719462493191,203.0,50
1719462493191,203.0,50
1719462494038,203.0,100
1719462494690,202.0,75
1719462494690,202.0,75
1719462495869,203.2,100
1719462496556,202.5,50
1719462496922,202.25,1250
1719462497880,203.1,100
1719462499158,202.5,50
1719462500001,204.55,25
1719462500109,203.55,25
1719462501317,203.35,225
1719462501720,202.75,25
1719462502154,202.55,50
1719462503190,202.8,50
1719462503352,202.3,100
1719462504103,202.85,25
1719462504606,201.9,25
1719462504606,201.9,25
1719462506543,200.45,25
1719462506818,200.85,25
1719462506818,200.85,25
1719462508099,200.85,25
1719462508294,200.8,100
1719462508929,201.25,25
1719462509946,201.35,25
1719462509946,201.35,25
1719462510385,201.6,75
1719462511402,200.7,75
1719462511402,200.7,75
1719462512317,200.95,25
1719462513217,199.35,25
1719462514129,199.85,25
1719462514889,200.15,125
1719462515093,200.2,50
1719462516397,200.0,25
1719462516451,200.1,400
1719462517133,200.0,50
1719462518064,200.4,100
1719462518256,201.1,75
1719462519071,201.6,175
1719462519982,200.4,25
1719462519982,200.4,25
1719462521357,201.8,25
1719462521357,201.8,25
1719462521928,202.15,75
1719462523378,202.0,125
1719462523469,202.0,125
1719462523469,202.0,125
1719462523469,202.0,125
1719462525200,201.6,25
1719462525889,201.8,25
1719462526864,202.15,100
1719462527092,201.15,25
1719462527894,201.8,75
1719462528473,202.5,75
1719462529352,202.55,25
1719462529572,202.0,25
1719462530273,203.0,25
1719462530832,202.6,25
1719462531511,202.15,200
1719462531940,202.0,25
1719462533154,202.0,25
1719462533747,202.4,250
1719462534846,202.0,25
1719462535115,202.0,25
1719462536207,201.8,25
1719462536480,201.8,50
1719462537125,201.85,25
1719462538105,201.85,50
1719462538105,201.85,50
1719462539171,201.25,25
1719462540081,201.0,25
1719462540081,201.0,25
1719462540617,201.55,25
1719462540879,201.7,100
1719462541491,201.15,100
1719462541491,201.15,100
1719462542706,201.75,25
1719462543394,200.75,50
1719462544249,201.45,25
1719462544741,201.1,25
1719462544741,201.1,25
1719462546563,201.8,25
1719462546563,201.8,25
1719462547079,201.9,25
1719462547572,201.8,25
1719462547572,201.8,25
1719462548968,201.5,25
1719462549831,201.3,125
1719462549831,201.3,125
1719462550742,200.95,50
1719462551323,200.6,25
1719462552422,200.45,100
1719462552548,200.65,125
1719462553268,200.85,100
1719462553588,201.05,50
1719462555043,200.9,25
1719462555259,200.05,75
1719462556354,200.0,25
1719462556354,200.0,25
1719462557471,200.0,100
1719462558258,199.95,25
1719462558258,199.95,25
1719462559109,199.5,25
1719462560060,199.25,50
1719462560060,199.25,50
1719462560992,200.0,125
1719462561471,199.85,25
1719462562147,199.4,25
1719462563153,200.15,25
1719462563153,200.15,25
1719462564086,200.05,25
1719462564621,200.05,50
1719462564621,200.05,50
1719462566160,199.6,75
1719462566160,199.6,75
1719462566971,200.25,50
1719462568352,199.7,25
1719462569968,199.05,25
1719462570131,199.45,50
1719462570503,199.7,25
1719462570503,199.7,25
1719462571742,198.8,150
1719462572208,198.85,50
1719462573106,199.4,25
1719462573106,199.4,25
1719462573689,199.15,25
1719462575082,199.0,25
1719462575236,199.95,50
1719462576417,200.3,50
1719462576655,200.45,225
1719462577179,200.8,100
1719462578201,201.75,25
1719462580035,201.55,50
1719462581076,201.7,225
1719462581076,201.7,225
1719462582245,201.5,25
1719462582245,201.5,25
1719462583750,201.65,25
1719462584134,201.55,25
1719462584887,200.85,25
1719462584887,200.85,25
1719462585651,200.45,25
1719462586567,200.65,25
1719462587097,199.85,150
1719462587911,200.15,25
1719462587911,200.15,25
1719462589336,200.4,25
1719462589814,200.0,100
1719462589814,200.0,100
1719462590948,200.0,100
1719462590948,200.0,100
1719462592798,200.2,150
1719462593062,200.2,25
1719462593062,200.2,25
1719462594194,199.7,100
1719462595140,199.55,75
1719462596139,200.35,175
1719462596139,200.35,175
1719462596923,200.35,225
1719462598121,200.35,25
1719462598121,200.35,25
1719462599257,199.2,125
1719462600126,199.55,25
1719462600416,198.55,175
1719462600782,198.25,100
1719462601037,197.1,25
1719462601717,197.7,150
1719462602000,197.65,50
1719462603287,198.65,150
1719462604028,198.75,75
1719462604910,199.45,25
1719462604910,199.45,25
1719462606223,200.2,25
1719462606455,200.2,50
1719462606957,200.0,25
1719462607965,199.9,150
1719462608580,199.75,50
1719462608847,199.65,200
1719462610015,200.0,25
1719462610421,200.25,25
1719462611185,199.5,100
1719462611185,199.5,100
1719462612415,199.7,25
1719462612415,199.7,25
1719462614529,199.0,100
1719462614529,199.0,100
1719462615335,198.5,25
1719462616050,198.95,25
1719462616682,199.5,25
1719462616990,199.7,25
1719462617631,199.35,25
1719462618487,199.4,25
1719462619192,200.45,25
1719462620235,200.75,100
1719462621301,200.35,75
1719462621301,200.35,75
1719462622452,200.65,25
1719462623424,200.7,50
1719462623424,200.7,50
1719462624282,200.8,50
1719462625124,201.25,25
1719462625347,201.25,50
1719462626007,201.15,50
1719462626828,200.65,100
1719462627156,200.9,25
1719462628184,199.9,75
1719462628184,199.9,75
1719462629428,199.45,25
1719462630210,200.25,25
1719462630210,200.25,25
1719462630758,200.05,25
1719462631138,199.5,50
1719462631815,199.8,25
1719462632185,199.1,50
1719462633147,198.65,25
1719462633147,198.65,25
1719462634205,198.5,150
1719462634771,198.9,25
1719462634771,198.9,25
1719462636071,198.4,25
1719462636635,198.5,25
1719462636635,198.5,25
1719462638136,198.15,25
1719462638136,198.15,25
1719462639076,198.7,50
1719462639436,199.15,25
1719462641201,198.9,50
1719462641201,198.9,50
1719462642753,199.2,175
1719462643253,199.3,75
1719462643631,200.2,75
1719462644485,199.95,150
1719462644677,199.75,50
1719462645448,199.55,25
1719462645731,199.05,25
1719462646739,198.9,25
1719462647134,198.6,50
1719462648418,199.0,25
1719462648418,199.0,25
1719462649465,199.25,50
1719462650245,199.15,25
1719462650314,199.65,50
1719462651259,199.05,25
1719462651572,199.0,25
1719462652080,198.7,50
1719462653186,199.4,50
1719462653524,199.5,25
1719462653524,199.5,25
1719462654894,199.55,25
1719462656112,198.85,125
1719462656112,198.85,125
1719462657091,198.95,25
1719462657929,198.0,25
1719462658620,197.6,25
1719462659181,197.9,25
1719462660195,196.75,50
1719462660780,195.2,50
1719462661451,195.95,25
1719462661451,195.95,25
1719462662450,194.9,25
1719462663588,195.85,25
1719462704273,193.8,25
1719462704980,192.65,25
1719462705288,192.8,25
1719462706324,193.25,25
1719462706935,193.0,50
1719462707210,192.7,75
1719462708047,193.0,25
1719462708471,193.25,25
1719462708719,193.3,100
1719462709749,193.1,50
1719462710212,193.75,50
1719462711302,193.1,25
1719462711807,192.95,25
1719462712589,191.9,25
1719462713179,191.9,125
1719462713477,191.8,25
1719462714255,191.0,425
1719462714860,190.95,25
1719462715253,190.4,100
1719462715457,190.2,100
1719462716358,190.55,25
1719462717142,190.95,50
1719462718080,191.2,50
1719462718080,191.2,50
1719462719692,190.25,50
1719462720144,190.85,25
1719462720515,190.6,25
1719462720608,190.55,25
1719462721179,189.0,25
1719462721965,188.0,25
1719462721965,188.0,25
1719462722907,187.55,250
1719462723511,187.85,50
1719462724470,187.45,50
1719462725088,187.6,100
1719462725504,188.0,25
1719462726537,187.85,25
1719462726928,188.45,25
1719462727384,189.15,200
1719462728227,188.0,175
1719462728227,188.0,175
1719462728850,187.9,25
1719462730147,189.3,25
1719462730414,189.05,50
1719462731540,189.1,50
1719462731572,188.95,150
1719462732532,189.15,50
1719462733394,188.75,25
1719462733490,189.1,150
1719462734387,189.0,25
1719462734919,189.25,25
1719462735477,189.75,25
1719462736280,189.8,50
1719462736669,190.0,25
1719462737195,190.4,50
1719462738251,190.3,50
1719462738411,190.25,50
1719462738893,189.75,75
1719462739880,190.05,25
1719462739880,190.05,25
1719462740661,189.65,25
1719462741693,190.4,25
1719462742153,190.65,25
1719462743160,189.75,100
1719462743476,189.7,50
1719462744026,190.25,200
1719462745147,189.1,25
1719462745247,189.35,25
1719462746240,189.1,25
1719462746806,189.8,25
1719462747188,189.75,25
1719462748413,189.0,25
1719462749327,189.35,25
1719462749853,190.0,100
1719462749853,190.0,100
1719462750753,189.85,25
1719462751435,190.0,25
1719462751819,189.65,25
1719462752398,189.85,25
1719462753212,189.1,25
1719462753431,189.05,25
1719462754333,189.8,125
1719462755237,189.85,75
1719462755237,189.85,75
1719462756324,189.7,25
1719462756805,189.4,25
1719462757512,188.65,25
1719462757988,188.6,150
1719462757988,188.6,150
1719462759181,189.1,25
1719462760004,188.45,50
1719462760758,188.7,50
1719462761296,189.05,75
1719462761361,188.8,50
1719462762303,188.55,25
1719462763394,188.65,25
1719462763394,188.65,25
1719462764102,189.1,25
1719462764673,188.7,25
1719462764673,188.7,25
1719462766276,188.75,50
1719462766768,188.4,50
1719462767492,188.65,100
1719462767741,188.45,25
1719462769074,188.0,25
1719462770198,188.05,25
1719462770571,188.0,25
1719462771307,187.6,25
1719462771668,186.5,25
1719462772132,185.5,50
1719462773265,185.0,25
1719462773478,184.7,25
1719462774346,185.65,75
1719462775081,184.8,50
1719462775536,185.1,25
1719462776557,183.8,325
1719462776865,184.15,25
1719462777313,184.75,75
1719462778315,184.8,75
1719462778443,184.85,25
1719462779234,184.85,100
1719462780195,184.95,25
1719462780443,185.0,25
1719462780714,185.0,75
1719462781815,184.4,150
1719462782429,183.35,25
1719462783470,183.2,25
1719462783728,183.1,25
1719462784195,182.65,75
1719462785190,182.75,25
1719462785190,182.75,25
1719462786254,183.05,25
1719462786814,182.25,25
1719462787254,182.25,25
1719462788287,182.65,150
1719462788695,182.65,25
1719462789529,182.7,25
1719462790157,181.85,25
1719462790157,181.85,25
1719462791254,180.9,25
1719462791906,181.45,25
1719462792469,181.25,25
1719462793510,182.15,125
1719462793667,182.0,100
1719462794389,182.05,25
1719462795231,181.65,50
1719462795723,182.15,100
1719462795988,182.4,25
1719462796660,181.9,300
1719462797092,183.0,50
1719462798140,183.65,25
1719462798708,183.4,25
1719462799246,183.5,50
1719462800213,182.25,100
1719462800329,182.35,25
1719462801346,182.0,275
1719462801839,182.3,25
1719462802557,182.05,25
1719462803177,182.05,25
1719462803665,181.75,25
1719462804148,182.45,350
1719462805317,182.0,150
1719462805548,182.7,250
1719462806450,183.6,25
1719462806858,183.7,25
1719462806858,183.7,25
1719462808236,184.1,100
1719462808637,183.75,150
1719462809349,184.1,175
1719462809829,185.0,25
1719462809829,185.0,25
1719462810744,185.0,50
1719462811457,185.2,25
1719462811840,185.05,75
1719462812895,185.15,25
1719462813239,185.2,50
1719462813704,184.0,50
1719462814317,184.25,25
1719462815274,183.8,25
1719462815350,184.15,25
1719462816314,184.1,50
1719462816850,184.15,25
1719462817338,184.0,25
1719462818354,185.15,100
1719462818625,185.0,100
1719462819742,185.95,125
1719462820172,186.4,25
1719462821302,186.4,50
1719462821931,186.4,25
1719462822289,186.8,100
1719462823071,186.75,25
1719462823629,186.6,25
1719462824325,186.25,25
1719462825345,186.75,25
1719462825507,186.1,25
1719462826539,187.0,25
1719462826539,187.0,25
1719462827333,185.6,25
1719462828218,186.5,25
1719462828715,186.9,125
1719462829488,186.75,125
1719462830338,186.35,25
1719462831406,186.75,50
1719462831903,186.7,25
1719462832058,186.4,75
1719462833259,185.65,25
1719462833693,186.0,50
1719462834386,185.95,25
1719462834914,186.2,25
1719462835489,185.75,25
1719462836352,186.2,25
1719462836568,186.0,150
1719462836568,186.0,150
1719462838181,185.8,25
1719462838650,186.4,50
1719462839362,186.05,25
1719462840209,185.15,25
1719462840507,185.4,25
1719462841368,185.85,250
1719462841368,185.85,250
1719462842726,185.2,125
1719462842947,185.45,25
1719462843667,185.4,25
1719462844261,185.15,25
1719462845205,185.4,125
1719462845205,185.4,125
1719462846630,186.6,50
1719462846630,186.6,50
1719462847575,186.4,125
1719462848452,187.6,25
1719462848648,187.45,100
1719462849330,187.9,50
1719462849997,188.1,100
1719462851268,187.2,25
1719462851940,186.15,50
1719462852427,186.7,150
1719462853387,186.7,25
1719462853570,187.0,200
1719462854079,187.5,50
1719462854757,187.75,25
1719462856253,187.0,25
1719462856871,187.45,25
1719462857497,187.15,25
1719462858403,186.6,25
1719462858403,186.6,25
1719462858901,187.1,75
1719462860122,187.1,25
1719462860526,187.3,25
1719462861087,187.2,75
1719462861922,186.4,25
1719462862340,186.4,25
1719462863540,186.0,25
1719462863690,186.7,25
1719462864388,186.05,25
1719462865382,186.7,75
1719462866344,186.9,100
1719462866963,186.45,175
1719462867517,187.15,25
1719462868043,186.7,50
1719462868043,186.7,50
1719462869650,188.0,125
1719463136111,185.9,975
1719463137126,185.25,25
1719463137673,185.55,25
1719463138587,185.2,50
1719463139066,184.65,100
1719463139487,183.7,25
1719463320644,183.0,25
1719463320644,183.0,25
1719463321802,182.6,25
1719463322424,181.8,25
1719463322638,181.4,25
1719463323633,182.55,50
1719463323633,182.55,50
1719463324503,182.1,25
1719463325593,182.25,25
1719463325815,181.8,250
1719463326365,182.05,25
1719463327252,182.1,175
1719463327840,182.85,25
1719463328561,182.65,150
1719463329144,182.95,25
1719463329576,182.1,200
1719463330806,183.0,50
1719463331533,183.55,25
1719463331916,182.6,25
1719463332675,182.5,25
1719463333438,183.0,175
1719463334181,182.6,25
1719463334181,182.6,25
1719463335769,183.3,25
1719463336645,183.2,25
1719463337359,182.9,25
1719463337359,182.9,25
1719463338656,182.9,25
1719463339114,182.9,75
1719463339459,182.5,175
1719463340364,182.9,25
1719463340766,182.5,175
1719463341356,183.0,300
1719463342268,182.35,75
1719463342268,182.35,75
1719463343523,182.65,150
1719463344280,183.2,25
1719463344879,183.7,25
1719463345697,183.4,25
1719463345842,183.3,25
1719463346627,183.0,100
1719463347460,183.55,75
1719463347460,183.55,75
1719463348680,184.0,325
1719463349305,183.0,25
1719463349798,183.45,100
1719463350812,182.7,25
1719463350812,182.7,25
1719463351607,182.85,350
1719463352466,183.25,25
1719463352698,182.9,50
1719463352941,183.1,25
1719463354296,183.05,25
1719463354508,182.8,100
1719463355519,182.05,25
1719463355745,182.15,25
1719463356158,181.1,25
1719463357324,180.0,50
1719463357697,181.35,125
1719463358696,180.9,150
1719463359199,180.75,25
1719463359649,180.9,50
1719463360486,180.5,25
1719463360753,180.9,225
1719463361861,180.4,25
1719463362503,181.2,25
1719463362864,181.55,25
1719463363790,181.8,25
1719463363790,181.8,25
1719463364887,181.2,125
1719463365592,181.5,150
1719463365592,181.5,150
1719463366576,182.2,25
1719463367035,181.85,25
1719463367035,181.85,25
1719463368613,181.95,200
1719463368968,181.2,25
1719463369755,181.7,75
1719463370923,181.65,25
1719463371658,181.0,25
1719463372530,180.75,100
1719463372678,180.7,100
1719463373863,180.7,75
1719463374337,181.05,125
1719463374586,180.75,75
1719463375527,181.25,25
1719463375870,181.4,50
1719463376730,181.15,25
1719463376954,180.95,250
1719463376954,180.95,250
1719463378668,181.95,50
1719463379185,182.45,75
1719463379886,183.0,25
1719463380865,183.35,25
1719463380903,182.95,25
1719463381685,184.0,50
1719463382501,183.65,25
1719463382501,183.65,25
1719463383879,183.9,200
1719463384351,183.0,25
1719463384851,182.05,300
1719463385863,182.35,25
1719463385863,182.35,25
1719463386875,181.8,150
1719463387445,181.55,25
1719463387804,181.95,25
1719463388822,182.4,25
1719463388822,182.4,25
1719463389715,182.6,25
1719463389715,182.6,25
1719463391479,182.9,25
1719463391826,183.6,125
1719463392685,183.75,25
1719463393864,183.35,100
1719463393864,183.35,100
1719463394791,183.9,50
1719463395700,183.95,25
1719463395855,183.95,25
1719463396513,184.15,100
1719463397305,184.1,25
1719463397721,184.2,50
1719463398196,184.5,50
1719463398196,184.5,50
1719463399894,184.0,350
1719463400764,184.0,75
1719463400764,184.0,75
1719463401003,184.35,25
1719463402476,184.45,25
1719463402476,184.45,25
1719463403613,184.4,50
1719463404145,184.0,150
1719463404769,184.65,50
1719463404979,184.0,200
1719463405916,184.8,75
1719463406366,184.8,25
1719463407361,185.65,25
1719463407836,185.4,225
1719463408648,186.2,50
1719463409046,185.75,25
1719463409647,186.4,50
1719463410812,186.95,25
1719463410917,186.7,100
1719463411714,185.75,75
1719463412572,186.0,50
1719463412572,186.0,50
1719463413876,185.45,175
1719463413876,185.45,175
1719463414669,185.8,75
1719463415639,186.55,100
1719463415639,186.55,100
1719463416920,186.65,25
1719463417258,186.15,75
1719463417258,186.15,75
1719463418900,187.0,100
1719463418900,187.0,100
1719463419627,186.45,25
1719463421002,186.25,25
1719463421602,186.05,75
1719463422030,185.65,50
1719463422030,185.65,50
1719463423859,187.2,100
1719463424066,186.6,25
1719463424545,186.3,25
1719463425722,186.5,25
1719463425968,187.2,175
1719463426343,186.75,25
1719463427242,186.9,50
1719463427866,187.05,150
1719463428686,190.0,250
1719463429167,189.9,25
1719463429425,190.4,50
1719463430580,188.9,100
1719463431012,187.9,200
1719463431345,188.7,25
1719463432623,189.8,25
1719463432788,190.9,25
1719463433913,189.3,225
1719463434208,189.4,25
1719463434777,189.65,50
1719463435895,189.55,25
1719463436820,189.4,25
1719463437579,190.3,50
1719463437811,189.9,25
1719463438785,189.3,25
1719463439158,189.45,25
1719463439292,189.6,25
1719463440591,189.35,25
1719463440849,188.95,25
1719463441035,188.85,25
1719463441737,188.45,25
1719463442543,188.05,75
1719463442543,188.05,75
1719463443714,187.5,25
1719463444075,188.05,25
1719463444739,188.65,25
1719463446017,188.0,75
1719463446883,188.5,25
1719463447688,188.3,25
1719463448448,188.55,25
1719463448448,188.55,25
1719463449829,188.25,100
1719463450704,188.7,25
1719463450898,188.9,25
1719463451316,188.0,25
1719463452646,188.05,25
1719463452953,188.35,25
1719463453524,188.1,50
1719463453524,188.1,50
1719463454755,188.2,25
1719463455551,187.65,25
1719463455995,188.0,25
1719463456944,188.05,250
1719463457759,187.85,25
1719463458640,187.55,25
1719463459260,188.05,50
1719463459596,188.1,250
1719463460338,188.0,50
1719463460865,188.9,25
1719463461459,188.4,25
1719463462341,188.05,100
1719463462341,188.05,100
1719463463733,187.15,50
1719463463733,187.15,50
1719463464608,188.15,25
1719463465227,188.05,50
1719463465924,188.65,25
1719463466382,188.65,25
1719463467608,187.9,50
1719463467608,187.9,50
1719463468352,187.6,50
1719463469283,187.6,25
1719463469545,187.85,25
1719463470566,185.65,25
1719463470999,185.3,100
1719463471649,185.9,50
1719463472398,185.65,25
1719463473866,186.15,50
1719463474264,185.6,250
1719463474754,185.45,175
1719463475602,185.9,150
1719463476087,185.95,25
1719463476680,185.85,50
1719463477562,186.0,25
1719463477562,186.0,25
1719463478954,187.25,25
1719463479049,186.85,50
1719463479049,186.85,50
1719463480659,188.0,25
1719463480811,188.0,25
1719463481538,187.85,75
1719463482676,188.2,25
1719463482676,188.2,25
1719463483594,188.4,25
1719463483939,188.25,25
1719463484895,188.2,25
1719463485454,188.65,25
1719463485454,188.65,25
1719463486759,188.0,25
1719463487290,188.4,25
1719463488738,188.25,25
1719463488738,188.25,25
1719463489775,187.9,25
1719463490490,188.1,25
1719463490935,188.5,25
1719463491483,188.45,125
1719463492706,189.05,25
1719463492706,189.05,25
1719463493446,188.45,250
1719463494248,187.9,175
1719463494539,188.65,50
1719463495749,188.4,100
1719463496077,188.35,25
1719463496712,188.9,50
1719463497734,188.15,25
1719463498944,188.7,125
1719463499220,187.95,50
1719463499383,188.45,25
1719463500320,188.45,25
1719463500320,188.45,25
1719463501033,187.9,250
1719463501466,187.85,25
1719463501466,187.85,25
1719463503181,188.15,50
1719463503654,188.15,50
1719463504182,188.35,200
1719463504560,188.05,25
1719463505755,189.45,75
1719463506138,189.45,200
1719463506517,189.8,350
1719463507455,189.1,150
1719463507455,189.1,150
1719463508734,188.45,25
1719463509100,188.55,125
1719463509977,188.0,25
1719463510627,188.35,50
1719463510901,189.2,25
1719463511338,189.45,25
1719463512507,189.9,25
1719463512507,189.9,25
1719463513771,189.25,25
1719463513973,189.4,25
1719463514783,189.4,100
1719463515955,189.55,250
1719463516730,189.45,25
1719463517178,189.65,25
1719463517772,189.4,25
1719463518273,189.25,275
1719463519033,189.25,25
1719463519686,189.0,25
1719463520080,189.0,250
1719463520888,188.35,400
1719463521911,188.25,50
1719463522463,188.25,200
1719463522730,187.65,25
1719463523792,187.15,25
1719463524237,187.5,100
1719463524768,186.9,25
1719463525736,186.8,25
1719463525917,186.75,25
1719463526762,186.9,50
1719463527259,186.95,25
1719463527938,186.3,150
1719463528603,186.8,25
1719463529313,186.75,25
1719463529601,186.3,50
1719463530797,185.6,25
1719463530940,186.0,100
1719463530940,186.0,100
1719463531530,186.15,25
1719463532542,185.15,275
1719463532750,185.55,25
1719463533699,186.3,25
1719463533699,186.3,25
1719463534776,185.9,25
1719463535173,185.75,250
1719463536176,185.65,25
1719463537116,184.5,100
1719463537865,184.7,25
1719463538524,184.7,25
1719463538904,184.9,25
1719463539587,185.3,25
1719463540481,185.5,250
1719463540481,185.5,250
1719463541692,185.15,1125
1719463542497,185.1,175
1719463542497,185.1,175
1719463543279,185.0,75
1719463544118,184.7,25
1719463544730,185.2,25
1719463545703,185.1,25
1719463545942,184.4,150
1719463546730,184.85,375
1719463547538,184.8,25
1719463547666,184.75,25
1719463548766,184.0,100
1719463549340,183.95,25
1719463549744,183.35,25
1719463550791,183.1,100
1719463550945,183.45,50
1719463551562,183.8,50
1719463552267,183.9,50
1719463553015,184.7,25
1719463553705,184.8,25
1719463554408,185.1,25
1719463554606,185.05,25
1719463554825,185.4,50
1719463554825,185.4,50
1719463556908,185.55,25
1719463556908,185.55,25
1719463557790,185.6,25
1719463558689,185.4,450
1719463559291,185.4,25
1719463559539,185.3,25
1719463560746,185.45,25
1719463560910,185.45,25
1719463561742,185.9,25
1719463562323,185.45,25
1719463562859,185.3,25
1719463563733,185.9,175
1719463564371,186.5,225
1719463564702,186.6,25
1719463565265,186.4,25
1719463565265,186.4,25
1719463567012,186.8,25
1719463567451,186.75,75
1719463567451,186.75,75
1719463568503,186.6,25
1719463569285,186.65,75
1719463569593,186.85,25
1719463570821,186.9,25
1719463570890,187.55,25
1719463571759,186.8,25
1719463572815,186.65,25
1719463573844,187.8,200
1719463574208,187.7,25
1719463574528,187.05,25
1719463575708,187.2,25
1719463575708,187.2,25
1719463577078,187.3,50
1719463577789,187.6,50
1719463578585,187.4,25
1719463579437,187.5,25
1719463579713,187.55,25
1719463580724,188.0,50
1719463581024,187.8,25
1719463581793,188.4,25
1719463582464,188.4,200
1719463583825,188.8,50
1719463584461,188.6,100
1719463584552,189.15,50
1719463585777,188.85,25
1719463585997,188.7,25
1719463586589,188.25,25
1719463587803,188.0,25
1719463587803,188.0,25
1719463588095,188.35,25
1719463589454,188.05,25
1719463589568,188.35,100
1719463590539,188.4,150
1719463590539,188.4,150
1719463591735,188.4,100
1719463592657,189.0,125
1719463593539,188.15,50
1719463594212,188.55,25
1719463594618,188.55,25
1719463595696,188.4,50
1719463596378,189.0,25
1719463597751,189.0,25
1719463598403,189.45,300
1719463599274,189.65,75
1719463599593,189.2,25
1719463600438,189.3,25
1719463600956,189.3,25
1719463601202,189.7,25
1719463602787,188.65,25
1719463602875,188.35,25
1719463603936,187.0,50
1719463604458,186.7,50
1719463604458,186.7,50
1719463605826,185.65,25
1719463605928,186.1,25
1719463606412,185.85,25
1719463606869,186.55,150
1719463608961,186.8,25
1719463609486,187.4,75
1719463609569,187.35,300
1719463609968,187.4,25
1719463611086,187.55,75
1719463611685,187.8,100
1719463612778,187.75,75
1719463612778,187.75,75
1719463613089,188.05,25
1719463614530,188.35,25
1719463614849,188.15,50
1719463614849,188.15,50
1719463616556,187.8,100
1719463616910,187.85,50
1719463617671,187.45,250
1719463617882,187.75,50
1719463618475,188.0,25
1719463619520,188.4,25
1719463619687,188.55,25
1719463620405,188.25,25
1719463621035,189.0,25
1719463621035,189.0,25
1719463622337,189.0,25
1719463623054,189.0,225
1719463623954,188.5,100
1719463624260,188.35,50
1719463624260,188.35,50
1719463624925,188.75,125
1719463624925,188.75,125
1719463627812,188.4,325
1719463627812,188.4,325
1719463628724,188.65,25
1719463628724,188.65,25
1719463629913,188.6,75
1719463629913,188.6,75
1719463631812,188.3,50
1719463632823,188.4,25
1719463633840,188.0,50
1719463633840,188.0,50
1719463634847,188.1,25
1719463635837,188.4,25
1719463636110,188.5,75
1719463636592,188.0,25
1719463637387,187.3,25
1719463638011,187.15,325
1719463638314,187.45,175
1719463638314,187.45,175
1719463639634,187.6,25
1719463640466,187.05,25
1719463640466,187.05,25
1719463641712,186.55,25
1719463642366,187.05,125
1719463642366,187.05,125
1719463643280,186.65,150
1719463644414,186.45,50
1719463644732,186.75,25
1719463644732,186.75,25
1719463646329,187.15,25
1719463646799,187.6,25
1719463646799,187.6,25
1719463648056,188.4,25
1719463648834,188.65,50
1719463649358,188.5,175
1719463649756,188.95,25
1719463650847,188.7,25
1719463650847,188.7,25
1719463651128,188.7,100
1719463651128,188.7,100
1719463652688,188.8,25
1719463652688,188.8,25
1719463654358,189.0,375
1719463655206,188.95,25
1719463656108,189.05,25
1719463656108,189.05,25
1719463656825,189.3,25
1719463657409,189.0,50
1719463657409,189.0,50
1719463658819,189.1,25
1719463658819,189.1,25
1719463660553,189.05,25
1719463660553,189.05,25
1719463661243,189.0,25
1719463661826,189.25,50
1719463662743,189.0,275
1719463663660,189.25,25
1719463664101,189.35,25
1719463664607,189.0,25
1719463665761,189.15,25
1719463665909,189.7,25
1719463666760,189.3,25
1719463667812,188.9,275
1719463667913,189.0,50
1719463668822,189.8,50
1719463669538,189.5,125
1719463669775,189.5,25
1719463670303,190.15,100
1719463670303,190.15,100
1719463671897,189.45,50
1719463672737,189.4,25
1719463672737,189.4,25
1719463673811,188.55,50
1719463674581,188.2,125
1719463675006,188.2,75
1719463676103,189.65,25
1719463676103,189.65,25
1719463677460,189.0,100
1719463678287,189.0,100
1719463678287,189.0,100
1719463680039,189.95,50
1719463680841,190.2,125
1719463680841,190.2,125
1719463681562,190.15,50
1719463682715,189.45,25
1719463682715,189.45,25
1719463683810,189.55,25
1719463684518,190.05,50
1719463684773,189.4,100
1719463684773,189.4,100
1719463686352,189.15,100
1719463686863,188.35,25
1719463686863,188.35,25
1719463688416,188.9,25
1719463689020,189.45,25
1719463689020,189.45,25
1719463690038,189.3,25
1719463690882,189.5,25
1719463690882,189.5,25
1719463691871,189.35,100
1719463692489,189.2,75
1719463692873,190.0,75
1719463694202,189.8,25
1719463694202,189.8,25
1719463694883,190.0,25
1719463695628,189.25,25
1719463696022,190.05,50
1719463696022,190.05,50
1719463697831,188.7,25
1719463698753,188.7,25
1719463699539,188.5,25
1719463699841,189.0,25
1719463699841,189.0,25
1719463701364,188.95,50
1719463701894,188.7,25
1719463702868,189.25,25
1719463703666,188.55,50
1719463704588,188.4,25
1719463704588,188.4,25
1719463705353,188.0,25
1719463705353,188.0,25
1719463706863,187.75,25
1719463706987,187.75,25
1719463708106,187.65,25
1719463708106,187.65,25
1719463709583,187.55,25
1719463709861,187.7,50
1719463709861,187.7,50
1719463709861,187.7,50
1719463712273,186.0,25
1719463712780,186.55,50
1719463713096,187.1,225
1719463713717,187.45,50
1719463714399,187.45,100
1719463714399,187.45,100
1719463715181,187.95,200
1719463716073,187.55,25
1719463716987,187.05,25
1719463717774,186.65,25
1719463717774,186.65,25
1719463718395,187.0,100
1719463719543,186.55,25
1719463719995,186.35,25
1719463721000,186.35,100
1719463721000,186.35,100
1719463721748,186.0,25
1719463722640,185.8,50
1719463723439,186.3,25
1719463724135,186.65,75
1719463724896,186.05,175
1719463724927,186.3,50
1719463724927,186.3,50
1719463726777,187.3,25
1719463727874,186.65,400
1719463728480,187.3,25
1719463729601,188.0,125
1719463729954,188.0,25
1719463730575,188.05,25
1719463730575,188.05,25
1719463731732,187.65,25
1719463732719,187.95,25
1719463732719,187.95,25
1719463733640,188.0,25
1719463733936,187.45,50
1719463734905,187.8,25
1719463736050,187.55,200
1719463736050,187.55,200
1719463736768,187.0,25
1719463737338,186.9,25
1719463738366,186.75,200
1719463739700,186.9,25
1719463739700,186.9,25
1719463739700,186.9,25
1719463739700,186.9,25
1719463741349,186.65,25
1719463742215,186.9,25
1719463742591,187.2,100
1719463743746,186.85,25
1719463744243,187.85,175
1719463744774,187.35,25
1719463745559,187.35,250
1719463746254,186.7,25
1719463746522,187.4,25
1719463747592,187.1,25
1719463747592,187.1,25
1719463748959,186.7,50
1719463749515,187.4,250
1719463749879,186.8,125
1719463750860,187.35,25
1719463750860,187.35,25
1719463752039,186.45,25
1719463752521,186.0,100
1719463752521,186.0,100
1719463754373,186.6,25
1719463754373,186.6,25
1719463754830,186.35,25
1719463756033,186.8,50
1719463756033,186.8,50
1719463757253,186.35,50
1719463757559,186.0,100
1719463757559,186.0,100
1719463758917,185.5,150
1719463759498,185.45,25
1719463759880,185.0,50
1719463760873,184.3,25
1719463761105,183.75,50
1719463761669,184.4,25
1719463762868,183.85,100
1719463763059,184.4,25
1719463764101,184.65,25
1719463764281,184.2,125
1719463764891,184.8,75
1719463765424,184.45,25
1719463766322,185.25,25
1719463766770,185.65,50
1719463768090,186.1,25
1719463768090,186.1,25
1719463770288,185.8,100
1719463770288,185.8,100
1719463770288,185.8,100
1719463770288,185.8,100
1719463773939,185.0,675
1719463773939,185.0,675
1719463774900,184.6,250
1719463775412,184.45,25
1719463776272,183.65,50
1719463776699,184.1,25
1719463777217,183.7,25
1719463777217,183.7,25
1719463778889,184.4,75
1719463778889,184.4,75
1719463780111,184.0,100
1719463780623,184.4,25
1719463781173,185.05,25
1719463781816,184.65,50
1719463782860,184.55,75
1719463782860,184.55,75
1719463783816,184.15,50
1719463784270,184.7,50
1719463784270,184.7,50
1719463785301,184.95,50
1719463785957,184.55,25
1719463786409,184.65,25
1719463786409,184.65,25
1719463789223,184.75,50
1719463789223,184.75,50
1719463790131,184.4,200
1719463790832,183.65,50
1719463790832,183.65,50
1719463791979,184.05,50
1719463792421,184.75,25
1719463792421,184.75,25
1719463793897,183.8,25
1719463793897,183.8,25
1719463794851,183.85,25
1719463795921,184.05,25
1719463796321,183.5,100
1719463796321,183.5,100
1719463796321,183.5,100
1719463798686,184.3,25
1719463799743,184.8,175
1719463799873,184.7,125
1719463800057,184.2,25
1719463800057,184.2,25
1719463801851,183.65,75
1719463801851,183.65,75
1719463803378,184.45,25
1719463803634,184.55,25
1719463804410,183.9,25
1719463804410,183.9,25
1719463805890,184.45,50
1719463806231,184.9,75
1719463806795,185.05,50
1719463807127,184.95,100
1719463808148,184.6,50
1719463808707,184.0,50
1719463809203,184.45,100
1719463809809,183.9,50
1719463810856,183.35,50
1719463811445,183.95,25
1719463811445,183.95,25
1719463812141,184.15,50
1719463813154,183.0,25
1719463814104,182.0,25
1719463814652,182.2,200
1719463814652,182.2,200
1719463815180,181.75,100
1719463815180,181.75,100
1719463816952,182.5,1325
1719463817198,182.6,50
1719463817198,182.6,50
1719463818756,183.6,25
1719463818756,183.6,25
1719463820677,183.4,25
1719463820846,183.8,125
1719463821136,183.75,25
1719463821735,182.95,25
1719463823116,183.25,25
1719463823116,183.25,25
1719463823553,183.5,50
1719463823553,183.5,50
1719463825154,183.0,25
1719463825879,183.2,25
1719463826311,183.4,25
1719463826311,183.4,25
1719463826311,183.4,25
1719463828310,184.1,100
1719463828812,183.85,25
1719463828812,183.85,25
1719463830109,185.5,125
1719463830777,185.55,75
1719463830934,184.95,25
1719463830934,184.95,25
1719463832338,184.3,25
1719463832650,183.75,75
1719463832650,183.75,75
1719463833941,184.55,25
1719463834601,184.75,50
1719463834601,184.75,50
1719463835849,184.4,100
1719463836380,184.45,200
1719463836380,184.45,200
1719463837749,185.7,25
1719463837749,185.7,25
1719463838704,185.05,150
1719463838704,185.05,150
1719463841088,185.6,25
1719463841378,185.9,25
1719463841378,185.9,25
1719463842297,186.0,500
1719463843055,186.6,25
1719463844159,187.4,125
1719463844695,186.75,150
1719463844943,187.05,25
1719463845794,187.25,25
1719463846211,186.9,25
1719463846655,186.9,200
1719463847832,186.15,50
1719463847832,186.15,50
1719463849145,187.2,150
1719463849675,187.45,50
1719463849675,187.45,50
1719463850284,187.0,75
1719463851630,187.15,25
1719463851630,187.15,25
1719463851630,187.15,25
1719463854626,187.5,25
1719463854626,187.5,25
1719463855341,187.95,25
1719463855924,187.95,125
1719463855924,187.95,125
1719463856834,187.35,50
1719463857806,187.0,25
1719463858241,187.05,50
1719463858904,185.75,125
1719463859618,185.6,25
1719463860113,185.3,25
1719463860970,185.0,175
1719463861063,185.0,125
1719463861063,185.0,125
1719463862954,184.55,175
1719463862954,184.55,175
1719463864041,185.2,25
1719463864041,185.2,25
1719463864944,185.0,25
1719463865257,185.15,75
1719463866648,186.0,25
1719463866648,186.0,25
1719463867624,186.3,150
1719463867624,186.3,150
1719463868759,186.65,50
1719463869575,186.05,25
1719463870930,186.05,25
1719463871436,186.0,25
1719463871956,185.5,25
1719463872889,186.0,25
1719463872889,186.0,25
1719463874292,185.6,25
1719463874292,185.6,25
1719463875050,186.45,25
1719463875874,186.4,50
1719463876403,186.6,150
1719463876542,186.6,25
1719463877355,185.85,25
1719463878256,185.3,25
1719463878707,185.55,25
1719463879359,185.55,25
1719463879993,185.5,250
1719463880219,185.0,25
1719463880219,185.0,25
1719463881652,185.0,50
1719463882862,184.3,25
1719463883077,185.0,225
1719463883421,184.7,175
1719463884053,185.0,225
1719463884053,185.0,225
1719463885354,184.55,100
1719463885354,184.55,100
1719463887508,184.6,50
1719463888163,183.65,25
1719463888163,183.65,25
1719463889361,183.95,25
1719463889361,183.95,25
1719463890556,183.9,25
1719463890858,183.5,125
1719463890858,183.5,125
1719463891460,184.05,125
1719463892005,183.6,150
1719463892659,184.2,25
1719463892659,184.2,25
1719463894191,184.0,25
1719463894979,184.3,25
1719463895724,184.95,25
1719463896502,185.0,25
1719463897001,185.35,50
1719463897001,185.35,50
1719463898178,185.2,125
1719463898178,185.2,125
1719463898178,185.2,125
1719463900258,184.5,25
1719463900656,184.3,25
1719463900656,184.3,25
1719463901801,184.0,300
1719463902862,184.0,25
1719463902862,184.0,25
1719463902862,184.0,25
1719463905402,184.65,50
1719463906313,184.35,250
1719463906479,184.35,25
1719463907001,184.3,25
1719463907886,183.6,25
1719463907886,183.6,25
1719463908597,183.6,25
1719463909315,183.6,150
1719463911464,183.6,25
1719463911464,183.6,25
1719463912014,184.15,25
1719463913019,183.6,25
1719463913188,183.65,50
1719463913801,183.6,25
1719463914439,183.3,100
1719463914439,183.3,100
1719463916181,183.1,25
1719463916181,183.1,25
1719463916732,183.5,100
1719463917642,183.5,25
1719463918103,183.15,25
1719463918732,183.6,50
1719463918732,183.6,50
1719463920836,183.9,25
1719463920909,184.15,25
1719463921519,184.45,25
1719463921900,184.8,25
1719463921900,184.8,25
1719463924408,184.55,25
1719463924962,184.55,25
1719463925048,184.55,50
1719463926254,184.1,25
1719463926439,184.35,75
1719463926934,184.45,25
1719463927244,184.7,25
1719463929800,184.3,25
1719463929800,184.3,25
1719463930175,184.75,25
1719463930978,184.55,25
1719463930978,184.55,25
1719463932778,184.0,100
1719463932923,183.9,75
1719463932923,183.9,75
1719463933796,183.15,175
1719463933796,183.15,175
1719463935080,182.65,50
1719463936022,181.7,100
1719463936529,182.25,50
1719463937182,183.15,150
1719463937272,183.15,50
1719463937272,183.15,50
1719463939409,183.7,25
1719463939884,183.65,75
1719463941009,183.8,175
1719463941122,183.75,50
1719463941122,183.75,50
1719463942981,183.5,50
1719463942981,183.5,50
1719463943634,183.45,25
1719463944487,184.0,25
1719463944487,184.0,25
1719463945314,184.15,125
1719463945314,184.15,125
1719463946774,183.6,200
1719463947881,184.0,1400
1719463947881,184.0,1400
1719463949703,184.55,25
1719463949703,184.55,25
1719463950766,184.3,25
1719463950766,184.3,25
1719463950766,184.3,25
1719463951741,184.55,25
1719463952823,184.75,50
1719463952960,184.9,100
1719463952960,184.9,100
1719463953969,184.85,50
1719463954413,184.3,175
1719463955940,185.0,925
1719463955940,185.0,925
1719463956907,186.0,25
1719463956907,186.0,25
1719463958440,185.45,25
1719463959292,185.85,375
1719463959666,185.9,100
1719463959666,185.9,100
1719463960102,186.0,75
1719463961242,186.05,25
1719463961242,186.05,25
1719463962128,185.9,50
1719463962128,185.9,50
1719463964197,186.0,25
1719463964711,186.3,50
1719463965902,185.95,225
1719463966315,185.95,200
1719463966315,185.95,200
1719463967831,185.3,25
1719463968198,185.2,100
1719463968198,185.2,100
1719463968198,185.2,100
1719463968198,185.2,100
1719463968198,185.2,100
1719463974266,186.05,150
1719463974266,186.05,150
1719463975264,186.35,25
1719463976005,185.95,125
1719463976005,185.95,125
1719463976765,186.55,50
1719463976765,186.55,50
1719463978336,185.75,25
1719463979012,185.45,25
1719463980012,184.85,100
1719463980168,184.45,75
1719463980168,184.45,75
1719463981208,184.45,150
1719463981208,184.45,150
1719463982748,185.0,100
1719463982748,185.0,100
1719463984073,185.4,150
1719463984414,185.45,175
1719463985844,185.05,175
1719463986544,185.35,175
1719463986971,185.25,50
1719463987984,185.4,25
1719463988254,185.7,25
1719463988254,185.7,25
1719463988254,185.7,25
1719463990236,185.95,25
1719463990611,185.95,25
1719463991437,185.75,25
1719463991437,185.75,25
1719463992096,185.85,50
1719463992096,185.85,50
1719463993617,186.0,25
1719463994344,186.3,100
1719463994344,186.3,100
1719463995946,186.05,225
1719463996617,186.0,25
1719463996815,186.05,25
1719463998010,186.0,50
1719463998010,186.0,50
1719463998817,186.35,125
1719463998817,186.35,125
1719464000255,186.55,25
1719464000828,187.0,25
1719464000828,187.0,25
1719464001688,186.95,25
1719464002986,185.95,25
1719464002986,185.95,25
1719464003989,185.7,275
1719464004728,186.1,25
1719464004728,186.1,25
1719464005956,186.85,25
1719464005956,186.85,25
1719464006776,186.7,25
1719464007355,186.05,100
1719464007355,186.05,100
1719464009234,186.85,25
1719464009234,186.85,25
1719464010244,187.0,25
1719464010725,186.65,25
1719464010725,186.65,25
1719464010725,186.65,25
1719464012090,187.0,75
1719464012861,186.45,275
1719464013197,186.8,25
1719464013388,186.85,100
1719464013388,186.85,100
1719464016176,186.85,25
1719464016176,186.85,25
1719464017492,186.05,100
1719464017910,186.0,50
1719464017910,186.0,50
1719464018486,186.0,50
1719464018486,186.0,50
1719464020849,186.0,375
1719464021481,184.75,100
1719464021481,184.75,100
1719464021481,184.75,100
1719464022725,184.8,25
1719464022725,184.8,25
1719464023866,185.4,25
1719464023866,185.4,25
1719464025511,186.0,25
1719464026275,186.0,625
1719464026310,186.4,300
1719464027020,186.55,25
1719464027683,186.1,225
1719464028190,186.65,25
1719464028190,186.65,25
1719464029407,186.65,50
1719464029407,186.65,50
1719464029407,186.65,50
1719464031815,186.75,50
1719464032927,186.9,100
1719464033132,186.8,25
1719464033132,186.8,25
1719464034411,186.75,25
1719464034411,186.75,25
1719464036142,187.4,25
1719464036142,187.4,25
1719464036945,186.95,25
1719464037566,187.45,200
1719464037566,187.45,200
1719464039073,187.5,25
1719464039882,187.4,25
1719464039882,187.4,25
1719464039882,187.4,25
1719464040990,187.8,25
1719464040990,187.8,25
1719464042035,188.0,25
1719464043068,188.0,125
1719464043068,188.0,125
1719464043846,187.65,50
1719464044827,188.5,50
1719464044827,188.5,50
1719464045987,187.65,25
1719464046372,188.2,50
1719464046795,187.9,25
1719464048095,187.75,150
1719464048095,187.75,150
1719464049081,188.0,175
1719464049906,188.4,25
1719464049906,188.4,25
1719464050816,188.5,25
1719464051238,188.5,25
1719464052098,188.5,50
1719464052898,188.5,50
1719464053143,188.15,25
1719464054020,188.55,175
1719464054877,188.0,25
1719464055043,188.0,25
1719464056104,187.55,25
1719464056742,187.15,25
1719464057186,186.35,25
1719464057918,186.75,50
1719464057918,186.75,50
1719464058932,187.5,25
1719464058932,187.5,25
1719464060621,188.0,425
1719464061078,188.15,25
1719464061349,188.0,250
1719464061349,188.0,250
1719464063002,188.5,25
1719464063262,188.8,25
1719464063929,188.9,50
1719464064443,189.0,125
1719464065073,188.95,25
1719464065905,188.6,25
1719464065905,188.6,25
1719464066989,189.45,25
1719464067610,188.6,200
1719464068205,188.4,150
1719464069073,188.9,50
1719464069073,188.9,50
1719464070061,188.5,250
1719464070854,188.8,50
1719464070854,188.8,50
1719464071609,188.9,25
1719464072090,189.0,100
1719464073059,189.0,25
1719464073059,189.0,25
1719464073841,188.8,50
1719464074461,188.8,100
1719464074461,188.8,100
1719464075263,188.65,125
1719464075263,188.65,125
1719464077456,188.5,50
1719464077616,188.7,75
1719464077616,188.7,75
1719464078429,188.65,25
1719464079686,188.9,25
1719464079686,188.9,25
1719464080998,188.9,50
1719464081208,188.95,50
1719464081208,188.95,50
1719464081208,188.95,50
1719464083595,189.1,300
1719464084110,189.35,25
1719464084451,189.75,25
1719464084451,189.75,25
1719464086101,189.6,25
1719464086137,189.5,25
1719464087046,189.55,200
1719464088098,189.6,25
1719464088098,189.6,25
1719464088799,189.75,50
1719464089987,189.85,50
1719464089987,189.85,50
1719464091027,189.6,25
1719464091693,189.6,50
1719464092245,188.9,100
1719464093008,188.0,25
1719464093403,188.2,25
1719464093966,187.55,175
1719464094675,187.05,25
1719464095368,187.5,150
1719464096250,187.65,25
1719464096250,187.65,25
1719464097675,187.65,150
1719464098283,187.8,150
1719464098283,187.8,150
1719464099398,188.3,100
1719464099398,188.3,100
1719464099398,188.3,100
1719464100967,188.8,25
1719464101785,188.0,25
1719464101785,188.0,25
1719464101785,188.0,25
1719464104056,188.0,50
1719464104887,187.35,200
1719464106032,187.5,25
1719464106363,187.35,50
1719464107240,187.65,100
1719464107816,188.0,25
1719464107816,188.0,25
1719464108599,187.95,25
1719464109779,188.0,50
1719464111104,188.45,25
1719464111303,188.45,25
1719464111303,188.45,25
1719464112330,188.0,25
1719464112330,188.0,25
1719464114627,188.85,25
1719464114627,188.85,25
1719464115174,188.5,25
1719464115967,188.15,25
1719464116604,187.7,75
1719464116604,187.7,75
1719464117957,187.95,75
1719464118436,187.7,125
1719464119268,187.9,50
1719464119557,187.85,25
1719464120625,187.0,100
1719464121401,186.95,75
1719464121401,186.95,75
1719464122636,187.3,25
1719464123444,187.85,25
1719464123801,188.0,25
1719464124873,187.85,150
1719464126038,187.5,100
1719464126628,188.25,175
1719464126809,188.05,25
1719464127917,187.6,25
1719464128456,188.1,100
1719464128456,188.1,100
1719464130009,187.65,25
1719464130009,187.65,25
1719464130621,187.4,50
1719464130621,187.4,50
1719464131664,188.25,25
1719464131735,188.25,25
1719464133136,188.6,50
1719464133136,188.6,50
1719464134162,188.45,25
1719464135080,189.15,25
1719464135625,189.0,25
1719464135625,189.0,25
1719464137255,189.45,25
1719464137255,189.45,25
1719464138694,189.7,25
1719464139214,189.85,25
1719464140073,190.1,100
1719464141139,189.95,25
1719464141270,190.45,25
1719464141892,190.2,100
1719464142355,189.7,50
1719464143293,189.0,50
1719464144883,188.15,25
1719464145164,187.1,25
1719464146131,188.3,50
1719464146131,188.3,50
1719464147168,187.7,25
1719464148157,187.8,125
1719464148262,187.7,50
1719464148262,187.7,50
1719464148262,187.7,50
1719464150883,187.55,75
1719464151173,188.3,50
1719464151173,188.3,50
1719464152260,187.4,25
1719464153061,188.0,75
1719464153513,187.75,225
1719464154093,187.85,25
1719464155017,187.8,150
1719464155275,188.3,75
1719464156256,189.0,250
1719464156256,189.0,250
1719464157074,188.95,25
1719464157074,188.95,25
1719464159931,189.05,50
1719464159990,189.45,25
1719464159990,189.45,25
1719464159990,189.45,25
1719464161220,188.15,50
1719464161602,188.9,25
1719464161602,188.9,25
1719464163092,188.0,250
1719464163092,188.0,250
1719464164025,188.15,75
1719464164025,188.15,75
1719464166458,188.0,50
1719464166740,188.05,25
1719464167165,188.0,25
1719464168167,188.0,25
1719464168525,188.15,25
1719464169033,187.9,25
1719464169817,187.7,50
1719464169817,187.7,50
1719464170925,187.95,25
1719464170925,187.95,25
1719464171922,187.9,250
1719464173556,187.4,75
1719464174053,188.15,50
1719464174695,188.2,25
1719464176116,188.1,25
1719464176471,188.5,25
1719464177167,189.0,25
1719464177167,189.0,25
1719464179911,188.45,25
1719464179911,188.45,25
1719464180425,188.0,25
1719464180595,187.9,50
1719464181542,187.65,300
1719464181819,187.75,100
1719464182938,187.65,100
1719464182938,187.65,100
1719464183878,186.7,25
1719464184958,187.95,25
1719464184958,187.95,25
1719464188289,188.1,25
1719464188289,188.1,25
1719464188289,188.1,25
1719464188289,188.1,25
1719464191618,189.0,50
1719464192330,189.05,25
1719464192330,189.05,25
1719464194979,187.95,25
1719464195009,188.15,25
1719464196034,188.05,25
1719464196034,188.05,25
1719464198329,187.55,25
1719464198329,187.55,25
1719464198949,187.6,50
1719464199271,187.6,25
1719464201305,189.05,200
1719464201305,189.05,200
1719464202248,189.05,200
1719464203174,188.7,50
1719464203273,189.3,75
1719464203273,189.3,75
1719464204661,188.75,25
1719464206056,188.05,25
1719464206315,188.65,25
1719464207063,188.75,125
1719464207834,188.0,25
1719464207834,188.0,25
1719464208794,188.0,25
1719464209714,188.0,100
1719464209714,188.0,100
1719464210257,187.6,25
1719464211677,188.15,25
1719464211677,188.15,25
1719464212522,187.95,25
1719464212522,187.95,25
1719464213990,188.15,75
1719464215176,188.15,25
1719464216650,187.65,25
1719464217173,187.2,25
1719464218018,187.15,200
1719464218347,187.0,200
1719464219157,186.1,50
1719464219342,185.9,75
1719464220817,185.35,50
1719464221025,186.25,25
1719464221025,186.25,25
1719464222091,185.9,25
1719464223374,185.25,25
1719464223415,185.55,50
1719464223415,185.55,50
1719464225057,185.2,50
1719464225057,185.2,50
1719464226132,185.05,25
1719464226537,184.9,25
1719464226537,184.9,25
1719464228571,184.0,125
1719464228887,184.3,25
1719464229724,184.0,25
1719464230990,183.45,50
1719464231685,183.85,25
1719464231854,183.1,50
1719464233015,183.65,25
1719464233015,183.65,25
1719464234400,183.6,25
1719464234876,183.9,200
1719464236005,183.6,250
1719464236005,183.6,250
1719464237073,184.0,25
1719464238061,183.15,25
1719464238061,183.15,25
1719464238794,183.25,50
1719464239640,183.95,25
1719464240982,183.5,25
1719464241790,183.9,250
1719464241881,183.9,350
1719464242942,184.2,25
1719464243508,184.2,50
1719464244099,183.9,25
1719464244566,183.0,575
1719464244566,183.0,575
1719464245950,183.7,50
1719464246832,181.7,100
1719464246945,181.55,25
1719464248414,179.9,50
1719464248580,179.9,250
1719464249406,179.2,25
1719464250167,180.05,50
1719464250316,180.15,25
1719464250827,179.55,75
1719464250886,179.8,250
1719464251806,179.65,150
1719464252245,179.55,25
1719464253164,179.2,25
1719464253624,179.3,25
1719464254140,177.6,25
1719464255261,179.3,25
1719464256098,178.85,25
1719464256418,179.8,250
1719464257118,179.8,250
1719464258168,178.75,100
1719464258387,178.45,25
1719464259358,178.5,25
1719464259966,178.95,25
1719464260407,180.05,25
1719464260667,179.2,25
1719464261757,179.05,25
1719464262397,179.15,25
1719464262923,179.4,25
1719464263459,178.7,25
1719464264010,178.4,25
1719464265169,178.9,25
1719464265169,178.9,25
1719464266197,178.7,25
1719464266566,178.7,25
1719464267353,179.25,25
1719464268005,178.65,250
1719464268444,178.7,100
1719464269165,178.4,175
1719464269755,177.75,25
1719464269755,177.75,25
1719464271163,178.85,25
1719464271294,178.95,25
1719464272419,180.0,25
1719464273201,179.2,25
1719464273244,179.25,50
1719464273857,179.45,25
1719464274760,179.9,25
1719464276435,179.25,25
1719464276881,179.15,25
1719464276904,178.7,75
1719464278105,179.6,150
1719464278359,179.85,275
1719464278965,180.25,25
1719464279947,180.7,50
1719464280239,180.95,25
1719464280709,180.5,25
1719464281059,180.0,25
1719464281905,179.8,100
1719464281905,179.8,100
1719464283100,179.8,25
1719464283619,179.2,50
1719464283958,179.2,50
1719464284899,179.0,25
1719464286200,179.4,50
1719464286584,179.6,50
1719464286584,179.6,50
1719464288222,179.95,25
1719464288503,179.3,25
1719464289004,179.2,25
1719464290266,179.6,25
1719464291029,179.6,50
1719464291701,178.7,25
1719464292522,177.7,25
1719464293449,177.55,75
1719464293716,177.75,25
1719464294380,177.8,50
1719464294380,177.8,50
1719464295414,178.25,100
1719464296083,177.7,150
1719464296083,177.7,150
1719464297084,178.85,125
1719464297588,177.9,200
1719464297588,177.9,200
1719464299189,177.35,25
1719464299337,177.1,25
1719464300366,177.9,25
1719464301219,177.95,25
1719464301505,178.2,250
1719464301505,178.2,250
1719464302641,178.05,100
1719464303571,177.8,50
1719464304161,178.45,50
1719464304871,178.4,150
1719464304871,178.4,150
1719464304871,178.4,150
1719464307046,179.25,25
1719464307197,178.55,50
1719464307829,177.75,25
1719464307829,177.75,25
1719464309022,177.8,250
1719464310340,176.7,25
1719464310564,176.5,25
1719464310766,177.25,25
1719464310766,177.25,25
1719464311909,177.1,100
1719464312070,177.35,25
1719464313219,177.55,25
1719464313477,177.4,25
1719464314523,176.0,25
1719464315348,176.35,25
1719464316235,176.05,150
1719464316840,176.05,50
1719464317378,175.75,25
1719464318210,176.15,25
1719464318687,176.2,25
1719464319032,176.05,50
1719464320447,175.65,25
1719464321001,175.95,50
1719464321651,176.05,25
1719464321651,176.05,25
1719464322890,176.15,25
1719464323601,175.25,25
1719464324134,175.8,25
1719464325242,176.2,25
1719464326142,176.1,25
1719464326601,176.05,25
1719464326984,176.2,25
1719464328165,177.65,25
1719464328476,178.05,100
1719464328476,178.05,100
1719464330207,179.05,25
1719464330207,179.05,25
1719464330662,177.7,125
1719464331880,177.85,25
1719464331979,177.7,25
1719464333409,177.0,50
1719464333409,177.0,50
1719464334233,177.2,300
1719464334455,177.3,25
1719464335336,177.4,25
1719464335931,177.05,25
1719464336389,177.4,100
1719464336389,177.4,100
1719464338262,177.7,25
1719464338772,177.2,25
1719464338888,177.5,75
1719464339853,177.0,25
1719464340649,177.05,125
1719464340649,177.05,125
1719464341655,178.2,350
1719464342213,177.8,25
1719464343137,178.05,25
1719464343611,177.45,25
1719464343611,177.45,25
1719464345184,178.25,50
1719464346254,177.95,25
1719464346931,177.45,50
1719464347253,177.4,25
1719464348256,177.9,150
1719464348798,178.1,25
1719464348798,178.1,25
1719464350404,177.9,50
1719464350404,177.9,50
1719464350905,178.0,25
1719464351926,177.6,50
1719464352463,177.95,50
1719464352805,177.95,25
1719464353780,178.0,25
1719464353974,178.1,25
1719464355205,178.0,150
1719464355205,178.0,150
1719464356089,177.9,25
1719464356519,178.35,25
1719464356519,178.35,25
1719464358251,178.35,25
1719464358251,178.35,25
1719464359127,178.45,375
1719464360223,177.95,25
1719464360367,177.3,100
1719464360744,177.75,100
1719464361940,177.15,25
1719464362113,176.6,50
1719464362990,178.0,25
1719464363592,178.1,500
1719464364216,177.55,25
1719464365059,177.7,25
1719464365059,177.7,25
1719464366251,177.9,25
1719464366786,177.2,50
1719464367113,177.55,750
1719464368289,178.05,50
1719464368555,177.7,25
1719464368555,177.7,25
1719464370262,177.9,125
1719464370312,178.1,225
1719464370312,178.1,225
1719464371157,178.0,25
1719464371372,177.95,50
1719464371372,177.95,50
1719464373206,177.6,25
1719464373369,177.7,25
1719464374022,177.65,50
1719464374811,177.65,225
1719464374811,177.65,225
1719464376251,178.0,75
1719464376679,177.65,225
1719464376679,177.65,225
1719464377707,177.95,50
1719464378524,177.9,75
1719464379226,178.05,25
1719464380163,178.2,50
1719464380337,178.6,25
1719464381161,178.15,100
1719464381704,177.65,50
1719464382195,177.9,25
1719464382698,177.65,25
1719464383723,178.0,25
1719464384064,178.7,725
1719464385100,178.65,25
1719464385100,178.65,25
1719464385737,178.7,100
1719464386869,179.05,100
1719464386869,179.05,100
1719464388403,178.55,25
1719464388403,178.55,25
1719464388906,178.55,25
1719464390106,178.9,25
1719464390371,179.1,150
1719464391268,178.05,25
1719464391983,178.0,25
1719464392113,178.25,25
1719464392765,178.8,50
1719464393647,178.0,25
1719464394399,177.7,25
1719464395213,178.35,25
1719464395213,178.35,25
1719464395789,178.65,450
1719464396447,178.25,25
1719464396447,178.25,25
1719464398293,178.0,50
1719464398293,178.0,50
1719464399286,177.75,50
1719464400453,177.9,25
1719464400594,178.0,125
1719464401257,178.4,50
1719464401791,178.75,200
1719464402203,178.9,50
1719464403311,179.0,100
1719464403311,179.0,100
1719464404138,178.75,25
1719464404411,178.1,100
1719464405386,178.1,100
1719464406279,177.8,150
1719464406723,177.5,50
1719464407236,177.7,25
1719464408254,178.05,25
1719464408753,178.0,25
1719464409253,177.85,25
1719464410148,178.25,25
1719464410679,178.5,25
1719464411037,178.3,25
1719464411859,178.55,25
1719464413288,179.0,100
1719464413636,179.0,175
1719464413636,179.0,175
1719464415196,178.35,200
1719464415554,178.35,25
1719464415554,178.35,25
1719464416914,178.95,25
1719464418057,178.8,175
1719464418891,178.5,25
1719464418891,178.5,25
1719464420286,178.4,25
1719464420615,178.6,25
1719464421253,178.5,25
1719464421917,178.75,25
1719464421917,178.75,25
1719464423080,178.9,25
1719464423643,178.9,25
1719464424126,178.75,125
1719464425283,178.5,25
1719464425489,178.5,25
1719464426469,178.2,25
1719464427248,178.45,25
1719464428019,178.15,75
1719464428019,178.15,75
1719464429191,178.2,25
1719464429851,178.2,50
1719464430737,177.95,125
1719464430848,178.15,50
1719464431637,178.25,25
1719464432563,178.1,25
1719464433425,178.35,100
1719464434297,177.6,25
1719464435439,177.65,25
1719464435565,177.45,25
1719464436189,177.8,50
1719464437003,178.05,25
1719464438047,176.45,25
1719464438520,177.0,25
1719464438520,177.0,25
1719464440310,176.2,50
1719464440400,176.25,25
1719464440400,176.25,25
1719464442266,177.0,300
1719464443486,177.5,25
1719464443764,177.2,25
1719464444197,177.65,75
1719464445250,178.05,25
1719464445250,178.05,25
1719464446280,177.95,25
1719464447124,178.0,25
1719464447355,177.85,600
1719464448220,178.35,250
1719464448729,178.05,25
1719464448729,178.05,25
1719464450669,177.95,100
1719464451244,177.8,25
1719464452331,177.8,25
1719464453277,177.7,50
1719464453945,178.55,25
1719464454141,178.55,975
1719464455141,178.65,75
1719464455729,178.4,25
1719464456065,178.0,250
1719464457369,178.2,50
1719464458139,178.0,25
1719464458139,178.0,25
1719464460419,178.3,25
1719464460600,178.25,25
1719464460865,178.6,25
1719464460865,178.6,25
1719464462176,179.0,25
1719464462176,179.0,25
1719464463720,179.35,25
1719464463967,179.25,25
1719464464310,179.2,25
1719464465268,179.4,25
1719464465761,179.4,25
1719464466254,179.0,25
1719464467363,178.5,25
1719464467562,178.6,25
1719464468133,179.3,50
1719464468967,178.9,25
1719464469137,179.05,100
1719464470182,178.5,25
1719464470423,178.5,25
1719464471385,178.45,25
1719464472108,178.55,25
1719464472108,178.55,25
1719464473250,178.2,25
1719464473852,177.8,500
1719464474173,178.0,75
1719464474898,178.1,25
1719464475414,178.25,25
1719464476336,177.7,25
1719464476729,177.75,25
1719464476729,177.75,25
1719464478121,178.2,25
1719464478956,178.85,25
1719464478956,178.85,25
1719464480339,179.3,25
1719464480339,179.3,25
1719464482193,179.4,100
1719464482329,179.1,50
1719464483041,179.25,25
1719464483041,179.25,25
1719464484088,179.05,50
1719464485107,178.5,25
1719464485576,179.05,50
1719464485576,179.05,50
1719464487115,178.75,50
1719464487335,179.2,1400
1719464487968,179.2,100
1719464488728,179.25,225
1719464489144,179.35,25
1719464490355,179.0,25
1719464490486,179.1,25
1719464490862,179.4,250
1719464491243,179.4,100
1719464492227,178.7,25
1719464492227,178.7,25
1719464493000,178.9,25
1719464493000,178.9,25
1719464494082,179.05,300
1719464495359,179.1,25
1719464495609,179.3,25
1719464495787,179.3,125
1719464497098,178.9,25
1719464497098,178.9,25
1719464498219,179.1,100
1719464498700,178.65,25
1719464498700,178.65,25
1719464499915,177.9,175
1719464500618,177.25,25
1719464501187,177.9,25
1719464502053,178.3,25
1719464502237,178.25,25
1719464503018,177.9,25
1719464503647,178.5,75
1719464503647,178.5,75
1719464505263,179.05,50
1719464505263,179.05,50
1719464506211,179.3,100
1719464507052,179.35,300
1719464507052,179.35,300
1719464507441,179.35,25
1719464508893,179.15,200
1719464508893,179.15,200
1719464509862,179.45,25
1719464509862,179.45,25
1719464510822,179.5,25
1719464512182,178.95,25
1719464512326,179.05,25
1719464512673,178.8,300
1719464513912,179.5,75
1719464514372,178.9,250
1719464514372,178.9,250
1719464514372,178.9,250
1719464516273,179.25,25
1719464517382,179.1,75
1719464517906,179.45,25
1719464517906,179.45,25
1719464519562,179.5,100
1719464519872,179.25,25
1719464520417,179.45,25
1719464521319,179.45,25
1719464522158,180.0,75
1719464522158,180.0,75
1719464523292,179.65,200
1719464523956,181.0,25
1719464524429,181.35,25
1719464525668,180.45,50
1719464526198,180.2,25
1719464527226,179.85,25
1719464527330,179.9,25
1719464528516,179.3,25
1719464529026,179.6,25
1719464529026,179.6,25
1719464530308,179.3,200
1719464530701,180.0,25
1719464531314,179.9,25
1719464532255,179.6,50
1719464533038,179.85,25
1719464534074,179.85,25
1719464534297,180.1,50
1719464535284,180.5,25
1719464535284,180.5,25
1719464535938,180.4,50
1719464537244,180.3,25
1719464537343,180.3,25
1719464538284,180.1,50
1719464539030,180.05,25
1719464539030,180.05,25
1719464540340,180.75,100
1719464540677,180.65,25
1719464541328,180.7,25
1719464541722,180.75,25
1719464541722,180.75,25
1719464543193,180.8,25
1719464544102,180.95,275
1719464544390,180.9,25
1719464545097,181.35,150
1719464545438,181.25,25
1719464546030,181.2,350
1719464547187,181.3,50
1719464547384,181.3,25
1719464548149,181.15,100
1719464549093,181.35,75
1719464549093,181.35,75
1719464550554,182.0,100
1719464550695,182.0,25
1719464550788,182.5,25
1719464551272,181.8,50
1719464552271,182.35,25
1719464552271,182.35,25
1719464553277,182.0,100
1719464553948,181.8,25
1719464554346,181.65,25
1719464555579,182.0,50
1719464555579,182.0,50
1719464556262,181.3,100
1719464556977,181.7,50
1719464557853,181.45,25
1719464558822,181.45,50
1719464559341,182.0,200
1719464560389,181.35,150
1719464560389,181.35,150
1719464561046,181.75,25
1719464562360,181.65,50
1719464563416,181.8,25
1719464563899,182.0,25
1719464564332,182.0,50
1719464565353,182.4,225
1719464565545,182.15,100
1719464566287,182.35,50
1719464567323,182.0,25
1719464567323,182.0,25
1719464568349,182.4,350
1719464569070,182.2,50
1719464569221,182.6,25
1719464570554,182.4,25
1719464570554,182.4,25
1719464571355,182.6,25
1719464572133,181.95,25
1719464573388,182.0,100
1719464573388,182.0,100
1719464574370,182.2,75
1719464575323,182.05,25
1719464575726,182.2,25
1719464576372,182.7,50
1719464576966,182.35,25
1719464577583,182.0,25
1719464578347,182.3,25
1719464579124,181.75,25
1719464579124,181.75,25
1719464580583,182.0,25
1719464580697,182.3,50
1719464580697,182.3,50
1719464581251,182.8,25
1719464582359,182.15,50
1719464582376,182.05,50
1719464583347,182.55,25
1719464584110,182.25,25
1719464584110,182.25,25
1719464585073,182.1,25
1719464585073,182.1,25
1719464586119,181.9,50
1719464587309,182.0,125
1719464587888,182.35,25
1719464588965,183.3,25
1719464589408,183.25,25
1719464590622,183.6,100
1719464590679,184.0,100
1719464591250,185.15,25
1719464592407,185.85,25
1719464592525,186.2,500
1719464593336,185.6,75
1719464593865,186.45,50
1719464594311,186.0,25
1719464594937,185.5,25
1719464594937,185.5,25
1719464596349,185.0,50
1719464597190,184.6,25
1719464597190,184.6,25
1719464598524,185.75,25
1719464599162,185.55,25
1719464599336,185.6,25
1719464600388,187.3,25
1719464600696,187.45,50
1719464601701,189.6,175
1719464602577,190.85,25
1719464602739,191.0,25
1719464603763,191.15,25
1719464604167,190.65,25
1719464604271,190.95,25
1719464605573,189.7,150
1719464605765,190.3,25
1719464606258,190.2,25
1719464607383,194.05,75
1719464607525,193.75,25
1719464608316,193.5,75
1719464609197,193.8,75
1719464609347,194.6,50
1719464610616,196.35,25
1719464610724,195.95,25
1719464610877,197.2,200
1719464611830,199.7,50
1719464611870,201.0,25
1719464611918,202.0,150
1719464611918,202.0,150
1719464612431,203.5,75
1719464612431,203.5,75
1719464612958,210.05,50
1719464612958,210.05,50
1719464613314,215.45,200
1719464613760,218.95,25
1719464613760,218.95,25
1719464619000,204.15,50
1719464614519,213.4,25
1719464616940,206.9,50
1719464616940,206.9,50
1719464618368,206.15,25
1719464622267,203.25,275
1719464622581,202.55,25
1719464623372,201.25,25
1719464624166,201.25,75
1719464624394,200.65,175
1719464625384,199.65,50
1719464625656,200.25,250
1719464626341,201.0,200
1719464627421,202.0,50
1719464627586,202.2,75
1719464628368,200.75,25
1719464629208,198.9,25
1719464629406,198.25,25
1719464630307,198.4,25
1719464630625,198.1,50
1719464631417,198.75,50
1719464632053,198.95,25
1719464632556,200.0,50
1719464633381,200.15,25
1719464634137,200.95,125
1719464634314,201.6,75
1719464635425,203.25,25
1719464635814,204.7,25
1719464636406,205.65,25
1719464636989,206.35,75
1719464637534,207.7,25
1719464638317,205.6,25
1719464639217,205.55,50
1719464639826,204.1,100
1719464640515,204.15,25
1719464640827,205.0,25
1719464640870,204.3,50
1719464641515,204.6,225
1719464642579,204.2,50
1719464643693,204.4,25
1719464644197,202.85,25
1719464644381,203.8,25
1719464645325,202.6,25
1719464645805,202.3,450
1719464646609,202.55,50
1719464647415,200.0,25
1719464647593,200.75,100
1719464648326,199.8,25
1719464649032,201.3,25
1719464649370,200.6,25
1719464650548,202.75,100
1719464651751,203.95,25
1719464652354,203.55,25
1719464653381,202.85,25
1719464653920,203.3,50
1719464654414,203.65,25
1719464655429,203.35,200
1719464656575,204.0,75
1719464657260,203.6,25
1719464658620,203.65,25
1719464659064,202.9,25
1719464659422,202.25,50
1719464660372,200.4,25
1719464660627,200.65,50
1719464661369,200.8,50
1719464662438,201.15,50
1719464662438,201.15,50
1719464663433,203.05,25
1719464664066,202.2,25
1719464664531,204.6,200
1719464665524,203.3,200
1719464666402,203.1,25
1719464667232,203.5,25
1719464668266,204.05,50
1719464668842,203.75,25
1719464669447,204.3,25
1719464670559,202.1,200
1719464670559,202.1,200
1719464671730,202.2,50
1719464672428,201.85,25
1719464673232,202.0,50
1719464673589,201.6,50
1719464673589,201.6,50
1719464675656,201.0,250
1719464676065,201.5,25
1719464677231,201.5,75
1719464678655,201.45,150
1719464679016,201.3,200
1719464679633,201.75,50
1719464680559,202.95,25
1719464680869,203.0,100
1719464681364,203.35,25
1719464682398,202.5,25
1719464683581,203.05,25
1719464683581,203.05,25
1719464684394,201.95,175
1719464685024,202.4,50
1719464685637,201.7,150
1719464686463,202.4,25
1719464686923,202.4,50
1719464688442,203.95,25
1719464688732,203.5,150
1719464689334,202.65,25
1719464690437,203.25,25
1719464690437,203.25,25
1719464691571,204.7,25
1719464692408,205.0,25
1719464692408,205.0,25
1719464693568,204.3,25
1719464694038,205.0,500
1719464694372,206.0,50
1719464695450,207.25,50
1719464695713,207.2,25
1719464696391,208.0,250
1719464697528,207.85,25
1719464698227,207.45,50
1719464699105,209.0,75
1719464699548,209.3,50
1719464700608,210.2,25
1719464700705,210.95,25
1719464700766,211.15,50
1719464701636,211.85,25
1719464702176,212.9,50
1719464702706,213.35,50
1719464703365,213.15,75
1719464704091,212.5,25
1719464704417,213.1,100
1719464705438,212.6,25
1719464705710,212.1,75
1719464706630,211.35,25
1719464707543,211.65,25
1719464707674,210.95,25
1719464708624,210.0,25
1719464709113,210.35,25
1719464709842,210.25,25
1719464710438,209.0,25
1719464710666,209.55,50
1719464711348,208.6,25
1719464712340,207.9,200
1719464712374,207.8,150
1719464713231,208.55,50
1719464714137,209.0,25
1719464714425,207.5,25
1719464715638,205.7,50
1719464715712,205.0,200
1719464716492,206.15,25
1719464717207,206.2,50
1719464717439,205.95,50
1719464718385,206.25,25
1719464718979,205.85,50
1719464719616,206.7,50
1719464720753,207.2,25
1719464721448,208.5,50
1719464722331,209.1,25
1719464722436,209.3,75
1719464723480,210.8,50
1719464724165,209.2,75
1719464724581,208.3,25
1719464725673,209.0,25
1719464725673,209.0,25
1719464726675,209.4,25
1719464727105,209.3,25
1719464727521,208.6,25
1719464728369,210.05,150
1719464729070,211.0,25
1719464729447,210.65,50
1719464730411,208.55,25
1719464730774,209.55,125
1719464730774,209.55,125
1719464731455,208.5,25
1719464732377,209.65,50
1719464732669,209.95,100
1719464733461,208.0,25
1719464734044,207.25,125
1719464734286,208.0,25
1719464735332,208.35,200
1719464735768,207.5,25
1719464736189,208.4,25
1719464737336,208.3,25
1719464737336,208.3,25
1719464738361,207.4,25
1719464739107,206.9,25
1719464739397,206.65,25
1719464740192,208.2,25
1719464740678,207.2,25
1719464741422,205.6,100
1719464741941,206.0,25
1719464741941,206.0,25
1719464743491,207.45,25
1719464744200,206.75,50
1719464744312,206.75,25
1719464745262,207.55,100
1719464745609,207.5,25
1719464746370,207.3,25
1719464747254,206.0,25
1719464748417,206.0,25
1719464749154,206.0,50
1719464749826,205.0,50
1719464750229,205.0,50
1719464750229,205.0,50
1719464751536,204.0,25
1719464752089,204.25,25
1719464752490,204.5,25
1719464753513,205.0,100
1719464753980,203.95,50
1719464754307,203.95,25
1719464755405,204.3,25
1719464755405,204.3,25
1719464756680,201.85,25
1719464757277,202.6,25
1719464757591,202.05,25
1719464758483,202.1,125
1719464759222,202.0,325
1719464759449,201.8,50
1719464760360,202.05,25
1719464760825,202.7,50
1719464760825,202.7,50
1719464761400,202.85,25
1719464762434,204.7,50
1719464762874,204.7,50
1719464763184,204.4,25
1719464764134,205.15,50
1719464764369,205.65,25
1719464765308,206.4,75
1719464765308,206.4,75
1719464766366,207.25,50
1719464767212,206.05,25
1719464767212,206.05,25
1719464768382,205.6,50
1719464769165,204.65,25
1719464769280,204.45,25
1719464770335,202.75,125
1719464770728,202.25,25
1719464771230,202.25,25
1719464772130,203.2,150
1719464772622,203.1,50
1719464773240,202.45,25
1719464774101,202.95,25
1719464774338,204.1,50
1719464774913,203.8,50
1719464775725,203.6,25
1719464776394,204.55,50
1719464777437,204.5,200
1719464778430,205.0,25
1719464778959,205.25,25
1719464778959,205.25,25
1719464779855,204.5,25
1719464780849,205.05,25
1719464781228,204.5,125
1719464782301,205.0,50
1719464783504,205.4,25
1719464784106,204.45,25
1719464784421,203.85,125
1719464785629,203.5,25
1719464785758,203.65,25
1719464786563,202.6,200
1719464787433,201.5,50
1719464787433,201.5,50
1719464788426,201.7,25
1719464789145,201.5,125
1719464789507,202.2,25
1719464790496,201.4,25
1719464790833,201.45,25
1719464791081,202.6,25
1719464792381,204.15,25
1719464792803,205.0,1175
1719464793031,205.45,25
1719464794149,204.95,25
1719464794490,205.7,25
1719464795500,204.85,25
1719464795733,205.45,25
1719464796471,205.35,175
1719464797436,203.85,25
1719464798378,204.1,25
1719464799206,202.75,75
1719464799438,202.75,125
1719464800138,202.8,100
1719464800138,202.8,100
1719464801446,203.2,50
1719464801978,203.0,25
1719464803348,203.1,250
1719464804278,203.35,25
1719464804434,203.15,50
1719464805547,203.2,200
1719464805736,203.15,25
1719464806453,202.8,25
1719464807369,202.15,25
1719464808373,202.0,200
1719464809211,202.35,25
1719464809376,202.35,25
1719464810410,203.25,125
1719464810786,203.05,25
1719464811498,203.35,25
1719464811954,204.0,25
1719464811954,204.0,25
1719464812886,205.0,25
1719464813817,204.55,25
1719464813817,204.55,25
1719464815516,203.65,50
1719464815715,203.85,25
1719464816173,203.55,50
1719464816838,203.95,50
1719464818228,203.6,25
1719464818541,203.4,50
1719464819450,204.0,25
1719464819450,204.0,25
1719464821014,204.1,25
1719464821287,204.0,25
1719464822480,202.2,175
1719464822672,202.95,75
1719464823274,203.25,25
1719464824280,204.0,50
1719464824503,204.4,25
1719464825468,204.95,25
1719464825468,204.95,25
1719464826718,205.45,25
1719464827393,205.15,25
1719464828272,204.85,25
1719464829248,202.7,25
1719464829551,202.0,50
1719464830574,200.5,25
1719464830774,200.9,25
1719464831017,199.45,25
1719464832480,199.65,25
1719464833397,199.9,50
1719464834275,199.95,25
1719464834275,199.95,25
1719464835486,200.1,25
1719464835875,201.3,25
1719464836305,201.7,175
1719464837300,200.35,25
1719464837300,200.35,25
1719464838565,201.25,25
1719464839183,200.55,25
1719464839372,200.05,25
1719464840668,200.45,50
1719464840803,199.45,25
1719464841511,200.0,25
1719464842355,200.45,25
1719464842568,200.55,25
1719464843011,200.1,25
