time,price,volume
1719461503721,223.3,50
1719461504489,224.05,75
1719461505181,224.1,25
1719461505778,224.05,150
1719461506598,223.6,25
1719461506598,223.6,25
1719461507438,224.25,50
1719461508377,224.1,25
1719461508703,224.65,50
1719461509542,224.0,275
1719461510232,223.85,25
1719461510609,223.95,25
1719461511518,223.6,25
1719461511886,225.0,125
1719461512600,224.7,75
1719461513605,224.4,25
1719461513605,224.4,25
1719461514544,224.1,50
1719461515291,223.9,50
1719461515291,223.9,50
1719461516595,225.5,25
1719461517079,225.0,25
1719461517317,223.95,25
1719461518677,223.75,25
1719461518829,223.65,25
1719461519587,224.0,75
1719461519587,224.0,75
1719461520384,223.8,125
1719461522007,223.0,50
1719461522072,222.35,25
1719461522711,222.95,25
1719461523663,222.25,25
1719461523965,221.8,75
1719461524944,221.45,25
1719461525080,221.0,50
1719461525487,221.2,100
1719461526381,220.95,50
1719461526893,220.05,25
1719461527576,219.0,125
1719461528581,219.5,25
1719461528652,218.5,25
1719461529700,219.5,125
1719461530254,220.5,25
1719461530254,220.5,25
1719461531432,219.45,25
1719461531782,220.0,25
1719461532591,220.5,25
1719461533673,219.75,25
1719461534498,220.6,25
1719461535125,220.55,25
1719461535403,220.45,25
1719461536606,220.0,25
1719461537104,219.95,100
1719461537759,220.0,1000
1719461538677,220.45,25
1719461539617,219.65,25
1719461540083,219.6,50
1719461540083,219.6,50
1719461541544,219.0,175
1719461542147,219.0,25
1719461542300,219.05,25
1719461543337,218.0,150
1719461543337,218.0,150
1719461544563,217.9,25
1719461545243,217.65,25
1719461545667,217.0,200
1719461546248,216.5,25
1719461547161,217.15,50
1719461547622,218.15,25
1719461548635,218.75,25
1719461549472,218.6,200
1719461550228,218.7,25
1719461550228,218.7,25
1719461551122,218.2,25
1719461551122,218.2,25
1719461552534,218.05,25
1719461553474,218.5,100
1719461553779,218.0,25
1719461554501,218.35,25
1719461555180,218.75,100
1719461555180,218.75,100
1719461556450,218.0,100
1719461556874,218.65,50
1719461557609,218.95,25
1719461558161,218.9,25
1719461558161,218.9,25
1719461558787,219.8,25
1719461559957,219.15,25
1719461559957,219.15,25
1719461561662,218.5,75
1719461561870,218.4,25
1719461562580,218.35,125
1719461563630,217.7,25
1719461563630,217.7,25
1719461564764,216.95,25
1719461564847,216.4,50
1719461565590,217.15,25
1719461565678,217.0,25
1719461565678,217.0,25
1719461567286,217.05,250
1719461568625,217.55,50
1719461568735,217.0,25
1719461569340,217.55,25
1719461570028,217.15,125
1719461570028,217.15,125
1719461571704,218.6,150
1719461571704,218.6,150
1719461572682,218.0,25
1719461573565,218.0,50
1719461573565,218.0,50
1719461574565,218.0,25
1719461574766,218.3,100
1719461574766,218.3,100
1719461576556,218.55,100
1719461576556,218.55,100
1719461577342,219.55,200
1719461578624,219.5,50
1719461578624,219.5,50
1719461579162,220.25,25
1719461580247,219.8,25
1719461580247,219.8,25
1719461581409,219.2,25
1719461581928,219.45,75
1719461581928,219.45,75
1719461583339,220.5,50
1719461583339,220.5,50
1719461584161,220.55,25
1719461585076,219.0,50
1719461585826,219.1,100
1719461586377,218.6,225
1719461587217,218.7,250
1719461587217,218.7,250
1719461588188,217.55,25
1719461588188,217.55,25
1719461589268,218.1,100
1719461589268,218.1,100
1719461591086,217.55,225
1719461592128,217.7,25
1719461592128,217.7,25
1719461592661,217.4,75
1719461593645,217.75,50
1719461593831,218.45,50
1719461594448,218.55,50
1719461595317,218.25,200
1719461595572,218.95,25
1719461596042,219.1,25
1719461597225,219.65,50
1719461597631,219.65,25
1719461598192,219.85,25
1719461598192,219.85,25
1719461599592,220.15,150
1719461600319,219.7,25
1719461600319,219.7,25
1719461600786,220.1,100
1719461601953,219.85,25
1719461602529,219.65,75
1719461602529,219.65,75
1719461604227,218.55,25
1719461604603,218.45,500
1719461604603,218.45,500
1719461605586,219.8,125
1719461606620,219.95,25
1719461606672,220.45,25
1719461607369,219.1,175
1719461608261,218.6,100
1719461608261,218.6,100
1719461609644,219.0,50
1719461610314,218.9,25
1719461610617,218.9,25
1719461611673,219.65,75
1719461611673,219.65,75
1719461612593,219.15,125
1719461612593,219.15,125
1719461614714,219.0,25
1719461615366,218.45,25
1719461615366,218.45,25
1719461616732,219.65,25
1719461617278,219.05,25
1719461617561,218.4,25
1719461618637,218.3,75
1719461618890,218.5,175
1719461619240,218.9,25
1719461620318,218.55,25
1719461620318,218.55,25
1719461621615,219.7,25
1719461622049,220.0,275
1719461622444,220.25,50
1719461623547,219.9,25
1719461623547,219.9,25
1719461624500,221.85,25
1719461625383,222.0,200
1719461625626,222.0,75
1719461626556,221.4,25
1719461627279,221.5,325
1719461627565,221.7,25
1719461628489,222.5,125
1719461628863,222.3,25
1719461629438,221.9,25
1719461629737,222.6,175
1719461630585,222.5,25
1719461631326,221.8,25
1719461632191,221.65,25
1719461632390,222.55,25
1719461633794,222.95,25
1719461635151,222.75,100
1719461635419,222.6,50
1719461635419,222.6,50
1719461636601,222.0,25
1719461637246,222.75,300
1719461637246,222.75,300
1719461638662,222.0,50
1719461638884,221.65,25
1719461639564,222.25,75
1719461640362,222.55,75
1719461640362,222.55,75
1719461641652,221.55,50
1719461642022,221.05,25
1719461642022,221.05,25
1719461643146,222.4,75
1719461643797,221.75,100
1719461644510,222.5,75
1719461645471,222.0,100
1719461645688,221.3,25
1719461646574,222.0,25
1719461647300,221.95,25
1719461647586,221.8,25
1719461648554,221.65,25
1719461648875,221.8,100
1719461649511,221.55,25
1719461650342,221.9,50
1719461650342,221.9,50
1719461650894,221.95,25
1719461650894,221.95,25
1719461652467,222.0,50
1719461653471,222.65,75
1719461653471,222.65,75
1719461654837,222.95,25
1719461655515,222.65,25
1719461655628,222.5,25
1719461657122,222.6,50
1719461657122,222.6,50
1719461658690,222.05,25
1719461658921,221.55,250
1719461659460,221.75,25
1719461659998,221.5,25
1719461660590,221.35,50
1719461661559,220.7,275
1719461662109,220.75,75
1719461662685,220.0,25
1719461663923,219.35,25
1719461664240,219.45,25
1719461664455,219.35,50
1719461665424,220.25,25
1719461665424,220.25,25
1719461666694,220.7,25
1719461667112,220.85,25
1719461667465,221.1,25
1719461668125,221.8,25
1719461668125,221.8,25
1719461669551,221.5,50
1719461670546,221.95,125
1719461670615,221.65,25
1719461671585,221.85,50
1719461672082,221.6,75
1719461672662,222.05,75
1719461673264,221.45,25
1719461673264,221.45,25
1719461674295,221.4,100
1719461675526,220.95,100
1719461675683,221.15,25
1719461676413,222.05,50
1719461677034,222.4,50
1719461677390,222.3,50
1719461678670,221.45,175
1719461678910,220.65,25
1719461678910,220.65,25
1719461680383,220.45,25
1719461680670,220.0,25
1719461681580,220.75,25
1719461682172,221.8,25
1719461682305,221.45,25
1719461683587,222.05,75
1719461683587,222.05,75
1719461684810,222.6,25
1719461685549,221.6,150
1719461685692,221.75,25
1719461686072,222.0,25
1719461686884,221.95,25
1719461687543,221.55,75
1719461688575,221.25,25
1719461688575,221.25,25
1719461689570,222.2,50
1719461690539,221.9,75
1719461690606,221.9,75
1719461691583,222.65,75
1719461692005,222.6,50
1719461692571,222.45,25
1719461693627,222.0,1550
1719461693627,222.0,1550
1719461694677,222.05,100
1719461695596,222.65,25
1719461695596,222.65,25
1719461696640,222.1,25
1719461696640,222.1,25
1719461697677,222.7,25
1719461698737,221.05,25
1719461698737,221.05,25
1719461699093,220.85,50
1719461700488,222.1,100
1719461700676,222.1,25
1719461701710,223.0,25
1719461702207,223.0,25
1719461702615,222.95,25
1719461703695,222.05,100
1719461703695,222.05,100
1719461704485,222.5,175
1719461705149,222.45,50
1719461705149,222.45,50
1719461706694,220.8,50
1719461706956,221.2,25
1719461707840,219.6,50
1719461708549,220.25,50
1719461708549,220.25,50
1719461709399,220.3,25
1719461709744,220.1,75
1719461711932,222.1,25
1719461712105,221.95,150
1719461712105,221.95,150
1719461713711,220.45,100
1719461713711,220.45,100
1719461714579,220.65,100
1719461715358,221.1,25
1719461715358,221.1,25
1719461716273,221.2,25
1719461717193,220.35,50
1719461717682,221.15,25
1719461718588,221.2,125
1719461719193,220.9,75
1719461720614,222.65,25
1719461720614,222.65,25
1719461721822,222.6,100
1719461722023,222.05,75
1719461722619,222.0,175
1719461723391,221.9,100
1719461723391,221.9,100
1719461748522,227.0,25
1719461748522,227.0,25
1719461749670,227.6,25
1719461750745,227.8,50
1719461751822,228.7,25
1719461752141,229.0,50
1719461752746,228.85,25
1719461753635,229.0,25
1719461753635,229.0,25
1719461754679,227.35,25
1719461755455,228.45,25
1719461755455,228.45,25
1719461756617,228.8,25
1719461757305,228.2,25
1719461757574,228.0,25
1719461758732,227.55,25
1719461758882,227.7,25
1719461759691,227.9,25
1719461760653,228.8,125
1719461760915,228.6,25
1719461761746,228.6,50
1719461762288,229.45,25
1719461762654,229.45,50
1719461763729,228.65,50
1719461763780,229.1,50
1719461764609,230.05,25
1719461765686,229.0,50
1719461766711,229.35,25
1719461767247,229.25,50
1719461767940,228.55,25
1719461768659,228.15,25
1719461768892,228.75,25
1719461769661,228.75,25
1719461770488,228.6,25
1719461770659,229.35,25
1719461771802,228.7,25
1719461771802,228.7,25
1719461772718,228.7,75
1719461773485,228.0,25
1719461773920,228.0,25
1719461774894,227.55,25
1719461775526,228.2,50
1719461775593,227.8,25
1719461776110,227.8,50
1719461777122,228.1,75
1719461777505,227.6,50
1719461778355,227.95,25
1719461778355,227.95,25
1719461779404,228.1,25
1719461779891,227.8,125
1719461780655,227.45,175
1719461781721,227.35,75
1719461782004,228.0,25
1719461782772,228.0,25
1719461783690,228.5,25
1719461783690,228.5,25
1719461784139,229.3,50
1719461784139,229.3,50
1719461786071,229.45,25
1719461786974,231.3,25
1719461787059,230.45,50
1719461788170,232.8,275
1719461788578,232.05,25
1719461788811,232.65,75
1719461789488,232.05,50
1719461790483,232.25,25
1719461790483,232.25,25
1719461790579,232.35,125
1719461791768,231.65,25
1719461792002,231.15,25
1719461792955,231.45,25
1719461793989,231.65,25
1719461794781,231.15,25
1719461795295,231.15,25
1719461795803,230.8,25
1719461796565,230.8,50
1719461797153,230.4,25
1719461797982,231.7,50
1719461798732,231.85,275
1719461798891,232.0,25
1719461799465,232.0,50
1719461800459,230.85,50
1719461800738,230.85,100
1719461801650,231.5,25
1719461802053,230.65,275
1719461802772,231.3,25
1719461803568,231.15,425
1719461803815,232.35,75
1719461804846,232.15,25
1719461805592,231.0,25
1719461805732,231.0,250
1719461806723,232.1,25
1719461807090,232.05,25
1719461807709,231.25,125
1719461808706,231.5,50
1719461808706,231.5,50
1719461809904,231.05,50
1719461810298,230.9,300
1719461810790,231.95,75
1719461811673,232.15,25
1719461811673,232.15,25
1719461812222,231.1,50
1719461813957,231.25,25
1719461814760,230.9,50
1719461815544,230.2,25
1719461815739,230.35,100
1719461816778,231.1,75
1719461817110,229.55,250
1719461817803,229.25,50
1719461818687,229.9,400
1719461818873,229.9,25
1719461819485,229.1,75
1719461819485,229.1,75
1719461820661,229.05,50
1719461821591,229.1,125
1719461822188,229.0,25
1719461822393,229.2,25
1719461823794,229.4,100
1719461823794,229.4,100
1719461824823,228.8,25
1719461825402,228.6,200
1719461825730,228.55,25
1719461826752,228.1,375
1719461827090,227.95,50
1719461827688,227.85,50
1719461828711,227.9,225
1719461829775,227.6,50
1719461830609,227.75,125
1719461830749,227.8,25
1719461831793,227.6,25
1719461832103,227.3,50
1719461832407,227.8,25
1719461833790,229.3,25
1719461833837,229.1,25
1719461834849,230.15,100
1719461835551,231.7,25
1719461835815,231.2,25
1719461836777,230.75,50
1719461836777,230.75,50
1719461837792,229.8,25
1719461838659,229.9,250
1719461839780,228.75,75
1719461840387,228.15,25
1719461840645,228.35,25
1719461842023,228.35,50
1719461842158,228.15,75
1719461842589,228.2,25
1719461843601,228.65,25
1719461844585,229.0,100
1719461845248,229.0,25
1719461845248,229.0,25
1719461846752,229.0,50
1719461846752,229.0,50
1719461847993,229.6,25
1719461848790,229.6,25
1719461848790,229.6,25
1719461849664,229.8,100
1719461850546,229.05,100
1719461850799,228.75,75
1719461851377,229.0,25
1719461852092,228.65,75
1719461852741,229.1,25
1719461853490,228.95,25
1719461854734,228.9,150
1719461855599,228.75,75
1719461855599,228.75,75
1719461856812,229.1,200
1719461856980,229.3,25
1719461857758,229.2,25
1719461858544,228.55,100
1719461859653,228.65,25
1719461860587,228.5,100
1719461861003,228.05,250
1719461861678,229.05,25
1719461862124,229.0,25
1719461862315,229.45,100
1719461863706,228.8,100
1719461864883,228.9,25
1719461865513,228.9,475
1719461865513,228.9,475
1719461866671,229.65,25
1719461867129,229.6,125
1719461867563,229.0,25
1719461868578,229.7,75
1719461869237,229.1,125
1719461870137,228.65,75
1719461870772,228.65,25
1719461871513,228.95,50
1719461872267,228.25,25
1719461872738,228.8,200
1719461873739,227.6,25
1719461873739,227.6,25
1719461874886,226.7,25
1719461874886,226.7,25
1719461875794,227.35,25
1719461877031,226.7,50
1719461877123,226.55,300
1719461877762,227.1,200
1719461878813,227.35,125
1719461879695,226.45,25
1719461880196,227.1,25
1719461880196,227.1,25
1719461881564,226.9,25
1719461881944,225.4,25
1719461882585,225.6,25
1719461883890,225.8,175
1719461883890,225.8,175
1719461884659,226.25,25
1719461885608,226.4,25
1719461885608,226.4,25
1719461886523,227.2,25
1719461887187,226.9,25
1719461887187,226.9,25
1719461888585,226.95,300
1719461889043,227.4,25
1719461889043,227.4,25
1719461890606,226.5,25
1719461890606,226.5,25
1719461891550,226.35,150
1719461892265,226.0,750
1719461893024,225.45,100
1719461893634,225.2,100
1719461893634,225.2,100
1719461894493,225.3,25
1719461895660,225.8,175
1719461895660,225.8,175
1719461896585,225.9,100
1719461897287,225.0,250
1719461897555,225.0,100
1719461898128,225.3,25
1719461898128,225.3,25
1719461899837,225.2,100
1719461900563,225.85,50
1719461900563,225.85,50
1719461901838,226.35,50
1719461902283,226.3,100
1719461902854,227.35,75
1719461903697,227.55,50
1719461903969,227.3,50
1719461904615,226.8,25
1719461905600,226.8,100
1719461905600,226.8,100
1719461906746,225.65,25
1719461906746,225.65,25
1719461908410,225.7,25
1719461908782,225.9,125
1719461908782,225.9,125
1719461909760,226.05,25
1719461910470,225.35,25
1719461910470,225.35,25
1719461910470,225.35,25
1719461911426,224.0,25
1719461911928,224.0,25
1719461912463,225.0,400
1719461913844,224.65,125
1719461913844,224.65,125
1719461914851,223.9,25
1719461915202,224.55,25
1719461915202,224.55,25
1719461916534,223.95,50
1719461917325,223.7,50
1719461917487,224.2,25
1719461918530,223.8,25
1719461919094,224.0,175
1719461919888,224.35,50
1719461920628,225.0,25
1719461920853,225.4,25
1719461921146,225.05,50
1719461922096,225.95,25
1719461922834,225.65,250
1719461923829,225.95,25
1719461923829,225.95,25
1719461924578,225.85,50
1719461925584,225.9,50
1719461926013,226.75,50
1719461926993,226.45,50
1719461927261,226.55,50
1719461927261,226.55,50
1719461928591,226.45,50
1719461929022,226.35,25
1719461929429,225.75,25
1719461930114,226.25,100
1719461930114,226.25,100
1719461931821,226.0,50
1719461932233,226.0,50
1719461932233,226.0,50
1719461933798,226.0,50
1719461934147,225.7,25
1719461934852,226.25,25
1719461935602,225.75,375
1719461936562,226.0,25
1719461936562,226.0,25
1719461937627,225.3,25
1719461938390,225.35,25
1719461938931,226.0,200
1719461939616,226.2,50
1719461940321,226.25,25
1719461940321,226.25,25
1719461940788,226.7,225
1719461940996,226.75,75
1719461940996,226.75,75
1719461942439,226.05,100
1719461943640,226.6,50
1719461943909,226.85,25
1719461944611,226.2,25
1719461945687,226.55,50
1719461945687,226.55,50
1719461946210,227.0,25
1719461947277,226.95,50
1719461947626,227.1,25
1719461948423,227.7,25
1719461948423,227.7,25
1719461949656,227.5,25
1719461950655,227.85,25
1719461951254,228.0,25
1719461951254,228.0,25
1719461952755,227.85,25
1719461953540,228.35,25
1719461953540,228.35,25
1719461954450,227.9,25
1719461955050,227.35,25
1719461955050,227.35,25
1719461956791,227.6,25
1719461957395,228.0,25
1719461957580,227.85,25
1719461958736,229.55,350
1719461958736,229.55,350
1719461960076,230.15,25
1719461960616,230.45,50
1719461961826,232.3,25
1719461962408,231.7,100
1719461962721,231.75,50
1719461963442,233.2,25
1719461963915,232.45,25
1719461964842,232.35,25
1719461965740,232.45,100
1719461967287,231.85,25
1719461967287,231.85,25
1719461967287,231.85,25
1719461968796,231.8,50
1719461968975,231.9,25
1719461969867,231.95,200
1719461970006,232.4,200
1719461970774,231.85,25
1719461970774,231.85,25
1719461971990,233.0,25
1719461971990,233.0,25
1719461972813,232.85,25
1719461973697,232.6,50
1719461973697,232.6,50
1719461974618,231.85,75
1719461975581,231.9,25
1719461976734,231.6,200
1719461976734,231.6,200
1719461977896,232.25,50
1719461978857,231.0,75
1719461978946,231.2,25
1719461979545,231.35,25
1719461980453,231.3,75
1719461981673,231.2,50
1719461982438,231.55,75
1719461982877,232.4,25
1719461984012,233.4,25
1719461984012,233.4,25
1719461984148,233.05,100
1719461985794,232.95,25
1719461985794,232.95,25
1719461986721,233.8,25
1719461987414,233.55,50
1719461987846,233.05,250
1719461988604,232.65,75
1719461989048,232.7,25
1719461989897,232.95,25
1719461990871,232.9,25
1719461991972,233.5,25
1719461992163,233.55,25
1719461992805,232.7,25
1719461993785,233.0,25
1719461994027,233.05,25
1719461994294,233.65,25
1719461995715,233.2,25
1719461996062,234.0,25
1719461996785,232.4,25
1719461997460,231.95,25
1719461997884,232.8,25
1719461998621,232.25,25
1719461999045,232.25,25
1719461999446,232.85,25
1719462000373,232.2,175
1719462000373,232.2,175
1719462000373,232.2,175
1719462001744,232.9,25
1719462002351,234.4,25
1719462002882,234.3,25
1719462003907,232.45,25
1719462003907,232.45,25
1719462004844,233.5,75
1719462005497,233.75,25
1719462005904,233.7,25
1719462006512,233.9,25
1719462007476,234.65,250
1719462007670,234.8,50
1719462008897,235.35,100
1719462009036,235.8,25
1719462009920,235.25,25
1719462010442,235.1,25
1719462010839,235.0,800
1719462011927,234.3,25
1719462012431,234.3,25
1719462013041,235.05,25
1719462013860,234.2,25
1719462014068,234.45,125
1719462014534,234.6,25
1719462015698,235.35,100
1719462015698,235.35,100
1719462016772,234.9,375
1719462017353,234.6,50
1719462017736,234.85,25
1719462018802,235.15,25
1719462019117,235.75,25
1719462020080,235.65,25
1719462020564,235.7,25
1719462020979,235.4,150
1719462022238,234.0,25
1719462022238,234.0,25
1719462022666,233.45,25
1719462023785,233.15,125
1719462024011,233.2,25
1719462024884,232.45,300
1719462025629,232.45,25
1719462025818,232.45,25
1719462026530,232.4,75
1719462027405,232.0,50
1719462028037,232.0,25
1719462028669,232.0,25
1719462028669,232.0,25
1719462029327,233.1,250
1719462030463,233.15,50
1719462030463,233.15,50
1719462031861,233.6,25
1719462032402,233.25,50
1719462032402,233.25,50
1719462032402,233.25,50
1719462034532,233.2,25
1719462034750,233.45,25
1719462035509,233.4,75
1719462035738,233.45,25
1719462037107,234.0,75
1719462037189,233.85,475
1719462037884,233.5,75
1719462038912,233.2,50
1719462039001,233.6,25
1719462039922,233.85,75
1719462040646,233.45,275
1719462040793,233.6,25
1719462041705,233.5,1450
1719462042435,232.4,25
1719462042435,232.4,25
1719462043523,233.4,75
1719462044923,232.95,50
1719462045661,232.55,25
1719462045661,232.55,25
1719462046687,233.5,75
1719462047471,233.25,125
1719462047471,233.25,125
1719462048577,234.1,25
1719462048577,234.1,25
1719462049383,233.75,25
1719462050689,233.95,50
1719462050689,233.95,50
1719462051837,234.65,375
1719462052552,235.0,225
1719462052854,234.95,25
1719462053795,235.45,50
1719462053974,235.75,25
1719462054846,234.8,50
1719462055192,234.95,50
1719462055192,234.95,50
1719462056273,233.8,75
1719462057210,233.25,225
1719462057936,233.55,100
1719462058777,232.8,125
1719462058777,232.8,125
1719462060081,234.0,25
1719462060599,233.8,25
1719462060599,233.8,25
1719462060599,233.8,25
1719462062087,235.05,100
1719462062377,235.0,50
1719462062801,234.55,50
1719462063193,234.65,25
1719462064122,234.15,75
1719462064804,233.0,50
1719462065488,232.75,25
1719462065488,232.75,25
1719462066822,232.8,100
1719462067541,232.95,50
1719462067907,232.8,200
1719462068754,233.45,50
1719462070085,233.6,25
1719462070538,232.85,50
1719462070538,232.85,50
1719462071891,233.25,25
1719462072303,233.55,75
1719462072904,232.85,25
1719462073083,233.25,25
1719462074042,233.4,25
1719462074907,233.25,25
1719462075692,232.85,25
1719462075692,232.85,25
1719462076477,233.55,25
1719462077440,233.15,25
1719462077829,233.1,25
1719462078371,233.55,125
1719462079094,233.15,25
1719462079606,232.85,25
1719462080451,233.35,125
1719462080949,233.55,50
1719462081286,232.95,25
1719462082591,232.4,50
1719462083087,231.0,25
1719462083908,231.5,250
1719462083908,231.5,250
1719462084483,231.35,25
1719462085696,230.7,25
1719462085848,230.7,25
1719462086947,231.2,25
1719462087143,231.2,100
1719462087143,231.2,100
1719462088782,231.7,25
1719462089066,231.35,50
1719462089517,231.0,25
1719462090503,231.85,75
1719462090776,231.7,25
1719462090807,231.1,25
1719462091508,231.25,25
1719462092539,231.2,25
1719462092832,231.65,25
1719462093920,230.6,25
1719462094888,229.65,75
1719462095799,230.65,25
1719462095799,230.65,25
1719462096422,230.0,25
1719462096422,230.0,25
1719462097894,230.2,200
1719462099196,229.55,100
1719462099613,229.95,75
1719462100655,230.4,25
1719462100655,230.4,25
1719462101955,229.7,50
1719462102341,230.2,250
1719462102341,230.2,250
1719462103149,229.6,100
1719462103149,229.6,100
1719462104594,229.65,175
1719462105758,229.35,25
1719462105758,229.35,25
1719462106342,229.3,25
1719462107509,229.3,25
1719462107509,229.3,25
1719462108899,231.05,25
1719462108899,231.05,25
1719462109909,230.95,25
1719462109909,230.95,25
1719462110877,231.4,150
1719462111845,230.7,25
1719462112610,231.25,100
1719462112842,231.55,75
1719462113872,231.4,25
1719462114097,231.15,25
1719462114097,231.15,25
1719462115029,231.05,25
1719462115029,231.05,25
1719462117172,230.15,25
1719462117228,230.1,125
1719462117812,230.45,25
1719462118973,229.5,50
1719462118973,229.5,50
1719462119596,229.0,25
1719462120014,229.75,25
1719462120014,229.75,25
1719462120861,229.9,125
1719462121856,228.85,25
1719462122480,228.4,25
1719462122713,229.05,225
1719462123633,229.15,50
1719462124770,227.8,100
1719462125743,228.8,25
1719462125743,228.8,25
1719462126297,228.4,25
1719462127550,228.75,50
1719462127807,228.45,25
1719462128572,228.45,75
1719462129682,228.45,350
1719462130998,228.0,100
1719462131835,227.8,50
1719462132626,227.7,25
1719462132626,227.7,25
1719462133770,228.35,25
1719462133770,228.35,25
1719462134583,228.9,50
1719462135891,228.6,25
1719462135891,228.6,25
1719462136761,228.95,50
1719462137602,228.6,75
1719462137682,229.05,25
1719462139118,227.45,50
1719462139429,228.05,25
1719462140977,227.05,150
1719462141838,227.2,25
1719462142620,227.15,25
1719462142620,227.15,25
1719462143450,227.0,25
1719462144141,227.0,300
1719462144987,227.0,25
1719462145467,226.75,25
1719462145467,226.75,25
1719462147085,228.15,50
1719462147628,228.7,75
1719462147800,228.05,50
1719462148365,229.0,50
1719462149218,228.0,25
1719462149218,228.0,25
1719462149218,228.0,25
1719462149218,228.0,25
1719462151543,228.25,25
1719462151923,227.9,50
1719462151923,227.9,50
1719462151923,227.9,50
1719462154327,228.0,25
1719462154327,228.0,25
1719462156385,228.7,25
1719462157693,228.25,25
1719462157693,228.25,25
1719462158205,228.0,25
1719462158205,228.0,25
1719462159907,228.0,200
1719462160367,227.9,25
1719462160367,227.9,25
1719462160367,227.9,25
1719462164147,227.5,25
1719462164147,227.5,25
1719462164806,226.75,25
1719462165792,226.65,50
1719462166601,227.25,50
1719462167553,226.15,75
1719462167553,226.15,75
1719462168181,227.3,75
1719462169044,226.25,25
1719462169765,224.6,50
1719462170976,226.45,300
1719462170976,226.45,300
1719462171710,226.3,50
1719462172579,226.75,25
1719462172843,226.55,100
1719462173281,226.5,50
1719462173281,226.5,50
1719462174816,227.9,25
1719462175956,228.4,175
1719462175956,228.4,175
1719462176256,227.85,25
1719462177337,227.25,100
1719462177753,226.5,200
1719462178993,225.45,25
1719462179237,225.4,25
1719462179636,225.9,25
1719462179636,225.9,25
1719462179636,225.9,25
1719462181399,225.2,50
1719462181925,225.0,200
1719462182738,225.65,25
1719462182878,225.55,25
1719462183782,225.75,50
1719462184172,225.2,100
1719462184944,225.45,25
1719462185943,225.05,25
1719462185943,225.05,25
1719462187014,224.7,50
1719462187716,225.2,200
1719462187861,225.05,25
1719462188737,224.85,50
1719462189272,224.55,50
1719462190007,225.55,25
1719462190669,224.35,50
1719462191948,225.75,25
1719462191948,225.75,25
1719462193032,224.9,25
1719462193922,225.4,25
1719462194190,225.6,25
1719462194803,225.0,100
1719462195841,225.55,25
1719462195841,225.55,25
1719462196468,225.05,25
1719462197489,224.9,25
1719462197489,224.9,25
1719462198905,225.0,75
1719462199324,225.25,75
1719462199775,224.85,25
1719462200348,225.2,150
1719462201799,225.85,100
1719462202566,226.2,75
1719462202566,226.2,75
1719462203873,227.1,250
1719462204352,228.05,25
1719462204352,228.05,25
1719462205823,227.1,25
1719462206923,227.75,50
1719462207492,227.3,25
1719462208023,226.95,25
1719462209208,226.2,450
1719462209208,226.2,450
1719462210597,226.05,25
1719462210963,226.1,25
1719462210963,226.1,25
1719462212064,225.55,25
1719462212266,225.5,25
1719462212985,225.65,50
1719462213385,226.65,25
1719462213385,226.65,25
1719462215619,226.0,50
1719462215619,226.0,50
1719462217109,225.75,25
1719462217683,225.95,200
1719462217941,225.95,50
1719462218587,226.05,25
1719462218587,226.05,25
1719462219991,226.5,25
1719462220860,227.1,25
1719462222006,226.0,25
1719462222006,226.0,25
1719462223443,226.3,125
1719462223790,226.2,125
1719462223790,226.2,125
1719462224669,226.25,100
1719462225966,226.3,50
1719462225966,226.3,50
1719462226970,226.45,50
1719462227439,226.05,50
1719462227925,226.15,50
1719462229012,226.05,25
1719462229299,226.4,50
1719462230053,226.1,25
1719462230222,225.95,25
1719462231824,225.45,25
1719462232505,225.05,50
1719462232505,225.05,50
1719462233857,225.5,250
1719462234184,225.2,50
1719462234662,225.55,75
1719462235971,225.35,25
1719462236740,225.4,25
1719462237800,224.9,25
1719462238230,224.55,50
1719462238769,225.0,25
1719462238769,225.0,25
1719462239848,225.7,50
1719462240460,225.4,25
1719462240979,225.5,25
1719462241652,226.15,50
1719462242331,226.1,50
1719462242331,226.1,50
1719462243607,226.65,125
1719462244376,226.9,275
1719462244665,227.0,25
1719462244665,227.0,25
1719462246407,227.0,25
1719462247232,226.9,25
1719462247767,226.9,75
1719462247767,226.9,75
1719462249033,227.2,200
1719462249033,227.2,200
1719462249655,226.65,25
1719462250891,226.55,25
1719462252028,227.1,275
1719462252812,227.0,25
1719462253098,226.8,50
1719462253332,226.95,25
1719462253332,226.95,25
1719462256015,227.5,25
1719462256015,227.5,25
1719462256976,226.9,25
1719462257273,227.5,25
1719462257921,227.25,75
1719462258297,227.15,25
1719462259163,227.05,25
1719462259163,227.05,25
1719462260769,227.15,25
1719462260769,227.15,25
1719462261609,227.45,275
1719462262351,227.05,50
1719462263051,226.95,75
1719462263533,227.55,50
1719462264427,228.1,75
1719462264427,228.1,75
1719462265544,227.3,75
1719462265544,227.3,75
1719462266530,227.8,25
1719462267652,228.45,125
1719462267652,228.45,125
1719462269221,228.2,250
1719462269221,228.2,250
1719462269954,228.2,25
1719462269954,228.2,25
1719462269954,228.2,25
1719462271862,228.0,75
1719462272586,228.5,175
1719462273037,228.1,50
1719462274060,228.45,50
1719462274060,228.45,50
1719462274869,227.95,25
1719462276027,228.65,25
1719462276027,228.65,25
1719462277479,229.45,25
1719462277479,229.45,25
1719462277940,229.35,25
1719462279268,229.1,225
1719462279341,229.0,75
1719462279918,229.1,75
1719462281067,230.3,225
1719462281067,230.3,225
1719462281508,230.5,25
1719462282375,230.0,25
1719462283063,229.65,25
1719462284063,229.55,75
1719462284362,229.6,250
1719462284999,228.65,25
1719462285679,229.05,50
1719462286185,229.5,25
1719462286185,229.5,25
1719462287808,229.45,125
1719462287808,229.45,125
1719462288542,229.35,25
1719462288542,229.35,25
1719462289859,230.5,25
1719462290971,231.0,25
1719462291679,231.7,25
1719462292824,231.8,25
1719462292824,231.8,25
1719462293906,230.9,25
1719462293906,230.9,25
1719462294696,230.2,300
1719462295817,230.75,25
1719462296426,230.25,25
1719462297703,230.3,50
1719462297703,230.3,50
1719462298824,231.3,75
1719462299446,231.3,125
1719462299981,231.7,275
1719462300450,231.6,25
1719462301026,231.2,25
1719462301026,231.2,25
1719462301968,231.65,25
1719462302617,231.15,25
1719462302985,231.65,25
1719462304030,231.55,50
1719462304030,231.55,50
1719462304812,231.6,25
1719462305752,231.95,25
1719462306101,231.9,50
1719462307004,231.9,25
1719462307879,232.1,50
1719462307992,232.05,25
1719462308748,231.65,25
1719462308748,231.65,25
1719462310430,231.1,25
1719462310853,231.35,25
1719462311213,230.55,25
1719462312067,232.65,300
1719462312684,232.9,75
1719462312684,232.9,75
1719462314039,233.05,25
1719462314224,232.7,25
1719462314224,232.7,25
1719462315872,233.0,25
1719462315872,233.0,25
1719462316843,233.0,25
1719462317496,232.8,50
1719462317496,232.8,50
1719462317496,232.8,50
1719462319811,233.0,25
1719462320453,232.75,25
1719462320453,232.75,25
1719462321665,232.95,25
1719462322281,232.5,150
1719462322858,232.35,25
1719462322858,232.35,25
1719462324126,232.6,50
1719462324126,232.6,50
1719462325219,233.0,1725
1719462325961,232.2,200
1719462326118,232.55,25
1719462327112,232.3,25
1719462327590,233.05,50
1719462327590,233.05,50
1719462328399,234.15,25
1719462328399,234.15,25
1719462329817,233.05,25
1719462329817,233.05,25
1719462330847,233.35,50
1719462331186,233.65,25
1719462331186,233.65,25
1719462332615,232.5,25
1719462333168,232.35,25
1719462334095,233.85,650
1719462334427,233.75,25
1719462334866,233.05,25
1719462335266,233.65,25
1719462335266,233.65,25
1719462336653,233.85,25
1719462337753,232.95,25
1719462338143,232.5,25
1719462338706,232.65,75
1719462338706,232.65,75
1719462339571,232.8,25
1719462340881,233.55,125
1719462340881,233.55,125
1719462341981,233.1,50
1719462341981,233.1,50
1719462343823,233.5,75
1719462344469,233.4,25
1719462345113,233.95,50
1719462345469,233.5,50
1719462346302,232.45,25
1719462346684,233.35,25
1719462346684,233.35,25
1719462348102,232.65,50
1719462348473,232.75,50
1719462349421,233.05,25
1719462350081,233.25,50
1719462351228,232.6,25
1719462352013,233.05,25
1719462352899,232.05,50
1719462352899,232.05,50
1719462354134,232.5,25
1719462354134,232.5,25
1719462355256,232.2,25
1719462355865,232.6,100
1719462356409,231.9,100
1719462356846,231.8,25
1719462357865,232.05,50
1719462358916,231.75,175
1719462358916,231.75,175
1719462359803,232.15,50
1719462360496,232.05,100
1719462361120,231.6,50
1719462361645,232.35,50
1719462362276,231.8,50
1719462363032,232.0,25
1719462363864,232.05,25
1719462364177,231.95,100
1719462364834,231.2,25
1719462365824,231.5,25
1719462366224,231.15,25
1719462367132,230.7,50
1719462367788,230.15,25
1719462367788,230.15,25
1719462369007,230.5,50
1719462369620,231.05,25
1719462369620,231.05,25
1719462370930,231.6,25
1719462370930,231.6,25
1719462371365,231.05,25
1719462372216,231.85,250
1719462373251,232.0,25
1719462374091,232.35,25
1719462374091,232.35,25
1719462375090,232.45,250
1719462375090,232.45,250
1719462376949,232.05,25
1719462377342,231.95,25
1719462378126,231.35,25
1719462378826,231.05,100
1719462379328,230.35,125
1719462379863,230.45,25
1719462381230,230.0,25
1719462381473,230.0,25
1719462382767,231.15,50
1719462383031,231.8,25
1719462384059,231.0,125
1719462384306,231.7,200
1719462384898,231.1,200
1719462385895,230.7,25
1719462385895,230.7,25
1719462386581,231.35,50
1719462387514,231.0,25
1719462387514,231.0,25
1719462388965,231.35,250
1719462389582,231.0,100
1719462389582,231.0,100
1719462389582,231.0,100
1719462389582,231.0,100
1719462391552,230.45,25
1719462391747,230.5,25
1719462392393,230.95,25
1719462392393,230.95,25
1719462393788,231.1,25
1719462394542,231.1,25
1719462394542,231.1,25
1719462396149,232.35,50
1719462396270,231.6,25
1719462397183,233.0,50
1719462397183,233.0,50
1719462398040,232.65,375
1719462398778,233.15,25
1719462399555,233.4,50
1719462400142,235.0,75
1719462400956,236.8,75
1719462401283,237.95,25
1719462401987,237.8,100
1719462402851,238.15,25
1719462402851,238.15,25
1719462404141,238.25,25
1719462404494,237.5,25
1719462405250,237.65,100
1719462406079,237.8,25
1719462406262,237.55,25
1719462407294,237.85,25
1719462407843,238.6,25
1719462408151,239.1,50
1719462409509,239.95,75
1719462409668,240.4,50
1719462410309,240.15,25
1719462410916,239.65,175
1719462411285,239.95,300
1719462412025,241.0,25
1719462412533,240.35,225
1719462412951,240.4,100
1719462414324,240.9,25
1719462414682,241.0,25
1719462415112,242.0,25
1719462416049,243.45,25
1719462416241,242.85,125
1719462417045,244.0,150
1719462417813,244.4,25
1719462418140,244.0,175
1719462419240,244.95,100
1719462419673,244.75,25
1719462420193,245.8,25
1719462420567,246.0,1500
1719462421286,246.9,25
1719462422127,249.0,250
1719462422880,249.5,25
1719462423307,249.35,25
1719462424328,248.55,25
1719462424707,247.8,25
1719462425307,248.2,200
1719462426277,247.55,25
1719462427110,247.55,125
1719462427907,246.35,25
1719462428353,245.8,175
1719462429299,248.05,50
1719462430348,246.15,125
1719462431327,247.4,125
1719462431382,247.0,50
1719462432010,248.4,350
1719462432894,247.4,25
1719462433198,247.5,25
1719462434021,247.05,25
1719462434587,248.1,250
1719462435315,248.85,25
1719462436179,248.35,75
1719462436960,247.8,50
1719462437911,247.9,100
1719462438095,249.0,25
1719462439339,248.4,175
1719462439650,247.05,200
1719462440169,247.45,25
1719462441138,246.5,25
1719462441299,246.85,50
1719462442129,247.4,175
1719462442805,247.45,25
1719462443077,247.15,175
1719462444235,247.25,50
1719462444750,247.6,250
1719462445105,248.15,50
1719462446061,248.75,25
1719462446261,248.8,25
1719462447144,248.1,25
1719462447959,248.0,25
1719462448076,248.2,25
1719462448815,247.2,75
1719462449667,247.1,150
1719462450236,247.7,150
1719462450567,247.7,25
1719462451153,247.15,25
1719462451357,247.75,50
1719462451784,247.1,150
1719462452911,245.5,225
1719462453255,245.95,25
1719462454062,246.65,25
1719462454736,246.2,25
1719462455149,246.8,25
1719462456054,246.9,25
1719462456326,247.45,25
1719462456939,246.85,25
1719462457812,247.45,25
1719462457994,246.85,150
1719462459354,247.15,25
1719462459765,247.1,25
1719462459974,246.45,150
1719462460656,247.1,75
1719462460656,247.1,75
1719462462322,247.9,25
1719462462910,248.9,25
1719462463015,248.85,25
1719462464190,249.9,50
1719462464663,248.85,100
1719462465574,248.7,25
1719462466128,249.45,25
1719462466366,250.0,25
1719462467073,250.7,125
1719462467963,252.0,25
1719462468160,251.85,25
1719462469544,252.0,25
1719462469747,252.15,25
1719462470097,252.8,100
1719462471190,253.35,25
1719462471350,252.45,200
1719462472172,254.65,25
1719462472970,254.75,25
1719462474102,254.35,50
1719462474779,253.8,75
1719462475134,253.9,25
1719462476103,254.2,25
1719462476394,255.4,50
1719462477127,257.0,100
1719462477949,255.45,50
1719462478134,255.0,250
1719462479064,254.25,25
1719462479684,254.2,50
1719462479954,254.15,25
1719462480525,256.1,25
1719462481358,257.45,50
1719462482370,257.9,250
1719462482999,259.85,150
1719462483191,259.35,25
1719462484124,258.4,25
1719462484726,257.8,25
1719462485082,259.6,125
1719462486180,258.35,25
1719462486180,258.35,25
1719462487138,259.45,25
1719462487960,258.4,175
1719462488401,257.9,25
1719462489334,257.2,25
1719462489820,257.35,25
1719462490359,257.55,250
1719462491346,258.2,400
1719462492288,258.7,25
1719462492946,258.15,200
1719462493543,257.8,75
1719462494139,257.3,100
1719462494816,257.4,75
1719462495188,257.8,25
1719462496365,257.1,50
1719462497353,257.35,50
1719462498014,256.1,100
1719462498169,256.9,25
1719462499407,255.0,75
1719462499741,254.1,175
1719462500554,255.65,25
1719462500963,256.1,25
1719462501316,254.75,50
1719462501774,255.55,25
1719462502973,256.6,25
1719462503191,256.4,250
1719462503922,255.95,25
1719462504806,256.6,125
1719462505388,256.9,25
1719462506445,258.15,25
1719462507160,258.15,25
1719462507952,258.35,25
1719462508071,258.2,25
1719462509318,257.85,25
1719462509675,258.1,25
1719462510112,257.45,200
1719462510494,257.3,25
1719462510993,258.1,25
1719462511301,257.8,25
1719462511777,258.2,50
1719462512714,258.75,50
1719462513155,259.45,25
1719462514147,259.6,50
1719462514631,259.75,175
1719462515057,258.3,150
1719462516056,259.0,50
1719462516252,259.45,125
1719462517296,259.1,25
1719462518038,258.75,25
1719462518083,258.0,50
1719462518826,257.75,25
1719462519782,258.05,25
1719462520342,257.95,25
1719462521105,257.45,50
1719462521365,257.6,50
1719462522388,256.0,300
1719462522761,256.2,50
1719462522761,256.2,50
1719462524001,256.05,25
1719462524641,256.05,25
1719462525105,255.85,25
1719462526175,255.25,50
1719462526435,255.85,25
1719462527163,255.9,50
1719462527766,255.7,100
1719462527766,255.7,100
1719462529184,255.0,50
1719462529744,254.8,25
1719462530125,254.3,25
1719462531221,254.85,50
1719462532131,255.7,25
1719462532758,254.65,50
1719462532758,254.65,50
1719462534197,255.25,250
1719462534798,254.95,25
1719462535224,255.55,25
1719462536238,255.85,25
1719462536911,255.45,75
1719462537853,256.3,25
1719462538221,256.2,25
1719462539170,256.55,25
1719462539782,256.6,25
1719462540126,257.3,50
1719462540332,257.6,25
1719462540332,257.6,25
1719462540332,257.6,25
1719462542153,258.0,25
1719462543100,257.85,200
1719462543100,257.85,200
1719462544105,256.35,150
1719462544829,257.65,25
1719462545198,256.95,50
1719462546153,257.05,25
1719462546153,257.05,25
1719462547178,256.45,225
1719462547802,255.5,100
1719462547802,255.5,100
1719462549385,256.7,25
1719462549541,256.95,75
1719462550006,256.3,300
1719462551106,256.8,50
1719462551307,257.0,225
1719462552173,257.0,50
1719462553077,257.35,50
1719462553203,257.5,50
1719462553819,257.45,25
1719462554692,257.55,25
1719462555123,259.0,125
1719462556414,259.2,50
1719462556414,259.2,50
1719462557207,258.85,25
1719462558011,258.95,25
1719462558011,258.95,25
1719462559234,258.45,50
1719462559710,258.65,25
1719462560134,258.35,25
1719462561215,259.0,50
1719462561513,258.85,50
1719462561968,258.85,25
1719462563103,258.5,25
1719462563407,257.25,25
1719462563851,258.0,75
1719462564326,258.95,25
1719462565361,258.8,25
1719462565771,258.8,25
1719462566279,257.9,25
1719462567223,258.2,25
1719462567935,259.0,75
1719462567935,259.0,75
1719462568918,259.25,75
1719462569736,258.55,25
1719462570408,259.2,25
1719462570408,259.2,25
1719462571101,259.05,50
1719462571493,259.9,50
1719462572024,259.6,50
1719462573105,259.1,25
1719462574449,259.15,200
1719462574597,259.0,100
1719462575434,258.4,75
1719462576333,258.05,125
1719462576548,258.5,25
1719462576856,257.7,25
1719462578141,256.95,50
1719462578141,256.95,50
1719462579011,256.2,25
1719462579751,256.0,300
1719462580177,256.0,25
1719462581085,256.95,25
1719462581409,256.85,25
1719462581955,256.3,25
1719462583087,256.35,350
1719462583354,256.3,25
1719462584175,256.8,25
1719462584757,258.4,50
1719462585249,257.95,50
1719462586431,258.25,100
1719462586508,258.25,25
1719462587179,259.1,50
1719462587887,258.35,50
1719462589105,258.05,25
1719462589521,259.15,25
1719462590153,258.0,100
1719462591219,258.55,150
1719462591219,258.55,150
1719462591843,258.25,25
1719462592752,257.9,25
1719462592752,257.9,25
1719462594425,258.7,125
1719462594756,258.4,25
1719462594983,258.75,25
1719462595988,258.0,25
1719462595988,258.0,25
1719462597154,258.15,50
1719462597986,257.9,25
1719462597986,257.9,25
1719462598806,259.0,25
1719462599569,258.6,25
1719462600386,260.25,200
1719462600386,260.25,200
1719462601226,261.25,25
1719462601551,261.85,250
1719462602218,261.1,50
1719462603153,261.0,25
1719462603266,260.0,25
1719462604197,260.2,25
1719462604759,259.6,25
1719462605218,260.0,25
1719462606219,258.75,25
1719462606426,259.5,125
1719462606955,258.75,50
1719462608268,259.2,175
1719462609160,259.75,25
1719462609678,259.4,125
1719462610256,259.25,100
1719462611435,258.65,25
1719462611435,258.65,25
1719462612175,258.5,25
1719462613188,259.75,50
1719462614243,259.45,25
1719462614760,259.7,25
1719462615274,259.65,25
1719462616104,258.9,50
1719462616104,258.9,50
1719462617566,258.85,25
1719462618113,259.25,50
1719462618113,259.25,50
1719462618915,259.0,25
1719462619761,258.4,250
1719462620168,257.85,25
1719462621189,257.9,175
1719462621298,257.8,25
1719462621694,257.65,25
1719462622705,256.35,25
1719462623229,256.45,50
1719462624068,256.35,25
1719462624747,256.3,25
1719462625194,255.55,25
1719462626588,255.8,25
1719462626588,255.8,25
1719462627089,256.05,100
1719462628268,258.15,100
1719462629023,257.45,25
1719462629741,257.65,25
1719462629741,257.65,25
1719462629741,257.65,25
1719462631377,258.75,50
1719462631377,258.75,50
1719462632583,259.25,100
1719462633206,259.9,50
1719462633284,260.05,25
1719462634183,260.55,25
1719462634736,259.85,75
1719462634989,260.8,75
1719462636140,261.5,50
1719462636140,261.5,50
1719462637342,261.05,75
1719462638214,261.5,25
1719462638449,261.7,75
1719462638929,260.7,25
1719462639723,259.55,525
1719462640265,260.7,200
1719462641443,260.6,50
1719462641443,260.6,50
1719462642279,260.2,25
1719462643151,260.15,25
1719462644293,259.5,225
1719462644572,259.9,225
1719462645396,259.8,25
1719462645726,260.75,25
1719462645726,260.75,25
1719462647453,261.15,25
1719462648263,261.4,25
1719462648356,261.55,25
1719462649356,261.1,100
1719462649712,261.2,25
1719462650160,260.15,125
1719462651259,260.9,25
1719462651259,260.9,25
1719462652129,261.15,75
1719462653130,261.05,75
1719462654100,260.75,50
1719462654100,260.75,50
1719462654919,261.2,25
1719462656239,261.0,50
1719462656627,261.2,25
1719462657180,260.85,50
1719462658286,263.3,25
1719462658966,262.5,25
1719462659719,263.45,100
1719462660227,264.4,50
1719462660444,264.6,25
1719462661258,265.35,50
1719462661604,265.95,25
1719462662006,265.45,25
1719462663214,265.3,50
1719462663459,265.95,25
1719462704277,269.45,25
1719462704930,270.45,25
1719462705274,270.95,25
1719462706290,270.3,50
1719462706691,270.0,50
1719462707596,270.2,125
1719462708337,270.45,25
1719462709061,271.45,50
1719462709537,270.7,50
1719462710254,269.85,25
1719462711174,270.0,25
1719462711609,271.0,225
1719462712518,271.05,175
1719462713308,272.0,25
1719462713703,271.2,50
1719462714309,272.45,25
1719462714871,272.6,25
1719462715071,273.0,25
1719462716084,272.05,25
1719462716356,272.4,25
1719462717201,272.65,25
1719462717839,272.5,25
1719462719148,274.0,25
1719462719926,272.6,25
1719462720394,274.0,25
1719462720394,274.0,25
1719462721337,275.4,25
1719462721709,275.5,50
1719462722136,277.6,50
1719462723262,278.1,25
1719462723403,277.35,275
1719462724152,278.25,50
1719462724920,277.4,25
1719462725446,276.75,25
1719462726793,277.1,50
1719462727515,276.5,25
1719462728016,277.25,25
1719462728346,278.45,25
1719462729316,277.25,75
1719462730118,276.3,25
1719462731523,278.45,25
1719462731580,277.95,75
1719462732537,277.7,50
1719462733394,277.15,50
1719462733528,277.6,25
1719462734271,279.0,75
1719462734958,277.8,25
1719462735703,278.1,25
1719462736340,277.2,100
1719462736645,276.95,625
1719462737301,276.75,25
1719462738117,276.8,25
1719462739286,276.9,125
1719462739979,276.9,25
1719462740284,277.2,100
1719462741260,276.45,25
1719462741742,275.4,50
1719462742049,275.55,50
1719462743192,277.2,150
1719462743192,277.2,150
1719462744753,276.55,25
1719462744805,276.05,25
1719462745335,276.8,50
1719462746214,276.25,25
1719462746844,276.15,50
1719462747075,275.65,25
1719462748423,276.9,75
1719462749096,276.35,25
1719462749755,275.4,50
1719462749755,275.4,50
1719462750441,275.3,25
1719462750931,275.95,25
1719462751636,275.1,100
1719462752313,275.6,350
1719462753449,277.0,175
1719462753690,277.35,25
1719462754332,275.85,50
1719462754855,275.95,25
1719462755233,276.25,25
1719462756135,276.25,25
1719462756620,275.75,25
1719462757221,276.35,25
1719462758268,276.0,50
1719462758268,276.0,50
1719462759242,276.25,150
1719462759660,275.5,50
1719462760542,275.45,25
1719462761286,275.65,75
1719462761655,275.2,25
1719462762348,275.0,25
1719462763214,275.75,75
1719462764269,274.1,50
1719462764845,274.8,25
1719462765214,274.05,25
1719462766177,275.15,25
1719462766572,274.55,125
1719462767296,274.3,25
1719462768533,273.1,25
1719462769244,274.55,25
1719462769970,274.85,25
1719462770419,275.15,25
1719462771315,275.5,25
1719462771784,277.7,25
1719462772300,278.0,25
1719462773339,279.2,50
1719462773339,279.2,50
1719462774230,277.65,100
1719462774999,278.4,25
1719462775517,277.8,25
1719462776570,278.5,50
1719462776762,277.9,275
1719462777107,277.05,25
1719462778300,277.4,75
1719462778423,276.45,25
1719462779263,276.7,25
1719462780084,277.95,25
1719462780499,278.0,350
1719462781851,279.3,25
1719462782504,279.95,25
1719462783331,280.8,25
1719462783759,279.1,250
1719462784299,280.35,25
1719462784932,280.75,25
1719462785218,280.8,50
1719462786351,280.45,25
1719462786889,281.45,75
1719462787354,281.5,100
1719462788465,280.35,50
1719462789320,281.25,25
1719462790057,282.0,25
1719462790430,281.8,25
1719462791270,282.4,25
1719462791516,281.95,50
1719462792517,281.7,50
1719462793509,280.35,100
1719462794342,281.1,25
1719462794870,280.05,100
1719462795336,280.8,25
1719462796502,281.3,25
1719462796502,281.3,25
1719462797313,280.3,25
1719462798103,279.7,25
1719462798479,280.1,50
1719462799042,279.45,250
1719462800062,280.55,25
1719462800173,280.85,100
1719462801550,281.6,50
1719462801550,281.6,50
1719462802771,280.65,25
1719462803097,281.3,25
1719462803494,281.55,50
1719462804398,280.9,50
1719462805068,280.55,250
1719462805338,281.0,25
1719462806092,281.15,75
1719462806768,279.45,50
1719462807252,279.25,25
1719462808354,278.55,25
1719462808520,278.35,50
1719462809137,279.3,100
1719462809975,277.1,25
1719462810229,277.05,25
1719462810554,277.9,50
1719462811414,276.9,25
1719462811876,277.05,25
1719462812657,275.05,50
1719462813447,276.55,50
1719462813971,277.65,25
1719462814369,275.8,225
1719462815074,275.0,25
1719462815275,275.3,100
1719462816012,275.15,25
1719462816707,276.5,25
1719462817342,275.6,25
1719462818436,274.75,200
1719462819482,274.55,25
1719462820156,273.75,250
1719462820325,273.65,50
1719462821200,273.0,25
1719462821853,273.0,25
1719462822254,272.7,25
1719462823397,273.5,25
1719462824490,273.55,25
1719462825147,273.1,25
1719462825566,274.25,75
1719462826305,274.0,100
1719462826305,274.0,100
1719462827380,274.25,50
1719462828278,274.0,250
1719462828550,273.05,25
1719462829582,273.15,25
1719462829755,273.25,25
1719462829755,273.25,25
1719462830974,273.2,25
1719462831845,273.45,25
1719462832158,274.5,50
1719462833218,274.6,25
1719462833218,274.6,25
1719462833599,274.6,50
1719462834866,274.75,50
1719462835515,274.65,50
1719462836186,274.0,25
1719462836186,274.0,25
1719462837801,275.0,50
1719462838277,274.55,75
1719462838277,274.55,75
1719462839262,274.7,75
1719462839685,276.35,50
1719462840250,276.5,25
1719462840520,276.25,25
1719462841223,276.8,150
1719462841914,276.65,50
1719462842554,276.1,50
1719462843173,276.65,50
1719462843583,276.6,50
1719462844132,277.05,25
1719462844645,276.85,25
1719462845392,277.1,25
1719462846303,277.2,75
1719462846303,277.2,75
1719462847358,276.5,25
1719462848349,275.0,25
1719462848520,275.05,125
1719462849390,275.6,125
1719462850198,274.6,150
1719462850198,274.6,150
1719462851573,276.65,25
1719462851662,276.35,25
1719462852473,276.5,50
1719462853025,275.85,25
1719462853025,275.85,25
1719462854255,275.95,50
1719462855232,276.5,50
1719462856549,276.6,25
1719462856859,275.9,25
1719462857560,275.6,25
1719462858217,276.2,25
1719462858217,276.2,25
1719462859343,276.2,50
1719462860297,275.2,25
1719462860297,275.2,25
1719462860968,275.8,25
1719462861937,276.35,25
1719462861937,276.35,25
1719462863684,276.85,25
1719462864343,277.65,50
1719462865101,276.6,50
1719462865527,278.2,25
1719462866888,277.55,50
1719462867316,277.15,25
1719462867941,276.9,50
1719462867941,276.9,50
1719462869602,276.3,25
1719462870372,275.05,25
1719462870524,276.15,25
1719462871015,276.9,50
1719462871774,277.0,150
1719462872310,276.7,25
1719462873400,277.15,75
1719462873400,277.15,75
1719462874307,276.0,25
1719462875433,276.85,250
1719462875973,276.45,25
1719462875973,276.45,25
1719462877058,276.2,75
1719462878173,277.0,25
1719462878542,277.55,25
1719462878911,277.25,25
1719462880201,276.95,25
1719462881200,278.55,25
1719462881200,278.55,25
1719462882558,277.85,25
1719462883368,277.9,150
1719462883769,277.9,25
1719462884036,277.75,50
1719462885387,277.55,125
1719462886350,276.95,25
1719462886350,276.95,25
1719462887195,277.4,50
1719462887987,277.15,25
1719462887987,277.15,25
1719462889435,277.3,150
1719462889802,277.5,50
1719462891389,277.25,25
1719462892012,278.15,50
1719462892588,278.25,25
1719462892845,278.6,25
1719462893781,278.1,25
1719462894592,278.55,50
1719462895328,278.25,25
1719462895953,278.65,125
1719462895953,278.65,125
1719462897501,278.8,25
1719462898128,279.15,25
1719462898840,281.6,25
1719462899247,281.35,50
1719462900023,281.9,25
1719462900558,282.15,50
1719462901426,280.2,25
1719462901993,280.45,250
1719462902620,279.1,50
1719462903645,279.65,150
1719462903683,279.9,25
1719462904589,278.1,50
1719462905403,278.5,25
1719462905768,277.3,50
1719462906296,277.75,25
1719462906861,278.4,50
1719462907351,278.6,125
1719462908114,278.6,50
1719462908627,278.2,25
1719462908627,278.2,25
1719462909817,277.25,25
1719462909817,277.25,25
1719462910795,277.9,25
1719462911755,276.15,50
1719462911755,276.15,50
1719462913363,277.2,25
1719462913602,276.6,75
1719462914371,276.4,25
1719462915127,277.35,25
1719462915349,276.65,25
1719462916429,277.2,25
1719462916722,276.9,25
1719462917414,276.1,25
1719462918109,276.95,25
1719462918109,276.95,25
1719462919500,277.1,25
1719462920225,277.5,25
1719462920225,277.5,25
1719462921526,278.0,25
1719462922074,279.35,25
1719462922282,280.6,50
1719462923454,278.45,50
1719462923533,278.7,50
1719462923533,278.7,50
1719462925129,278.65,25
1719462925129,278.65,25
1719462926593,277.75,25
1719462926985,277.75,100
1719462927412,277.95,125
1719462928383,277.9,25
1719462928648,277.3,100
1719462929012,277.5,50
1719462930207,277.5,50
1719462930207,277.5,50
1719462930582,277.25,25
1719462931636,277.4,50
1719462931636,277.4,50
1719462932234,277.4,25
1719462933390,277.6,125
1719462933390,277.6,125
1719462934605,278.0,25
1719462935024,277.3,100
1719462935364,278.25,25
1719462936012,278.1,300
1719462936951,279.55,50
1719462937345,280.0,25
1719462938448,281.75,25
1719462938683,282.0,250
1719462939431,282.0,200
1719462940190,281.3,25
1719462940591,281.7,50
1719462941444,282.0,575
1719462942097,281.95,50
1719462942223,281.55,25
1719462943364,283.15,100
1719462943711,283.3,50
1719462944453,282.75,25
1719462945244,283.0,50
1719462945426,282.95,25
1719462946432,283.55,50
1719462947071,282.3,50
1719462947582,281.3,25
1719462948590,282.9,100
1719462948590,282.9,100
1719462949361,281.45,25
1719462949361,281.45,25
1719462950539,281.05,25
1719462951564,281.3,25
1719462952115,280.7,25
1719462952473,280.0,25
1719462953366,281.0,50
1719462953366,281.0,50
1719462954592,280.45,225
1719462955059,281.15,175
1719462955059,281.15,175
1719462956292,281.2,25
1719462956870,280.75,25
1719462957457,280.1,25
1719462958308,280.1,25
1719462958308,280.1,25
1719462959348,278.7,25
1719462960270,279.85,25
1719462960270,279.85,25
1719462961369,282.0,25
1719462962139,282.0,100
1719462962258,282.45,100
1719462963313,281.45,50
1719462963542,280.7,25
1719462964480,279.65,50
1719462965331,279.25,25
1719462965368,279.1,200
1719462965589,279.75,50
1719462967094,278.7,25
1719462967094,278.7,25
1719462968313,279.0,50
1719462968313,279.0,50
1719462969350,278.5,100
1719462970227,279.95,25
1719462970870,279.9,25
1719462971432,280.05,50
1719463136349,280.5,25
1719463137313,281.05,100
1719463137761,280.8,25
1719463138028,281.35,25
1719463138028,281.35,25
1719463139532,282.6,25
1719463209496,280.9,25
1719463210318,281.9,25
1719463210750,282.15,50
1719463212008,283.55,25
1719463212216,283.95,25
1719463212439,283.45,75
1719463213330,282.85,500
1719463214031,282.7,25
1719463214666,283.3,100
1719463215505,281.6,25
1719463215505,281.6,25
1719463216249,282.0,25
1719463217038,283.1,25
1719463217038,283.1,25
1719463218803,282.05,25
1719463219000,282.2,50
1719463219000,282.2,50
1719463220621,282.3,50
1719463220621,282.3,50
1719463221592,282.0,150
1719463222270,283.35,50
1719463222270,283.35,50
1719463223596,282.95,50
1719463223669,283.55,25
1719463224503,283.7,25
1719463224503,283.7,25
1719463226057,284.15,75
1719463226647,284.05,50
1719463227325,285.0,25
1719463227807,285.55,50
1719463228809,285.1,50
1719463228943,284.4,125
1719463229692,283.4,225
1719463230466,283.35,25
1719463230466,283.35,25
1719463231599,282.1,25
1719463232335,283.65,25
1719463232546,284.0,25
1719463233782,282.75,25
1719463233782,282.75,25
1719463234511,283.0,25
1719463235397,282.0,50
1719463235674,281.65,200
1719463236252,281.75,200
1719463236252,281.75,200
1719463237917,282.7,25
1719463237917,282.7,25
1719463239227,281.65,25
1719463239504,281.2,25
1719463240408,281.6,25
1719463240408,281.6,25
1719463240943,281.75,50
1719463242008,281.5,250
1719463242008,281.5,250
1719463242008,281.5,250
1719463244343,281.05,25
1719463245695,281.8,175
1719463246238,281.25,300
1719463247253,281.9,50
1719463247253,281.9,50
1719463248402,281.4,25
1719463248402,281.4,25
1719463249521,281.0,25
1719463250420,281.0,175
1719463250420,281.0,175
1719463251514,280.75,50
1719463251763,281.15,25
1719463251763,281.15,25
1719463252932,281.6,25
1719463254118,281.65,125
1719463254118,281.65,125
1719463255494,281.6,50
1719463256602,282.0,100
1719463257363,281.0,25
1719463257363,281.0,25
1719463258205,281.05,25
1719463258205,281.05,25
1719463259787,280.1,75
1719463260504,280.45,200
1719463260504,280.45,200
1719463261421,280.65,125
1719463261421,280.65,125
1719463262410,283.0,25
1719463263646,281.35,25
1719463264067,280.45,25
1719463264639,281.15,250
1719463265159,280.95,75
1719463265159,280.95,75
1719463266219,282.05,25
1719463266219,282.05,25
1719463268368,281.3,25
1719463268616,282.8,25
1719463268616,282.8,25
1719463269633,281.75,400
1719463269907,281.8,25
1719463270743,281.1,25
1719463271593,282.0,25
1719463272336,281.75,150
1719463272426,281.95,25
1719463272965,282.1,25
1719463273917,281.5,25
1719463273917,281.5,25
1719463275624,283.5,50
1719463276806,287.2,50
1719463277211,286.95,25
1719463277712,285.95,100
1719463278760,286.8,25
1719463278760,286.8,25
1719463279999,287.2,25
1719463280547,287.0,50
1719463280815,286.0,25
1719463281115,285.35,25
1719463282327,286.55,25
1719463282327,286.55,25
1719463283586,285.3,25
1719463283586,285.3,25
1719463284644,285.15,50
1719463285455,285.8,25
1719463285764,285.35,25
1719463286086,285.35,25
1719463287342,285.4,50
1719463287578,285.2,50
1719463288570,285.25,25
1719463288570,285.25,25
1719463289283,285.5,25
1719463290533,285.35,75
1719463290663,286.55,75
1719463290663,286.55,75
1719463292384,286.5,375
1719463292384,286.5,375
1719463293193,285.85,25
1719463293193,285.85,25
1719463294386,285.3,50
1719463295689,286.85,25
1719463296474,285.6,25
1719463297216,285.35,100
1719463297216,285.35,100
1719463298618,287.1,25
1719463298952,286.8,25
1719463299137,287.1,25
1719463300654,286.85,25
1719463301647,287.1,25
1719463302222,286.45,75
1719463302222,286.45,75
1719463303760,286.25,50
1719463303760,286.25,50
1719463304731,286.1,25
1719463305394,285.45,25
1719463305394,285.45,25
1719463306626,285.75,25
1719463307135,286.1,50
1719463307135,286.1,50
1719463308807,286.0,25
1719463308807,286.0,25
1719463309447,285.45,75
1719463310162,285.25,50
1719463310162,285.25,50
1719463311395,286.1,75
1719463312294,286.4,25
1719463312720,287.0,175
1719463313413,287.0,50
1719463313849,286.55,25
1719463314622,286.7,50
1719463315604,286.35,25
1719463316331,286.5,25
1719463316793,286.15,25
1719463317665,285.85,25
1719463317665,285.85,25
1719463319059,285.5,50
1719463319773,285.8,50
1719463320646,286.0,25
1719463320646,286.0,25
1719463321126,286.95,75
1719463322472,287.0,25
1719463322607,287.0,500
1719463323187,287.25,25
1719463323734,286.85,850
1719463324335,286.85,150
1719463324335,286.85,150
1719463325996,287.3,25
1719463326333,288.05,25
1719463327424,286.65,25
1719463327794,286.55,25
1719463328555,286.9,50
1719463328973,286.65,25
1719463329340,287.0,50
1719463330762,286.4,50
1719463331225,286.85,25
1719463332481,287.7,100
1719463332481,287.7,100
1719463333957,287.05,25
1719463334662,286.55,25
1719463335666,286.3,125
1719463336522,286.3,25
1719463337438,286.85,25
1719463337438,286.85,25
1719463338339,286.95,25
1719463338820,286.2,175
1719463339863,286.1,25
1719463340301,286.0,450
1719463340743,286.55,50
1719463340743,286.55,50
1719463342375,286.15,25
1719463342375,286.15,25
1719463343133,286.7,25
1719463343133,286.7,25
1719463344398,286.85,325
1719463345807,286.15,75
1719463346498,287.0,25
1719463346746,286.2,25
1719463346746,286.2,25
1719463348533,285.45,25
1719463349006,286.2,50
1719463349520,286.95,25
1719463350574,287.0,50
1719463350606,287.5,25
1719463350606,287.5,25
1719463353317,286.95,25
1719463353317,286.95,25
1719463354978,287.35,25
1719463355410,288.0,550
1719463355410,288.0,550
1719463356592,288.1,50
1719463357482,289.05,25
1719463357482,289.05,25
1719463358674,290.0,25
1719463359014,289.2,25
1719463359014,289.2,25
1719463360664,289.25,50
1719463360664,289.25,50
1719463361592,289.55,75
1719463362501,289.0,75
1719463362646,289.05,50
1719463363213,289.3,100
1719463364118,289.25,50
1719463364665,289.9,50
1719463365793,290.0,25
1719463366096,289.15,25
1719463366096,289.15,25
1719463368206,289.4,25
1719463369133,290.0,75
1719463369546,290.0,25
1719463370397,290.0,25
1719463371590,290.0,50
1719463372435,291.0,25
1719463372686,290.25,25
1719463373593,290.25,25
1719463374124,291.0,25
1719463374565,291.0,25
1719463375157,291.0,100
1719463375157,291.0,100
1719463376563,289.95,75
1719463377520,290.6,250
1719463377520,290.6,250
1719463378672,290.3,25
1719463378906,290.25,50
1719463379778,288.45,25
1719463380282,288.5,25
1719463380904,289.15,25
1719463381471,287.1,50
1719463381471,287.1,50
1719463382896,287.75,25
1719463383813,286.4,50
1719463384027,286.3,25
1719463384741,287.2,50
1719463385728,286.15,25
1719463385728,286.15,25
1719463386851,287.5,25
1719463386990,288.3,25
1719463386990,288.3,25
1719463388707,286.6,25
1719463388707,286.6,25
1719463389296,287.2,175
1719463390619,287.7,25
1719463390619,287.7,25
1719463391375,286.25,75
1719463392497,286.75,25
1719463393454,286.95,50
1719463394048,285.75,25
1719463394379,286.7,50
1719463395073,286.1,25
1719463395073,286.1,25
1719463397234,285.35,50
1719463397234,285.35,50
1719463397234,285.35,50
1719463399261,285.75,25
1719463399657,286.2,50
1719463399657,286.2,50
1719463400997,285.85,25
1719463401374,285.25,50
1719463401374,285.25,50
1719463403638,285.45,25
1719463403638,285.45,25
1719463404832,285.0,250
1719463405488,285.25,100
1719463405488,285.25,100
1719463406737,284.45,25
1719463407321,282.4,150
1719463407759,282.15,25
1719463408657,281.85,25
1719463409129,281.5,25
1719463409637,281.5,75
1719463410500,280.5,25
1719463410500,280.5,25
1719463411593,281.95,25
1719463412533,281.3,50
1719463412533,281.3,50
1719463413486,281.75,25
1719463413486,281.75,25
1719463414983,281.85,25
1719463415637,281.55,300
1719463416310,281.6,50
1719463417484,280.6,25
1719463417710,280.35,75
1719463418718,280.65,75
1719463419167,280.6,25
1719463419167,280.6,25
1719463420540,280.0,125
1719463420540,280.0,125
1719463421155,280.1,25
1719463422273,280.0,25
1719463422710,280.7,25
1719463423902,279.85,25
1719463424071,279.25,25
1719463424397,279.7,50
1719463425566,279.3,25
1719463425853,278.8,25
1719463426726,278.7,50
1719463427429,279.2,25
1719463427908,278.85,25
1719463428586,273.25,25
1719463429156,274.05,25
1719463429724,273.2,50
1719463430692,274.8,25
1719463430760,274.4,25
1719463431604,274.9,25
1719463432581,272.75,100
1719463432843,270.65,25
1719463433779,273.4,25
1719463434054,272.45,25
1719463434772,272.3,25
1719463435830,271.65,25
1719463435944,271.95,50
1719463436662,272.2,25
1719463437621,272.6,50
1719463437923,271.85,150
1719463438779,273.05,75
1719463439179,273.05,50
1719463439605,272.9,25
1719463440325,274.05,25
1719463440734,274.05,950
1719463441250,273.7,50
1719463442511,274.8,50
1719463442511,274.8,50
1719463443586,275.7,25
1719463444153,276.0,25
1719463444686,275.15,25
1719463445674,276.2,25
1719463445674,276.2,25
1719463446930,276.45,25
1719463447337,276.45,50
1719463448545,277.0,50
1719463449228,276.05,25
1719463449777,276.2,25
1719463450742,275.0,25
1719463450812,274.65,25
1719463451752,275.6,375
1719463451987,275.85,50
1719463451987,275.85,50
1719463453064,276.35,25
1719463454051,276.25,25
1719463454051,276.25,25
1719463455634,277.55,25
1719463455634,277.55,25
1719463456423,277.5,25
1719463457310,277.1,25
1719463458578,277.05,25
1719463458578,277.05,25
1719463460108,276.0,150
1719463460609,276.15,100
1719463460862,275.0,100
1719463461476,274.9,50
1719463461476,274.9,50
1719463463726,276.0,25
1719463464223,276.35,25
1719463464223,276.35,25
1719463465579,275.85,25
1719463466163,274.8,25
1719463467585,275.75,50
1719463467585,275.75,50
1719463468680,276.25,25
1719463468860,276.45,75
1719463468860,276.45,75
1719463470389,278.4,50
1719463470389,278.4,50
1719463470806,278.1,25
1719463471214,279.6,25
1719463471909,279.05,50
1719463473708,279.7,25
1719463473708,279.7,25
1719463474374,279.95,25
1719463475508,279.4,50
1719463475508,279.4,50
1719463476585,279.15,25
1719463477129,279.45,25
1719463477129,279.45,25
1719463478639,278.4,25
1719463478639,278.4,25
1719463480739,276.3,25
1719463481802,276.65,25
1719463482540,276.05,25
1719463482700,275.95,25
1719463483485,275.45,50
1719463483485,275.45,50
1719463484975,275.1,50
1719463485616,275.35,75
1719463485854,275.8,25
1719463486134,276.35,25
1719463487130,275.45,25
1719463488070,275.85,25
1719463489035,275.0,25
1719463489965,275.45,50
1719463490058,276.1,75
1719463490905,275.0,100
1719463491740,274.55,50
1719463492007,275.0,25
1719463492007,275.0,25
1719463493508,275.6,25
1719463493893,274.85,25
1719463494798,274.65,50
1719463495323,275.0,25
1719463495323,275.0,25
1719463495323,275.0,25
1719463497855,276.0,25
1719463498929,275.0,25
1719463499154,274.8,25
1719463499154,274.8,25
1719463500341,275.4,25
1719463500341,275.4,25
1719463500341,275.4,25
1719463501059,276.0,25
1719463501799,275.2,50
1719463503668,275.15,25
1719463503668,275.15,25
1719463504779,275.5,50
1719463505819,274.35,25
1719463505819,274.35,25
1719463506481,273.5,50
1719463507554,273.9,25
1719463507554,273.9,25
1719463508529,274.7,25
1719463508819,275.45,50
1719463509779,275.2,25
1719463510379,275.05,75
1719463510884,274.5,25
1719463511731,273.35,100
1719463512691,272.95,25
1719463513910,273.65,25
1719463513910,273.65,25
1719463515170,273.9,25
1719463515600,273.1,50
1719463517366,273.25,25
1719463517657,273.75,25
1719463518971,273.15,25
1719463519297,273.35,75
1719463519654,274.45,25
1719463520698,274.15,25
1719463520698,274.15,25
1719463521864,275.2,25
1719463522673,275.2,650
1719463522673,275.2,650
1719463523804,275.85,100
1719463524212,275.95,25
1719463524775,277.0,25
1719463525485,276.9,25
1719463525485,276.9,25
1719463526656,277.1,100
1719463527469,277.05,25
1719463529145,277.85,100
1719463529230,277.25,25
1719463529515,277.35,25
1719463530361,278.25,50
1719463530361,278.25,50
1719463531079,278.8,25
1719463531718,279.25,50
1719463532351,279.95,25
1719463532849,279.65,125
1719463533464,279.1,25
1719463533464,279.1,25
1719463534519,279.05,50
1719463535106,279.35,100
1719463536454,280.0,25
1719463537117,281.0,125
1719463537988,280.5,25
1719463538590,281.9,25
1719463539095,281.15,25
1719463539768,280.3,50
1719463540790,280.9,25
1719463540790,280.9,25
1719463541764,279.8,25
1719463541764,279.8,25
1719463543581,281.4,25
1719463543939,280.75,25
1719463544366,281.05,25
1719463544703,281.25,25
1719463545507,281.15,25
1719463545507,281.15,25
1719463546771,281.35,25
1719463547519,281.8,25
1719463548769,282.6,325
1719463549225,282.5,50
1719463549706,283.0,400
1719463550722,283.8,25
1719463550853,283.45,25
1719463551422,283.05,25
1719463552060,283.2,25
1719463553762,282.5,50
1719463554411,281.15,25
1719463554757,281.45,25
1719463555684,281.2,50
1719463555684,281.2,50
1719463555684,281.2,50
1719463557862,280.9,25
1719463558425,281.0,25
1719463558425,281.0,25
1719463559667,281.45,100
1719463560064,280.9,25
1719463560064,280.9,25
1719463560919,280.95,50
1719463561814,280.6,100
1719463562636,280.5,125
1719463562636,280.5,125
1719463563780,280.6,25
1719463564105,279.85,25
1719463564105,279.85,25
1719463565318,279.65,50
1719463565318,279.65,50
1719463567371,279.1,25
1719463567430,279.1,50
1719463568117,279.1,50
1719463568117,279.1,50
1719463569526,278.7,50
1719463570520,278.7,25
1719463571026,278.05,100
1719463571642,279.1,25
1719463572214,279.35,25
1719463572823,278.85,25
1719463573513,278.05,25
1719463574108,278.3,25
1719463574812,278.35,25
1719463575316,278.45,75
1719463575316,278.45,75
1719463576466,277.8,175
1719463577407,278.9,25
1719463577782,278.7,25
1719463577919,278.65,25
1719463578883,278.0,25
1719463578883,278.0,25
1719463580622,277.4,50
1719463580622,277.4,50
1719463581563,278.0,50
1719463582541,277.35,250
1719463582854,276.9,25
1719463583739,276.3,25
1719463584428,275.55,50
1719463584428,275.55,50
1719463585148,275.55,25
1719463585148,275.55,25
1719463586468,276.4,50
1719463587655,276.5,25
1719463587777,276.55,25
1719463588951,276.45,25
1719463589282,276.45,50
1719463589615,276.5,50
1719463590357,276.95,50
1719463590888,277.2,25
1719463591625,277.2,25
1719463591879,276.8,25
1719463591879,276.8,25
1719463591879,276.8,25
1719463591879,276.8,25
1719463596254,275.85,175
1719463597173,276.35,75
1719463597173,276.35,75
1719463597732,276.0,50
1719463598149,276.25,50
1719463598149,276.25,50
1719463599506,276.25,25
1719463600826,275.85,25
1719463600826,275.85,25
1719463600826,275.85,25
1719463602923,277.8,25
1719463603713,278.0,25
1719463604458,279.0,425
1719463604690,278.8,25
1719463605763,280.0,100
1719463605763,280.0,100
1719463606771,279.45,25
1719463607217,279.35,25
1719463607217,279.35,25
1719463607929,280.0,50
1719463609319,278.85,50
1719463609319,278.85,50
1719463610129,279.15,25
1719463610129,279.15,25
1719463610129,279.15,25
1719463610129,279.15,25
1719463614900,278.05,75
1719463614900,278.05,75
1719463616354,279.0,25
1719463616718,279.35,50
1719463617605,279.75,50
1719463618332,278.45,25
1719463618332,278.45,25
1719463619601,278.0,25
1719463620012,278.0,225
1719463620012,278.0,225
1719463620012,278.0,225
1719463622138,276.0,50
1719463622260,276.55,25
1719463622260,276.55,25
1719463622260,276.55,25
1719463624932,276.4,25
1719463625270,276.0,25
1719463625270,276.0,25
1719463627013,276.2,50
1719463627726,276.35,25
1719463629196,276.8,25
1719463629248,276.75,25
1719463630020,277.8,25
1719463630747,277.35,25
1719463631109,277.8,25
1719463631109,277.8,25
1719463632573,277.45,25
1719463632781,276.75,150
1719463633690,277.65,25
1719463633690,277.65,25
1719463636101,277.4,25
1719463636626,277.5,25
1719463637716,279.0,25
1719463637902,278.4,25
1719463639361,278.65,25
1719463639361,278.65,25
1719463639812,278.45,25
1719463640440,278.9,25
1719463640440,278.9,25
1719463641839,279.5,25
1719463642627,279.55,25
1719463643807,279.5,25
1719463644146,280.0,25
1719463644929,279.95,25
1719463645743,279.85,25
1719463645743,279.85,25
1719463646821,279.75,75
1719463647475,278.4,25
1719463647933,278.3,25
1719463649397,278.1,50
1719463649397,278.1,50
1719463649710,277.8,250
1719463649710,277.8,250
1719463649710,277.8,250
1719463652546,277.9,25
1719463653496,277.8,25
1719463653873,277.3,25
1719463653873,277.3,25
1719463654778,277.1,25
1719463655128,276.95,25
1719463655128,276.95,25
1719463655128,276.95,25
1719463658268,275.55,100
1719463658737,276.8,25
1719463659084,276.5,25
1719463659084,276.5,25
1719463660612,276.3,25
1719463660612,276.3,25
1719463662359,275.8,25
1719463662359,275.8,25
1719463663114,276.25,25
1719463663114,276.25,25
1719463665632,275.65,25
1719463665939,275.3,25
1719463666598,276.25,25
1719463667316,277.0,25
1719463667316,277.0,25
1719463667316,277.0,25
1719463670284,275.8,25
1719463670779,276.15,25
1719463670896,275.6,25
1719463671852,276.9,50
1719463672385,276.65,25
1719463673534,277.45,100
1719463674396,278.55,25
1719463674929,277.45,50
1719463675861,276.7,25
1719463676152,276.45,25
1719463676442,275.75,25
1719463677418,276.7,25
1719463677418,276.7,25
1719463678555,276.8,25
1719463678555,276.8,25
1719463678555,276.8,25
1719463678555,276.8,25
1719463681848,276.7,25
1719463682571,276.3,25
1719463682571,276.3,25
1719463683922,277.5,250
1719463683922,277.5,250
1719463684645,275.9,25
1719463685415,275.95,50
1719463686024,276.4,50
1719463686750,277.0,125
1719463686750,277.0,125
1719463688225,276.8,25
1719463688349,276.8,25
1719463688349,276.8,25
1719463690276,276.7,25
1719463690276,276.7,25
1719463692478,276.75,25
1719463692478,276.75,25
1719463694092,276.75,25
1719463694092,276.75,25
1719463695988,275.45,75
1719463696766,275.5,25
1719463697883,277.0,25
1719463698342,278.1,25
1719463699426,278.1,25
1719463699731,277.65,25
1719463700566,277.25,25
1719463701178,277.35,25
1719463701755,277.4,25
1719463702577,277.7,50
1719463703243,277.6,25
1719463703243,277.6,25
1719463704820,277.1,25
1719463705907,277.4,25
1719463705915,277.35,25
1719463706470,277.25,75
1719463707273,277.0,25
1719463707273,277.0,25
1719463708401,277.85,50
1719463708401,277.85,50
1719463709592,277.9,25
1719463710592,278.15,25
1719463710592,278.15,25
1719463710592,278.15,25
1719463711599,278.15,50
1719463712758,279.1,25
1719463712962,279.2,25
1719463713452,279.1,25
1719463714223,279.0,25
1719463714223,279.0,25
1719463715023,279.0,25
1719463715023,279.0,25
1719463716657,280.0,25
1719463717559,280.0,25
1719463717559,280.0,25
1719463718634,280.0,25
1719463719459,279.6,25
1719463719543,280.1,75
1719463720212,280.95,400
1719463721196,280.3,50
1719463721818,281.0,100
1719463722730,281.0,25
1719463723115,281.0,25
1719463723966,281.0,250
1719463723966,281.0,250
1719463725183,280.75,25
1719463725183,280.75,25
1719463726445,280.0,50
1719463727627,280.0,50
1719463728763,278.65,25
1719463728763,278.65,25
1719463730365,278.4,125
1719463730707,278.95,25
1719463731106,278.85,50
1719463731106,278.85,50
1719463732345,278.0,25
1719463732345,278.0,25
1719463733662,278.0,25
1719463733955,278.05,25
1719463733955,278.05,25
1719463736047,278.6,25
1719463736047,278.6,25
1719463736574,279.35,75
1719463736574,279.35,75
1719463736574,279.35,75
1719463736574,279.35,75
1719463736574,279.35,75
1719463741878,279.5,25
1719463742713,279.35,50
1719463743905,279.3,50
1719463743905,279.3,50
1719463744884,279.2,50
1719463745576,279.2,25
1719463746140,279.75,25
1719463746628,278.85,25
1719463747046,279.4,25
1719463747046,279.4,25
1719463749443,278.8,25
1719463749646,278.8,25
1719463749724,278.55,25
1719463750783,278.4,25
1719463750783,278.4,25
1719463751509,279.4,25
1719463752511,280.5,25
1719463752511,280.5,25
1719463755108,280.0,25
1719463755108,280.0,25
1719463755108,280.0,25
1719463757941,280.95,50
1719463758913,281.0,25
1719463758913,281.0,25
1719463759827,281.7,25
1719463760519,281.95,75
1719463760519,281.95,75
1719463762685,281.65,50
1719463762685,281.65,50
1719463763474,282.0,25
1719463764499,282.15,25
1719463764499,282.15,25
1719463764730,282.2,75
1719463766331,280.9,50
1719463766331,280.9,50
1719463766928,280.55,50
1719463767530,280.55,25
1719463767530,280.55,25
1719463768420,279.85,50
1719463768420,279.85,50
1719463768420,279.85,50
1719463768420,279.85,50
1719463772106,280.05,25
1719463772106,280.05,25
1719463772106,280.05,25
1719463775637,281.9,50
1719463776055,281.9,225
1719463776055,281.9,225
1719463776774,282.0,25
1719463777769,282.75,25
1719463778619,281.2,25
1719463779290,282.0,25
1719463779290,282.0,25
1719463779290,282.0,25
1719463779290,282.0,25
1719463779290,282.0,25
1719463785668,280.8,25
1719463786068,280.8,250
1719463786068,280.8,250
1719463787093,280.8,25
1719463787872,281.55,50
1719463787872,281.55,50
1719463790133,281.3,25
1719463790732,282.0,25
1719463790732,282.0,25
1719463791864,282.0,25
1719463792652,281.45,25
1719463793819,282.6,25
1719463794037,282.75,25
1719463794037,282.75,25
1719463795810,282.4,50
1719463795810,282.4,50
1719463797050,282.0,75
1719463797777,281.7,25
1719463797777,281.7,25
1719463800016,281.8,50
1719463800016,281.8,50
1719463800016,281.8,50
1719463800016,281.8,50
1719463803226,280.1,25
1719463803697,280.3,250
1719463804410,281.45,25
1719463804410,281.45,25
1719463805076,281.4,50
1719463805076,281.4,50
1719463806849,280.8,175
1719463807099,280.6,25
1719463808030,281.3,25
1719463809791,281.0,150
1719463809791,281.0,150
1719463810834,282.0,50
1719463810834,282.0,50
1719463810834,282.0,50
1719463813169,283.0,100
1719463814003,284.0,25
1719463814216,284.0,25
1719463815123,283.8,25
1719463815775,283.45,25
1719463815972,284.0,25
1719463816611,283.4,25
1719463817437,283.0,50
1719463818827,282.5,50
1719463819635,282.75,25
1719463820000,282.2,25
1719463821061,282.0,25
1719463821061,282.0,25
1719463822627,283.0,25
1719463822627,283.0,25
1719463824670,283.1,25
1719463824849,283.25,100
1719463826070,283.9,75
1719463826212,283.1,25
1719463826212,283.1,25
1719463827667,282.2,25
1719463827667,282.2,25
1719463828888,281.55,50
1719463829252,281.45,25
1719463830418,280.4,50
1719463831157,281.45,225
1719463831157,281.45,225
1719463831776,282.2,25
1719463832724,282.55,25
1719463832724,282.55,25
1719463835003,282.15,50
1719463835898,281.45,25
1719463835898,281.45,25
1719463836554,281.6,25
1719463837335,281.2,25
1719463838721,281.8,75
1719463838721,281.8,75
1719463840296,281.05,50
1719463840296,281.05,50
1719463843008,280.0,100
1719463843008,280.0,100
1719463843504,279.55,75
1719463843504,279.55,75
1719463844936,280.0,25
1719463845254,279.95,25
1719463845984,279.35,50
1719463845984,279.35,50
1719463848025,279.6,25
1719463848025,279.6,25
1719463848862,279.95,75
1719463849090,279.6,25
1719463849090,279.6,25
1719463850977,279.55,25
1719463850977,279.55,25
1719463851868,279.5,25
1719463852114,279.5,50
1719463852114,279.5,50
1719463853466,279.35,25
1719463854949,279.3,50
1719463855318,279.25,75
1719463855318,279.25,75
1719463855318,279.25,75
1719463858343,280.0,25
1719463859177,281.2,150
1719463859860,281.5,25
1719463859860,281.5,25
1719463860229,282.0,25
1719463860943,282.2,75
1719463861343,281.45,25
1719463861343,281.45,25
1719463861343,281.45,25
1719463861343,281.45,25
1719463861343,281.45,25
1719463866666,280.35,50
1719463867994,280.4,25
1719463869661,281.5,75
1719463869788,281.45,25
1719463869788,281.45,25
1719463871098,281.95,150
1719463871098,281.95,150
1719463871956,282.0,25
1719463871956,282.0,25
1719463873046,281.95,25
1719463873046,281.95,25
1719463874586,281.3,25
1719463874842,281.75,50
1719463874842,281.75,50
1719463876688,280.6,50
1719463878017,282.1,75
1719463878017,282.1,75
1719463879592,281.45,50
1719463879592,281.45,50
1719463880102,282.0,50
1719463880898,282.75,25
1719463880898,282.75,25
1719463882542,283.0,350
1719463882993,283.2,25
1719463882993,283.2,25
1719463883361,282.4,25
1719463884420,283.7,50
1719463884420,283.7,50
1719463885662,283.15,25
1719463886373,283.75,25
1719463886373,283.75,25
1719463886373,283.75,25
1719463889196,283.0,50
1719463889635,283.35,25
1719463889880,282.8,25
1719463889880,282.8,25
1719463889880,282.8,25
1719463889880,282.8,25
1719463893472,282.95,75
1719463893472,282.95,75
1719463896175,281.05,75
1719463896175,281.05,75
1719463896530,281.0,300
1719463896530,281.0,300
1719463899678,282.35,25
1719463901000,282.5,150
1719463901000,282.5,150
1719463901805,282.95,25
1719463902393,283.0,25
1719463902393,283.0,25
1719463903288,283.0,125
1719463904711,282.0,25
1719463904711,282.0,25
1719463904711,282.0,25
1719463904711,282.0,25
1719463909339,282.45,100
1719463909541,282.35,25
1719463909541,282.35,25
1719463910446,282.7,25
1719463911360,282.4,25
1719463911360,282.4,25
1719463913007,282.85,75
1719463913007,282.85,75
1719463914454,283.5,475
1719463914454,283.5,475
1719463914891,283.75,125
1719463915372,283.5,1250
1719463915372,283.5,1250
1719463916771,283.75,25
1719463917293,283.3,25
1719463917293,283.3,25
1719463918809,283.5,175
1719463918809,283.5,175
1719463918809,283.5,175
1719463921395,282.0,400
1719463921395,282.0,400
1719463922980,282.0,25
1719463922980,282.0,25
1719463923345,281.7,50
1719463923345,281.7,50
1719463925411,282.3,50
1719463926086,282.15,50
1719463926086,282.15,50
1719463926672,281.6,75
1719463927502,282.35,25
1719463927502,282.35,25
1719463929742,282.6,25
1719463929742,282.6,25
1719463932009,283.0,50
1719463932902,282.5,100
1719463932902,282.5,100
1719463933820,283.2,300
1719463934426,283.2,50
1719463935014,284.0,25
1719463936126,284.25,75
1719463936126,284.25,75
1719463936889,283.65,200
1719463937541,282.6,50
1719463937541,282.6,50
1719463938952,283.3,200
1719463938952,283.3,200
1719463940190,283.1,25
1719463941351,282.85,25
1719463941351,282.85,25
1719463941351,282.85,25
1719463944473,283.0,50
1719463944473,283.0,50
1719463946274,283.0,25
1719463946274,283.0,25
1719463946274,283.0,25
1719463949277,282.65,50
1719463949504,282.5,25
1719463949504,282.5,25
1719463950246,282.25,25
1719463950246,282.25,25
1719463950246,282.25,25
1719463952192,281.75,75
1719463952975,282.35,25
1719463952975,282.35,25
1719463953714,281.6,25
1719463953714,281.6,25
1719463955061,282.1,50
1719463955994,281.4,100
1719463956566,281.0,50
1719463956566,281.0,50
1719463956566,281.0,50
1719463956566,281.0,50
1719463960441,280.0,25
1719463960441,280.0,25
1719463962951,280.5,50
1719463962951,280.5,50
1719463962951,280.5,50
1719463965180,280.8,125
1719463965180,280.8,125
1719463967192,281.45,75
1719463968040,282.3,125
1719463968170,282.05,25
1719463968707,281.0,50
1719463968707,281.0,50
1719463970606,280.6,200
1719463970606,280.6,200
1719463970606,280.6,200
1719463973889,280.05,50
1719463974198,280.85,50
1719463974198,280.85,50
1719463975513,280.25,25
1719463976340,281.0,25
1719463977075,280.95,25
1719463977075,280.95,25
1719463977075,280.95,25
1719463980410,282.2,200
1719463980410,282.2,200
1719463980898,281.9,25
1719463981144,282.4,25
1719463981144,282.4,25
1719463981144,282.4,25
1719463981144,282.4,25
1719463985978,281.6,200
1719463985978,281.6,200
1719463986974,281.7,125
1719463987811,281.5,50
1719463988186,280.5,50
1719463988186,280.5,50
1719463989530,281.25,75
1719463989530,281.25,75
1719463989530,281.25,75
1719463991838,281.6,25
1719463991838,281.6,25
1719463994642,280.5,25
1719463994753,280.45,50
1719463994753,280.45,50
1719463995646,281.25,300
1719463996446,281.25,125
1719463996446,281.25,125
1719463996446,281.25,125
1719463999119,280.0,125
1719463999119,280.0,125
1719464000024,279.6,25
1719464001052,278.55,25
1719464001313,278.6,75
1719464001827,278.65,25
1719464002661,279.6,50
1719464002661,279.6,50
1719464004646,278.9,50
1719464004646,278.9,50
1719464005271,278.9,25
1719464005271,278.9,25
1719464006271,278.25,100
1719464006868,279.05,25
1719464007598,278.6,25
1719464007598,278.6,25
1719464007598,278.6,25
1719464010510,278.65,25
1719464011478,278.05,50
1719464011478,278.05,50
1719464011478,278.05,50
1719464013386,278.05,25
1719464014700,278.05,25
1719464015883,278.0,25
1719464015883,278.0,25
1719464016989,278.0,75
1719464017526,278.5,50
1719464018290,278.8,50
1719464018674,278.5,50
1719464019542,279.1,25
1719464019542,279.1,25
1719464021482,280.0,50
1719464021610,280.0,125
1719464022148,280.7,75
1719464022148,280.7,75
1719464024125,279.95,50
1719464024125,279.95,50
1719464026035,279.1,25
1719464026280,278.6,225
1719464026280,278.6,225
1719464026280,278.6,225
1719464029844,277.85,100
1719464029844,277.85,100
1719464031462,277.75,25
1719464031776,277.75,25
1719464032250,278.25,50
1719464032250,278.25,50
1719464034025,277.8,75
1719464034025,277.8,75
1719464035257,277.1,25
1719464036046,277.0,25
1719464036046,277.0,25
1719464036847,277.2,250
1719464037603,277.3,25
1719464038131,276.75,25
1719464039077,276.55,225
1719464039724,276.75,25
1719464039724,276.75,25
1719464039724,276.75,25
1719464039724,276.75,25
1719464041671,276.0,100
1719464041760,276.0,75
1719464042849,276.5,175
1719464042849,276.5,175
1719464044047,276.0,100
1719464044879,275.0,200
1719464045080,275.05,75
1719464045335,275.5,100
1719464045335,275.5,100
1719464047521,276.35,50
1719464048204,275.35,50
1719464048631,275.55,50
1719464049142,275.85,25
1719464049142,275.85,25
1719464049142,275.85,25
1719464052639,275.4,25
1719464053324,275.4,25
1719464053324,275.4,25
1719464054039,275.65,25
1719464054164,276.0,100
1719464054164,276.0,100
1719464055738,277.2,25
1719464056761,277.65,25
1719464057099,278.65,25
1719464058363,277.7,25
1719464058363,277.7,25
1719464059950,277.6,75
1719464059950,277.6,75
1719464060429,276.35,100
1719464061128,276.8,50
1719464062082,276.0,300
1719464063067,275.9,175
1719464063211,275.05,25
1719464063930,275.0,25
1719464064843,274.75,50
1719464064843,274.75,50
1719464065728,276.15,50
1719464065728,276.15,50
1719464067016,274.3,150
1719464067016,274.3,150
1719464069035,276.0,300
1719464069679,274.65,75
1719464069679,274.65,75
1719464070193,275.7,25
1719464070911,275.95,50
1719464071771,275.2,25
1719464071806,275.3,50
1719464072141,275.9,100
1719464072141,275.9,100
1719464074098,275.4,100
1719464074981,274.55,50
1719464074981,274.55,50
1719464076142,275.15,50
1719464076142,275.15,50
1719464077097,275.45,25
1719464078067,275.05,25
1719464078398,274.85,25
1719464078398,274.85,25
1719464079226,275.0,25
1719464079226,275.0,25
1719464080882,275.0,50
1719464081482,274.7,25
1719464081482,274.7,25
1719464082944,274.15,25
1719464082944,274.15,25
1719464084110,273.6,25
1719464084816,274.1,25
1719464084816,274.1,25
1719464085825,273.75,225
1719464086348,273.9,25
1719464086348,273.9,25
1719464087374,274.15,25
1719464087374,274.15,25
1719464089704,272.9,25
1719464089704,272.9,25
1719464090423,274.0,50
1719464091100,273.75,250
1719464091797,273.75,200
1719464091975,273.5,175
1719464092901,274.9,25
1719464092901,274.9,25
1719464093884,275.85,50
1719464094278,277.0,250
1719464095997,277.15,250
1719464095997,277.15,250
1719464096939,277.05,175
1719464097928,277.2,75
1719464098344,276.85,25
1719464098344,276.85,25
1719464098344,276.85,25
1719464098344,276.85,25
1719464100880,275.6,50
1719464100880,275.6,50
1719464103468,277.1,25
1719464105036,276.4,100
1719464106000,276.8,25
1719464106000,276.8,25
1719464106901,276.35,200
1719464107898,275.6,25
1719464108180,276.3,25
1719464108180,276.3,25
1719464109703,275.6,75
1719464110542,275.7,50
1719464111305,275.6,25
1719464111932,275.6,200
1719464113110,276.1,25
1719464113383,275.6,50
1719464113520,275.45,50
1719464115000,275.5,25
1719464115000,275.5,25
1719464115784,275.4,25
1719464115784,275.4,25
1719464118388,276.0,25
1719464119180,276.25,25
1719464119921,277.3,25
1719464120180,276.95,25
1719464120180,276.95,25
1719464121974,277.25,50
1719464122879,277.25,125
1719464122879,277.25,125
1719464124296,276.35,25
1719464125057,276.75,25
1719464126251,276.75,25
1719464126251,276.75,25
1719464127579,276.2,50
1719464128148,276.9,125
1719464128424,277.05,25
1719464128424,277.05,25
1719464129273,276.85,25
1719464129273,276.85,25
1719464129273,276.85,25
1719464131888,276.75,25
1719464131888,276.75,25
1719464132535,275.65,50
1719464132551,276.5,250
1719464132551,276.5,250
1719464134280,276.25,25
1719464135123,275.85,25
1719464136694,276.1,25
1719464136694,276.1,25
1719464136949,275.9,50
1719464138143,275.25,50
1719464138143,275.25,50
1719464138947,275.25,25
1719464140072,274.1,25
1719464141510,274.9,25
1719464141510,274.9,25
1719464142126,274.65,25
1719464142495,275.05,200
1719464143393,276.0,125
1719464144217,277.0,200
1719464144984,277.2,25
1719464145162,277.7,25
1719464145750,278.0,250
1719464145750,278.0,250
1719464147015,277.5,100
1719464147548,277.15,25
1719464148194,277.25,50
1719464148194,277.25,50
1719464149706,277.4,25
1719464150610,277.65,375
1719464151603,276.8,50
1719464151603,276.8,50
1719464152983,276.4,350
1719464153372,276.45,25
1719464153372,276.45,25
1719464154797,277.25,25
1719464154797,277.25,25
1719464156795,275.35,200
1719464157339,275.45,25
1719464157339,275.45,25
1719464158706,276.3,50
1719464159435,275.7,25
1719464159435,275.7,25
1719464159435,275.7,25
1719464160730,276.5,50
1719464160730,276.5,50
1719464162313,275.6,25
1719464162428,275.4,125
1719464162428,275.4,125
1719464164024,276.85,75
1719464164024,276.85,75
1719464166457,276.65,75
1719464166457,276.65,75
1719464166457,276.65,75
1719464169683,277.3,175
1719464169683,277.3,175
1719464169683,277.3,175
1719464173291,278.0,25
1719464173406,278.0,150
1719464173406,278.0,150
1719464176683,276.15,25
1719464177510,277.0,150
1719464178084,276.65,50
1719464178084,276.65,50
1719464178895,277.0,50
1719464178895,277.0,50
1719464180579,277.65,25
1719464181618,278.45,100
1719464182359,278.45,50
1719464183301,277.7,200
1719464184191,278.9,250
1719464184191,278.9,250
1719464186331,279.0,75
1719464186331,279.0,75
1719464187379,278.35,225
1719464188358,276.6,200
1719464188811,277.1,25
1719464189939,277.05,50
1719464189939,277.05,50
1719464189939,277.05,50
1719464192359,276.85,25
1719464192359,276.85,25
1719464195158,277.55,25
1719464196515,278.8,50
1719464196515,278.8,50
1719464196515,278.8,50
1719464198988,278.15,75
1719464198988,278.15,75
1719464201019,276.85,50
1719464201019,276.85,50
1719464201019,276.85,50
1719464201019,276.85,50
1719464205798,277.35,100
1719464205798,277.35,100
1719464207035,277.05,25
1719464207378,277.25,100
1719464207378,277.25,100
1719464210154,278.0,100
1719464210154,278.0,100
1719464210154,278.0,100
1719464213623,277.3,25
1719464213623,277.3,25
1719464213623,277.3,25
1719464218349,279.0,100
1719464219187,280.35,25
1719464219187,280.35,25
1719464220383,281.0,25
1719464220582,281.35,275
1719464220831,280.8,25
1719464220831,280.8,25
1719464222486,281.55,75
1719464223027,280.8,50
1719464223027,280.8,50
1719464224151,281.95,25
1719464224151,281.95,25
1719464226074,282.0,50
1719464226074,282.0,50
1719464227761,282.7,25
1719464227761,282.7,25
1719464228803,283.0,50
1719464230213,283.5,25
1719464230258,283.5,75
1719464231166,284.5,50
1719464231166,284.5,50
1719464232805,283.8,125
1719464232805,283.8,125
1719464233522,283.3,25
1719464234233,284.0,400
1719464235246,283.9,50
1719464235986,283.3,50
1719464236572,284.85,50
1719464236572,284.85,50
1719464238244,284.1,50
1719464238244,284.1,50
1719464238598,284.85,25
1719464238598,284.85,25
1719464238598,284.85,25
1719464241080,284.4,50
1719464241436,284.55,25
1719464241436,284.55,25
1719464241436,284.55,25
1719464243673,283.25,25
1719464244239,283.85,25
1719464244239,283.85,25
1719464246016,283.9,25
1719464246835,285.4,25
1719464247409,285.9,25
1719464248434,287.95,50
1719464249033,288.95,50
1719464250069,288.9,250
1719464250069,288.9,250
1719464250069,288.9,250
1719464251100,289.25,25
1719464251633,288.75,75
1719464252576,289.3,100
1719464253464,289.0,150
1719464253469,289.75,25
1719464254167,289.65,300
1719464254925,289.3,25
1719464255940,289.7,125
1719464256714,289.35,50
1719464257051,288.7,25
1719464257556,289.0,25
1719464257556,289.0,25
1719464258893,289.8,50
1719464260006,289.05,75
1719464260370,288.25,225
1719464260942,288.0,50
1719464261813,288.5,50
1719464261890,288.65,50
1719464263364,290.65,25
1719464263453,290.35,25
1719464263991,290.35,25
1719464265207,290.35,25
1719464265207,290.35,25
1719464266011,290.0,25
1719464266542,290.35,50
1719464266542,290.35,50
1719464268104,290.25,25
1719464268368,289.7,100
1719464268368,289.7,100
1719464268368,289.7,100
1719464270410,290.1,25
1719464271105,290.0,325
1719464271666,289.6,50
1719464271666,289.6,50
1719464273218,289.5,25
1719464273218,289.5,25
1719464273964,289.1,25
1719464275212,288.55,25
1719464276105,289.6,100
1719464276105,289.6,100
1719464276903,290.0,25
1719464278196,289.5,75
1719464278196,289.5,75
1719464279062,288.9,25
1719464280039,288.15,25
1719464280039,288.15,25
1719464280505,287.85,50
1719464281340,289.5,50
1719464281853,289.5,25
1719464282214,290.45,25
1719464283219,290.05,25
1719464283219,290.05,25
1719464283993,290.15,25
1719464285302,290.0,50
1719464285302,290.0,50
1719464286735,288.75,50
1719464286735,288.75,50
1719464287249,289.45,25
1719464287249,289.45,25
1719464288965,289.5,25
1719464288965,289.5,25
1719464291087,289.15,25
1719464291707,290.6,50
1719464292238,293.0,25
1719464293341,292.6,25
1719464293341,292.6,25
1719464294010,292.55,225
1719464295080,292.05,50
1719464295957,292.05,25
1719464295957,292.05,25
1719464297020,290.6,25
1719464298329,291.9,25
1719464298329,291.9,25
1719464299255,292.95,75
1719464299255,292.95,75
1719464299255,292.95,75
1719464300850,290.8,50
1719464301743,291.55,75
1719464301743,291.55,75
1719464302783,290.85,50
1719464302783,290.85,50
1719464303987,290.9,50
1719464304891,291.8,25
1719464304891,291.8,25
1719464306115,290.7,25
1719464306825,290.05,50
1719464306825,290.05,50
1719464308017,292.0,125
1719464308017,292.0,125
1719464309427,292.05,25
1719464310340,294.0,25
1719464310406,293.55,75
1719464310863,293.75,25
1719464310863,293.75,25
1719464312831,294.6,200
1719464312995,294.75,250
1719464313548,294.4,25
1719464314542,296.05,50
1719464315123,294.75,100
1719464316191,296.3,75
1719464316928,295.5,50
1719464317184,296.1,25
1719464317842,296.3,25
1719464318729,296.1,200
1719464319193,295.25,75
1719464320171,296.75,25
1719464321259,296.0,25
1719464321259,296.0,25
1719464321259,296.0,25
1719464322986,296.7,25
1719464323760,297.6,75
1719464323881,297.2,175
1719464325052,297.45,25
1719464326328,295.85,50
1719464326673,296.9,25
1719464327261,295.7,25
1719464328142,294.75,25
1719464328703,293.1,50
1719464329086,292.95,150
1719464330025,292.0,50
1719464330025,292.0,50
1719464330871,294.55,50
1719464331684,294.8,150
1719464332036,294.5,50
1719464332527,295.65,75
1719464333495,295.85,75
1719464334226,295.2,50
1719464334800,295.45,150
1719464335340,294.95,25
1719464335798,295.05,50
1719464336590,294.45,25
1719464337089,295.6,150
1719464338192,295.35,25
1719464338642,295.75,25
1719464338642,295.75,25
1719464340287,295.8,50
1719464340287,295.8,50
1719464340702,295.75,25
1719464341792,294.7,25
1719464342075,294.5,275
1719464342839,294.0,25
1719464343613,295.0,75
1719464344016,295.65,25
1719464345184,294.15,25
1719464345290,295.4,25
1719464345290,295.4,25
1719464346872,296.0,250
1719464346872,296.0,250
1719464348105,296.45,25
1719464348105,296.45,25
1719464349701,295.0,25
1719464350341,295.65,50
1719464350341,295.65,50
1719464351037,296.25,25
1719464351891,295.2,50
1719464351891,295.2,50
1719464353359,295.0,25
1719464353648,295.2,25
1719464353926,294.7,25
1719464354761,294.8,125
1719464355475,295.6,25
1719464356091,294.9,25
1719464356975,294.5,50
1719464356975,294.5,50
1719464358113,294.8,25
1719464358675,294.35,25
1719464359463,294.7,25
1719464359463,294.7,25
1719464360646,295.1,50
1719464361514,296.55,600
1719464361514,296.55,600
1719464362206,296.2,25
1719464363460,295.1,25
1719464363460,295.1,25
1719464364185,296.0,25
1719464365123,295.95,25
1719464365123,295.95,25
1719464366145,295.5,25
1719464366954,295.75,50
1719464366954,295.75,50
1719464367826,295.0,25
1719464367826,295.0,25
1719464367826,295.0,25
1719464370665,295.05,50
1719464370990,295.15,25
1719464370990,295.15,25
1719464373194,295.15,100
1719464373812,295.85,75
1719464374221,295.55,25
1719464374221,295.55,25
1719464375964,295.15,25
1719464376122,295.05,25
1719464376122,295.05,25
1719464378457,295.85,200
1719464378457,295.85,200
1719464379267,294.2,25
1719464379267,294.2,25
1719464381217,295.0,25
1719464382024,295.0,25
1719464382234,295.3,75
1719464383209,295.25,50
1719464383640,294.25,25
1719464384055,294.0,25
1719464384055,294.0,25
1719464385645,293.1,25
1719464386037,293.55,25
1719464386516,293.6,25
1719464387131,293.0,25
1719464388015,293.0,25
1719464388787,293.6,50
1719464389375,293.85,50
1719464390151,293.45,25
1719464390151,293.45,25
1719464390661,293.7,25
1719464390661,293.7,25
1719464392272,294.75,25
1719464392474,294.05,125
1719464393774,294.75,25
1719464394171,295.0,25
1719464394911,294.6,25
1719464394911,294.6,25
1719464396480,293.7,25
1719464396480,293.7,25
1719464397404,294.6,75
1719464398062,295.0,250
1719464398810,294.9,25
1719464398810,294.9,25
1719464399974,294.55,50
1719464400590,294.85,25
1719464401239,294.0,25
1719464401956,293.0,25
1719464402119,292.85,25
1719464403050,292.7,25
1719464403050,292.7,25
1719464404384,294.0,75
1719464404683,294.85,25
1719464405384,294.6,25
1719464405984,295.1,50
1719464406856,294.7,25
1719464406856,294.7,25
1719464408076,294.2,75
1719464408701,294.4,100
1719464408701,294.4,100
1719464410074,295.35,25
1719464410074,295.35,25
1719464411282,294.45,175
1719464411841,294.35,75
1719464412303,294.0,25
1719464413284,293.35,25
1719464413375,293.95,25
1719464413375,293.95,25
1719464415070,294.15,100
1719464415070,294.15,100
1719464416763,293.5,25
1719464416969,294.1,25
1719464416969,294.1,25
1719464416969,294.1,25
1719464418956,294.2,25
1719464419695,295.0,25
1719464420008,295.0,50
1719464420008,295.0,50
1719464421181,293.95,25
1719464421360,293.95,25
1719464421360,293.95,25
1719464421360,293.95,25
1719464423763,293.8,100
1719464424139,293.8,50
1719464424884,293.75,25
1719464425457,294.2,100
1719464425457,294.2,100
1719464427017,294.5,25
1719464427316,294.7,25
1719464428282,294.4,25
1719464428366,294.3,25
1719464428788,294.25,25
1719464429586,294.85,25
1719464429586,294.85,25
1719464429586,294.85,25
1719464431178,294.6,150
1719464431178,294.6,150
1719464432368,295.0,25
1719464432864,294.2,50
1719464432864,294.2,50
1719464433938,294.9,50
1719464435081,295.0,50
1719464435081,295.0,50
1719464436213,295.35,25
1719464436788,294.65,25
1719464436788,294.65,25
1719464438050,296.0,350
1719464438738,297.0,25
1719464439283,295.65,75
1719464440396,297.0,25
1719464441244,296.4,75
1719464442039,296.95,50
1719464442312,296.1,25
1719464442312,296.1,25
1719464443914,295.0,100
1719464444056,294.8,25
1719464445133,295.0,25
1719464445133,295.0,25
1719464445742,295.6,25
1719464445742,295.6,25
1719464447522,294.25,25
1719464447721,294.9,25
1719464447721,294.9,25
1719464449193,295.15,25
1719464449193,295.15,25
1719464449193,295.15,25
1719464453056,295.8,25
1719464453216,295.25,50
1719464453553,295.0,300
1719464453553,295.0,300
1719464454810,294.25,25
1719464455443,293.55,25
1719464456522,294.5,25
1719464457043,294.05,50
1719464457272,293.3,25
1719464457817,293.8,25
1719464457817,293.8,25
1719464460580,293.25,150
1719464460580,293.25,150
1719464461312,293.0,250
1719464461398,292.5,25
1719464461398,292.5,25
1719464463275,290.45,25
1719464463275,290.45,25
1719464464178,290.3,25
1719464465436,289.6,25
1719464466134,290.7,25
1719464466990,291.05,25
1719464467339,290.75,25
1719464468320,290.3,25
1719464468642,290.15,25
1719464468642,290.15,25
1719464470246,292.3,50
1719464471345,292.3,25
1719464472124,291.5,50
1719464472124,291.5,50
1719464473767,292.35,25
1719464473767,292.35,25
1719464473767,292.35,25
1719464477200,292.35,25
1719464477200,292.35,25
1719464477783,291.6,50
1719464478373,292.5,50
1719464478373,292.5,50
1719464480167,291.15,25
1719464480167,291.15,25
1719464481671,290.0,25
1719464482020,289.8,50
1719464482592,291.6,250
1719464482836,290.7,75
1719464482836,290.7,75
1719464484836,291.15,25
1719464484836,291.15,25
1719464484836,291.15,25
1719464487271,291.0,50
1719464487488,291.1,25
1719464487488,291.1,25
1719464490315,289.9,50
1719464490315,289.9,50
1719464490315,289.9,50
1719464492129,290.25,25
1719464492129,290.25,25
1719464492523,290.15,25
1719464492523,290.15,25
1719464494461,290.05,25
1719464494461,290.05,25
1719464494461,290.05,25
1719464497271,290.2,25
1719464498189,290.3,150
1719464498699,291.0,450
1719464499069,290.85,325
1719464499946,291.9,25
1719464501109,292.3,25
1719464501109,292.3,25
1719464502550,291.5,50
1719464502994,291.35,25
1719464502994,291.35,25
1719464504582,291.35,50
1719464504582,291.35,50
1719464506233,289.9,25
1719464506233,289.9,25
1719464508128,290.5,25
1719464508128,290.5,25
1719464509414,290.4,25
1719464509414,290.4,25
1719464512190,290.7,25
1719464512190,290.7,25
1719464512995,289.45,275
1719464513530,289.3,25
1719464514511,290.0,25
1719464514511,290.0,25
1719464516097,290.0,250
1719464516400,289.55,25
1719464517229,289.4,200
1719464517229,289.4,200
1719464520447,289.9,25
1719464520447,289.9,25
1719464521505,289.3,350
1719464522154,288.2,25
1719464522154,288.2,25
1719464523470,287.0,25
1719464523470,287.0,25
1719464524281,285.25,25
1719464524825,286.95,25
1719464525593,286.3,50
1719464526289,286.5,100
1719464527244,287.15,50
1719464527310,287.1,50
1719464528110,287.9,25
1719464528657,287.55,25
1719464528657,287.55,25
1719464528657,287.55,25
1719464528657,287.55,25
1719464528657,287.55,25
1719464534379,286.45,25
1719464534929,286.05,25
1719464534929,286.05,25
1719464536305,286.25,25
1719464536535,286.35,50
1719464537300,286.0,50
1719464538264,285.8,25
1719464538885,286.05,25
1719464538916,287.0,50
1719464540143,286.4,25
1719464541270,286.45,50
1719464541788,285.2,25
1719464542271,286.25,25
1719464542623,285.6,50
1719464543839,285.85,100
1719464544361,284.9,25
1719464544867,285.8,75
1719464544867,285.8,75
1719464546554,284.05,25
1719464546903,284.2,50
1719464546903,284.2,50
1719464548291,284.5,25
1719464548291,284.5,25
1719464549062,284.1,125
1719464550253,284.0,100
1719464550551,283.5,100
1719464551090,283.95,50
1719464551965,283.6,450
1719464552408,282.9,250
1719464553189,282.8,50
1719464553797,283.25,100
1719464554377,283.2,100
1719464554539,283.4,100
1719464554539,283.4,100
1719464556079,285.2,25
1719464556776,284.7,25
1719464557556,284.25,25
1719464557990,284.35,25
1719464558591,284.4,75
1719464558591,284.4,75
1719464560364,284.6,25
1719464560461,284.65,25
1719464560461,284.65,25
1719464560461,284.65,25
1719464562988,284.95,25
1719464562988,284.95,25
1719464564353,284.15,25
1719464564863,283.2,125
1719464565426,283.7,225
1719464565426,283.7,225
1719464565426,283.7,225
1719464568832,282.8,25
1719464569046,282.8,25
1719464570119,282.85,25
1719464570119,282.85,25
1719464570977,283.15,100
1719464572132,283.7,25
1719464572132,283.7,25
1719464572873,282.85,125
1719464573752,284.1,25
1719464573752,284.1,25
1719464575536,282.95,25
1719464575536,282.95,25
1719464575866,283.5,125
1719464576515,282.35,75
1719464576515,282.35,75
1719464576515,282.35,75
1719464579664,283.15,25
1719464580429,282.75,50
1719464580429,282.75,50
1719464581147,282.3,25
1719464581570,283.1,50
1719464581570,283.1,50
1719464582722,282.6,175
1719464582722,282.6,175
1719464585171,283.4,25
1719464585573,282.5,50
1719464586071,282.6,50
1719464586830,283.55,25
1719464587178,283.0,200
1719464588367,282.8,25
1719464588942,281.0,25
1719464589481,281.3,25
1719464589481,281.3,25
1719464590670,279.65,25
1719464591777,277.1,25
1719464592135,276.0,175
1719464592135,276.0,175
1719464593160,277.1,25
1719464593904,275.45,25
1719464594188,276.25,25
1719464595053,276.5,25
1719464595552,277.35,25
1719464596034,276.95,25
1719464597059,276.75,75
1719464597945,276.95,50
1719464598984,276.15,25
1719464598984,276.15,25
1719464600358,274.85,100
1719464600542,274.3,75
1719464601774,270.15,100
1719464602245,270.1,25
1719464602685,269.6,100
1719464603438,270.0,25
1719464603892,270.0,100
1719464604695,270.0,25
1719464605347,269.0,25
1719464605474,268.95,50
1719464606303,269.7,25
1719464607352,265.0,25
1719464607418,263.0,25
1719464608411,264.0,25
1719464608880,264.3,25
1719464609099,262.9,75
1719464610574,261.2,25
1719464611671,257.0,1000
1719464611883,255.0,150
1719464611900,254.35,25
1719464611900,254.35,25
1719464612355,252.8,25
1719464612933,245.55,25
1719464613308,238.85,375
1719464613722,235.85,25
1719464613722,235.85,25
1719464613722,235.85,25
1719464613722,235.85,25
1719464614506,240.0,250
1719464616834,248.15,25
1719464616834,248.15,25
1719464618322,250.4,100
1719464622183,252.95,75
1719464622183,252.95,75
1719464623294,255.7,250
1719464623954,255.35,25
1719464623954,255.35,25
1719464625284,258.3,150
1719464625284,258.3,150
1719464626385,258.35,25
1719464627364,257.3,75
1719464627748,257.25,150
1719464628988,260.75,25
1719464629401,261.35,25
1719464630437,262.4,25
1719464630470,261.8,125
1719464631420,261.95,25
1719464632000,262.15,300
1719464633262,261.25,200
1719464633825,258.25,25
1719464634353,258.2,50
1719464635417,256.05,25
1719464635437,255.7,25
1719464636403,252.05,25
1719464637436,251.2,25
1719464638364,253.9,25
1719464638994,253.45,25
1719464639597,255.0,25
1719464640603,253.9,25
1719464641399,253.2,75
1719464642189,253.45,25
1719464642189,253.45,25
