time,price,volume
1719461503702,1.05,25
1719461504512,1.05,25
1719461504644,1.05,25
1719461505511,1.05,25
1719461505872,1.05,25
1719461506502,1.05,25
1719461507110,1.05,25
1719461507463,1.05,25
1719461507463,1.05,25
1719461508465,1.05,300
1719461508723,1.05,25
1719461509548,1.05,25
1719461509706,1.05,25
1719461510535,1.05,25
1719461510703,1.05,25
1719461511537,1.05,25
1719461511712,1.0,25
1719461512520,1.05,25
1719461512912,1.05,25
1719461513545,1.0,25
1719461514101,1.0,100
1719461514331,1.05,25
1719461514551,1.05,100
1719461515532,1.0,25
1719461515733,1.05,25
1719461516634,1.05,25
1719461516634,1.05,25
1719461517545,1.0,25
1719461517921,1.0,25
1719461518538,1.0,25
1719461519054,1.0,50
1719461519318,1.0,25
1719461519746,1.0,25
1719461520490,1.0,25
1719461521538,1.0,25
1719461522525,1.0,25
1719461522676,1.0,25
1719461523538,1.0,25
1719461523901,1.0,1225
1719461524540,1.05,25
1719461525131,1.0,25
1719461525339,1.05,25
1719461525747,1.05,25
1719461526517,1.05,25
1719461526554,1.05,25
1719461527546,1.05,25
1719461527721,1.05,25
1719461528490,1.05,25
1719461528746,1.05,25
1719461529538,1.05,25
1719461529720,1.05,25
1719461530493,1.05,25
1719461530943,1.0,25
1719461531755,1.05,25
1719461531894,1.0,950
1719461532559,1.05,25
1719461532876,1.05,25
1719461533533,1.05,25
1719461533784,1.05,25
1719461534443,1.05,25
1719461534708,1.05,25
1719461535512,1.05,25
1719461535910,1.05,25
1719461536549,1.05,25
1719461536791,1.05,25
1719461537425,1.05,25
1719461537888,1.05,100
1719461538312,1.05,25
1719461538509,1.05,25
1719461539515,1.05,200
1719461540511,1.05,25
1719461541562,1.05,25
1719461541725,1.05,25
1719461542529,1.0,250
1719461542686,1.05,25
1719461543518,1.05,25
1719461543961,1.05,100
1719461544560,1.1,25
1719461544947,1.1,25
1719461545339,1.1,25
1719461545536,1.1,25
1719461546570,1.1,275
1719461546737,1.1,25
1719461547578,1.1,25
1719461547713,1.1,25
1719461548532,1.1,25
1719461548781,1.05,25
1719461549465,1.1,25
1719461549696,1.1,25
1719461550520,1.1,25
1719461550715,1.1,25
1719461551516,1.1,25
1719461551923,1.1,25
1719461552494,1.1,25
1719461552922,1.1,25
1719461553525,1.1,25
1719461554208,1.1,25
1719461554377,1.1,25
1719461554580,1.1,25
1719461555525,1.1,25
1719461556532,1.1,25
1719461557502,1.1,25
1719461558561,1.1,25
1719461558764,1.1,25
1719461559539,1.05,300
1719461559790,1.05,650
1719461560559,1.05,50
1719461560803,1.05,900
1719461561576,1.1,25
1719461561970,1.05,25
1719461562568,1.05,25
1719461562956,1.0,50
1719461563563,1.05,25
1719461563986,1.0,50
1719461564584,1.05,25
1719461565200,1.1,25
1719461565550,1.05,50
1719461565598,1.05,50
1719461566555,1.05,50
1719461566784,1.1,25
1719461567561,1.05,25
1719461567820,1.1,25
1719461568588,1.05,50
1719461568787,1.05,50
1719461569553,1.05,50
1719461570001,1.1,25
1719461570377,1.05,50
1719461570581,1.05,50
1719461571393,1.1,25
1719461571754,1.05,50
1719461572570,1.1,25
1719461572777,1.1,25
1719461573589,1.1,375
1719461573815,1.1,25
1719461574587,1.1,75
1719461574779,1.05,25
1719461575521,1.05,50
1719461575791,1.05,50
1719461576565,1.05,50
1719461576819,1.05,50
1719461577597,1.1,25
1719461578206,1.05,50
1719461578405,1.05,50
1719461578547,1.05,50
1719461579419,1.1,25
1719461579566,1.05,50
1719461580044,1.1,25
1719461580621,1.05,50
1719461581622,1.05,25
1719461582571,1.05,25
1719461582802,1.05,400
1719461583593,1.1,25
1719461584020,1.05,1750
1719461584594,1.1,25
1719461585209,1.05,50
1719461585394,1.05,50
1719461585596,1.1,25
1719461586617,1.05,50
1719461587539,1.1,25
1719461587787,1.05,50
1719461588771,1.05,50
1719461589010,1.05,50
1719461589574,1.1,150
1719461590015,1.1,25
1719461590567,1.05,50
1719461591033,1.1,25
1719461591573,1.05,50
1719461591924,1.05,50
1719461592583,1.1,25
1719461593020,1.1,25
1719461593421,1.1,25
1719461593575,1.05,25
1719461594644,1.05,50
1719461595583,1.05,50
1719461596017,1.05,50
1719461596579,1.1,25
1719461597043,1.05,50
1719461597574,1.05,25
1719461597797,1.05,50
1719461598648,1.1,25
1719461599574,1.05,50
1719461599854,1.05,50
1719461600532,1.1,25
1719461600842,1.05,50
1719461601608,1.1,25
1719461601855,1.05,50
1719461602589,1.1,25
1719461602865,1.05,50
1719461603551,1.05,50
1719461603848,1.1,25
1719461604669,1.1,50
1719461605869,1.1,25
1719461606596,1.05,50
1719461606834,1.05,50
1719461607564,1.05,50
1719461608029,1.05,50
1719461608550,1.1,25
1719461609049,1.1,25
1719461609585,1.05,50
1719461609635,1.05,50
1719461610571,1.05,50
1719461610880,1.05,25
1719461611589,1.05,50
1719461611880,1.1,25
1719461612560,1.1,25
1719461612838,1.05,50
1719461613583,1.05,50
1719461613858,1.1,25
1719461614598,1.1,25
1719461615086,1.1,25
1719461615454,1.1,25
1719461615502,1.1,25
1719461616429,1.1,25
1719461616536,1.1,25
1719461617565,1.1,25
1719461617661,1.1,1450
1719461618587,1.1,25
1719461618847,1.1,25
1719461619588,1.05,175
1719461620115,1.05,50
1719461620573,1.1,25
1719461621591,1.1,25
1719461621591,1.1,25
1719461622587,1.1,25
1719461622587,1.1,25
1719461623613,1.1,25
1719461623853,1.1,25
1719461624615,1.1,25
1719461625262,1.1,25
1719461625662,1.1,25
1719461625760,1.1,25
1719461626585,1.1,25
1719461626881,1.1,25
1719461627599,1.1,25
1719461627891,1.05,825
1719461628600,1.1,25
1719461628824,1.05,175
1719461629580,1.05,25
1719461629911,1.05,25
1719461630604,1.05,25
1719461631298,1.05,25
1719461631503,1.05,25
1719461631604,1.05,25
1719461632620,1.05,25
1719461633608,1.05,25
1719461633702,1.05,25
1719461634552,1.05,25
1719461634853,1.05,25
1719461635594,1.05,25
1719461635904,1.05,25
1719461636606,1.05,25
1719461636868,1.05,25
1719461637683,1.05,500
1719461638092,1.05,25
1719461638539,1.05,25
1719461639113,1.05,25
1719461639512,1.05,25
1719461640078,1.05,25
1719461640078,1.05,25
1719461640462,1.05,25
1719461640631,1.05,50
1719461641509,1.0,25
1719461641594,1.05,25
1719461642634,1.05,25
1719461643594,1.05,25
1719461643894,1.05,25
1719461644713,1.05,25
1719461645611,1.05,25
1719461645895,1.05,500
1719461646558,1.0,925
1719461646906,1.05,25
1719461647564,1.05,25
1719461647926,1.0,200
1719461648466,1.05,25
1719461649130,1.0,1400
1719461649594,1.05,25
1719461649919,1.05,25
1719461650565,1.05,25
1719461650929,1.05,25
1719461651608,1.05,25
1719461651928,1.05,25
1719461652591,1.05,25
1719461652904,1.05,25
1719461653592,1.05,25
1719461654129,1.05,25
1719461654620,1.05,25
1719461655103,1.05,25
1719461655606,1.0,300
1719461656136,1.05,25
1719461656584,1.05,25
1719461657032,1.05,25
1719461657613,1.0,700
1719461658109,1.05,25
1719461658593,1.05,25
1719461658723,1.05,450
1719461659714,1.05,25
1719461660613,1.05,25
1719461660660,1.05,25
1719461661634,1.05,25
1719461662146,1.05,25
1719461662648,1.05,25
1719461663150,1.05,25
1719461663806,1.05,25
1719461664154,1.05,25
1719461664593,1.05,25
1719461665329,1.05,25
1719461665561,1.05,25
1719461665627,1.05,25
1719461666651,1.05,25
1719461667624,1.05,25
1719461668642,1.05,25
1719461668919,1.05,25
1719461669629,1.05,100
1719461669953,1.05,25
1719461670633,1.05,25
1719461670701,1.05,25
1719461671565,1.05,25
1719461671752,1.05,600
1719461672625,1.05,900
1719461672955,1.05,25
1719461673546,1.05,25
1719461673973,1.05,25
1719461674622,1.05,25
1719461675172,1.05,25
1719461675637,1.05,25
1719461675972,1.05,25
1719461676623,1.05,25
1719461677370,1.05,250
1719461677549,1.0,25
1719461677549,1.0,25
1719461678777,1.05,25
1719461679642,1.05,25
1719461679968,1.05,25
1719461680642,1.05,25
1719461680926,1.05,25
1719461681637,1.05,25
1719461681984,1.05,25
1719461682525,1.05,1000
1719461682950,1.0,1225
1719461683658,1.0,100
1719461683940,1.05,25
1719461684659,1.0,25
1719461684974,1.0,25
1719461685625,1.0,25
1719461686174,1.0,25
1719461686652,1.0,325
1719461687177,1.0,25
1719461687805,1.0,25
1719461688615,1.0,25
1719461688710,1.0,25
1719461689596,1.0,25
1719461689794,1.0,25
1719461690639,1.0,25
1719461691007,1.0,25
1719461691619,1.0,25
1719461692271,1.0,25
1719461692658,1.0,25
1719461693356,1.0,25
1719461693624,1.0,25
1719461694609,1.0,25
1719461694965,1.0,25
1719461695629,1.0,25
1719461695958,1.0,25
1719461696643,1.0,25
1719461696815,1.0,25
1719461697639,1.0,25
1719461698166,1.0,25
1719461698642,1.0,25
1719461699205,1.0,25
1719461699653,1.0,25
1719461700058,1.0,150
1719461700159,1.05,25
1719461700786,1.05,25
1719461700860,1.05,25
1719461701661,1.05,25
1719461701824,1.05,75
1719461702867,1.05,25
1719461703019,1.05,25
1719461703661,1.05,75
1719461704016,1.05,25
1719461704671,1.05,25
1719461705219,1.05,25
1719461705631,1.05,25
1719461706167,1.05,25
1719461706598,1.05,25
1719461707122,1.05,25
1719461707618,1.05,25
1719461708151,1.05,25
1719461708652,1.05,25
1719461709215,1.05,25
1719461709657,1.05,25
1719461710412,1.05,25
1719461710603,1.05,25
1719461710861,1.05,25
1719461711610,1.05,25
1719461712653,1.05,25
1719461713016,1.05,25
1719461713635,1.05,50
1719461714034,1.05,25
1719461714669,1.05,25
1719461714976,1.05,25
1719461715647,1.0,75
1719461716158,1.05,25
1719461716671,1.05,25
1719461717028,1.05,25
1719461717650,1.05,50
1719461718018,1.05,25
1719461718666,1.05,25
1719461718984,1.05,25
1719461719649,1.05,900
1719461720213,1.0,175
1719461720667,1.05,25
1719461721237,1.05,25
1719461721668,1.05,25
1719461722440,1.05,25
1719461722668,1.0,1775
1719461723633,1.05,25
1719461723778,1.0,25
1719461724671,1.0,25
1719461724792,1.0,25
1719461725657,1.0,25
1719461725834,1.0,25
1719461726648,1.0,25
1719461727020,1.0,25
1719461728029,1.0,25
1719461728621,1.0,25
1719461729241,1.0,375
1719461729637,1.0,25
1719461730033,1.0,25
1719461730239,1.0,25
1719461730681,1.0,25
1719461731223,1.0,25
1719461731621,1.0,25
1719461732455,0.95,25
1719461732520,1.0,25
1719461732660,1.0,25
1719461733859,0.95,500
1719461734660,1.0,225
1719461735070,1.0,25
1719461735666,1.0,25
1719461735908,1.0,25
1719461736581,1.0,25
1719461737027,1.0,25
1719461737876,1.0,25
1719461738202,1.0,25
1719461738592,1.0,25
1719461739266,1.0,50
1719461739640,1.0,25
1719461739792,1.0,25
1719461740598,1.0,25
1719461740848,1.0,50
1719461741566,1.0,25
1719461741822,1.0,25
1719461742660,1.0,25
1719461742793,1.0,25
1719461743671,1.0,25
1719461744067,1.0,25
1719461744832,1.0,25
1719461745029,1.0,25
1719461745625,1.0,25
1719461746038,1.0,25
1719461746496,1.0,25
1719461747274,1.0,25
1719461747662,1.0,25
1719461748274,0.95,25
1719461748839,1.0,25
1719461749458,0.95,25
1719461749692,0.95,25
1719461750631,1.0,25
1719461750863,0.95,700
1719461751632,1.0,25
1719461751866,1.0,25
1719461752667,1.0,25
1719461753083,1.0,25
1719461753643,0.95,50
1719461754100,0.95,225
1719461754840,1.0,25
1719461755071,1.0,25
1719461755668,1.0,50
1719461756222,1.0,25
1719461756691,0.95,25
1719461757632,1.0,25
1719461757881,1.0,25
1719461758633,1.0,25
1719461759088,1.0,25
1719461759868,0.95,900
1719461760100,1.0,25
1719461760681,1.0,25
1719461761250,1.0,25
1719461761696,1.0,1675
1719461762293,1.0,25
1719461762693,1.0,500
1719461763286,1.0,25
1719461768684,1.0,25
1719461768892,1.0,25
1719461769669,1.0,25
1719461770038,1.0,25
1719461770894,1.0,25
1719461771079,1.0,25
1719461771705,1.0,25
1719461772096,1.0,25
1719461772697,0.95,50
1719461773282,1.0,25
1719461773684,1.0,25
1719461774326,1.0,25
1719461774845,1.0,25
1719461775527,1.0,25
1719461775694,1.0,25
1719461776495,1.0,25
1719461776709,1.0,25
1719461777661,1.0,25
1719461777831,1.0,25
1719461778711,1.0,125
1719461778918,1.0,500
1719461793299,1.0,25
1719461793708,1.0,25
1719461794521,1.0,25
1719461794719,1.0,25
1719461795700,1.0,25
1719461795927,1.0,25
1719461796690,1.0,25
1719461796910,1.0,25
1719461797694,1.0,25
1719461798146,0.95,225
1719461798917,1.0,25
1719461799278,1.0,25
1719461799713,1.0,125
1719461800323,1.0,25
1719461800714,1.0,25
1719461801559,1.0,25
1719461801723,1.0,25
1719461802696,1.0,25
1719461803112,1.0,25
1719461803688,1.0,25
1719461804323,1.0,25
1719461804745,1.0,25
1719461805672,1.0,25
1719461805912,0.95,200
1719461806909,1.0,25
1719461807110,1.0,25
1719461807717,1.0,25
1719461808161,1.0,25
1719461808721,1.0,25
1719461809171,1.0,25
1719461809695,1.0,25
1719461810174,1.0,25
1719461810708,1.0,25
1719461811362,1.0,775
1719461811656,1.0,25
1719461812067,1.0,25
1719461812595,1.0,75
1719461812595,1.0,75
1719461813514,1.0,25
1719461813983,0.95,500
1719461814466,1.0,500
1719461817201,0.95,50
1719461818153,1.0,25
1719461818785,1.0,25
1719461819506,1.0,25
1719461819506,1.0,25
1719461819978,0.95,325
1719461821692,1.0,100
1719461821905,1.0,400
1719461822286,1.0,700
1719461823179,0.95,100
1719461823274,1.0,25
1719461824054,0.95,25
1719461824552,1.0,50
1719461824552,1.0,50
1719461825721,1.0,25
1719461826154,1.0,500
1719461826735,1.0,25
1719461827348,1.0,25
1719461827742,0.95,75
1719461828565,1.0,25
1719461828713,1.0,25
1719461828988,0.95,200
1719461829738,1.0,25
1719461829993,0.95,100
1719461830726,1.0,25
1719461830982,0.95,200
1719461831735,1.0,25
1719461832175,1.0,25
1719461832740,1.0,25
1719461833416,1.0,25
1719461833704,1.0,25
1719461834367,1.0,25
1719461834739,1.0,25
1719461835360,1.0,25
1719461835919,1.0,25
1719461836373,1.0,25
1719461836846,1.0,25
1719461837798,1.0,25
1719461838740,1.0,25
1719461838995,1.0,25
1719461839661,1.0,100
1719461840183,1.0,25
1719461840700,1.0,25
1719461841012,1.0,25
1719461841724,1.0,25
1719461860424,1.0,25
1719461860719,1.0,25
1719461861700,1.0,25
1719461862382,1.0,25
1719461862758,1.0,150
1719461863225,1.0,25
1719461863741,1.0,25
1719461864410,0.95,1325
1719461864691,1.0,25
1719461864843,1.0,25
1719461865744,1.0,25
1719461872733,1.0,25
1719461873062,1.0,25
1719461873750,1.0,25
1719461874261,1.0,1000
1719461874765,1.0,25
1719461875263,1.0,25
1719461875972,1.0,25
1719461876175,1.0,25
1719461876768,1.0,25
1719461877455,1.0,25
1719461877634,1.0,25
1719461878407,1.0,25
1719461878700,1.0,25
1719461879419,1.0,25
1719461880053,1.0,675
1719461880753,1.0,900
1719461881053,1.0,900
1719461881743,1.0,25
1719461882260,1.0,25
1719461882701,1.0,25
1719461883400,1.0,25
1719461883776,1.0,25
1719461884393,1.0,25
1719461884740,1.0,25
1719461885460,0.95,250
1719461885916,0.95,825
1719461886341,1.0,25
1719461886707,1.0,25
1719461886792,1.0,25
1719461887762,1.0,25
1719461888244,1.05,25
1719461888742,1.05,25
1719461889221,1.05,25
1719461889762,1.05,25
1719461890465,1.05,250
1719461890849,1.05,25
1719461891732,1.05,25
1719461892096,1.05,25
1719461892771,1.05,25
1719461893075,1.05,25
1719461893773,1.05,25
1719461894050,1.05,25
1719461894954,1.05,25
1719461895251,1.05,25
1719461895734,1.0,300
1719461896247,1.0,25
1719461896764,1.0,25
1719461897292,1.0,25
1719461897739,1.0,25
1719461898256,1.0,25
1719461898756,1.0,25
1719461899294,1.0,25
1719461899773,1.0,25
1719461900295,1.0,25
1719461900719,1.0,25
1719461901481,1.05,25
1719461901774,1.05,25
1719461901883,1.0,25
1719461902776,1.05,25
1719461903057,1.05,25
1719461903981,1.05,25
1719461904371,1.05,25
1719461904762,1.05,25
1719461905241,1.05,25
1719461905783,1.05,25
1719461906244,1.05,25
1719461906682,1.05,25
1719461907439,1.0,25
1719461907724,1.05,25
1719461908090,1.05,25
1719461908763,1.05,25
1719461909254,1.05,25
1719461909725,1.05,25
1719461910271,1.05,25
1719461910756,1.05,25
1719461911500,1.05,125
1719461911771,1.05,25
1719461912800,1.05,25
1719461912849,1.05,25
1719461913971,1.05,25
1719461914088,1.05,25
1719461914776,1.05,25
1719461915100,1.05,25
1719461915732,1.05,25
1719461916105,1.05,25
1719461916754,1.05,25
1719461917114,1.05,25
1719461917787,1.05,25
1719461918290,1.05,25
1719461918784,1.05,25
1719461919497,1.05,1100
1719461919792,1.05,25
1719461920503,1.0,650
1719461920771,1.05,25
1719461921520,1.05,25
1719461921808,1.05,25
1719461922518,1.05,25
1719461922793,1.05,25
1719461922951,1.0,100
1719461923749,1.05,25
1719461924123,1.05,100
1719461924782,1.05,25
1719461925294,1.05,100
1719461925795,1.05,25
1719461926506,1.05,25
1719461926791,1.05,25
1719461927463,1.05,25
1719461927800,1.05,25
1719461928813,1.05,25
1719461928942,1.05,25
1719461929810,1.05,25
1719461930148,1.05,25
1719461930785,1.05,25
1719461931116,1.05,25
1719461931744,1.05,25
1719461932071,1.05,25
1719461932758,1.05,25
1719461933339,1.05,50
1719461933793,1.05,25
1719461934482,1.05,50
1719461934776,1.05,25
1719461935303,1.05,25
1719461935734,1.05,25
1719461936737,1.05,25
1719461936939,1.05,25
1719461937001,1.05,25
1719461937793,1.05,25
1719461938157,1.05,25
1719461938699,1.05,25
1719461939331,1.05,25
1719461939824,1.05,25
1719461940036,1.05,25
1719461940318,1.05,25
1719461941006,1.05,25
1719461941544,1.0,125
1719461941804,1.05,25
1719461942367,1.0,950
1719461942791,1.0,25
1719461943354,1.05,25
1719461943794,1.05,25
1719461944492,1.05,25
1719461944802,1.05,25
1719461945165,1.05,25
1719461945810,1.05,25
1719461945970,1.0,25
1719461946815,1.05,25
1719461947156,1.05,25
1719461947789,1.05,25
1719461948154,1.0,900
1719461948787,1.05,25
1719461949154,1.05,25
1719461949807,1.05,25
1719461950114,1.05,25
1719461950723,1.05,25
1719461951142,1.05,25
1719461951761,1.05,25
1719461952374,1.05,25
1719461952744,1.05,25
1719461953309,1.05,25
1719461953800,1.05,200
1719461954559,1.0,25
1719461954811,1.0,25
1719461954965,1.0,25
1719461955754,1.05,25
1719461956180,1.0,25
1719461956805,1.0,25
1719461957168,1.0,25
1719461957776,1.0,25
1719461958183,1.0,25
1719461959017,1.0,25
1719461959160,1.0,25
1719461959741,1.0,25
1719461960317,1.0,25
1719461960729,1.0,25
1719461961336,1.0,25
1719461961796,1.0,25
1719461962600,1.0,25
1719461963028,0.95,200
1719461963601,1.0,25
1719461963811,1.0,25
1719461964541,1.0,25
1719461964800,1.0,25
1719461965545,1.0,25
1719461965827,1.0,25
1719461966580,1.0,25
1719461966807,1.0,25
1719461967166,1.0,25
1719461967974,1.0,25
1719461968158,1.0,25
1719461968839,1.0,25
1719461969313,1.0,25
1719461969806,1.0,25
1719461970324,1.0,25
1719461970783,1.0,25
1719461971059,0.95,25
1719461971800,1.0,25
1719461972223,1.0,25
1719461972816,0.95,250
1719461973162,1.0,25
1719461973679,1.0,25
1719461974204,1.0,25
1719461974815,1.0,25
1719461975816,1.0,25
1719461976426,1.0,25
1719461976824,1.0,25
1719461977519,1.0,25
1719461977809,1.0,25
1719461978828,1.0,25
1719461979214,1.0,25
1719461979804,1.0,25
1719461980237,0.95,25
1719461980818,1.0,25
1719461981227,1.0,25
1719461981818,1.0,100
1719461982223,1.0,25
1719461982832,1.0,25
1719461983403,1.0,25
1719461983795,1.0,25
1719461984571,1.0,25
1719461984812,1.0,25
1719461985600,1.0,25
1719461986033,1.0,25
1719461986783,0.95,25
1719461987222,0.95,150
1719461987846,0.95,25
1719461988195,0.95,25
1719461988800,0.95,25
1719461989223,0.95,25
1719461989800,0.95,25
1719461990368,0.95,25
1719461990845,0.9,400
1719461991421,0.9,150
1719461991834,0.95,225
1719461992224,0.95,25
1719461992826,0.95,25
1719461993449,0.95,25
1719461993816,0.9,1400
1719461994630,0.95,25
1719461994831,0.9,1600
1719461995043,0.95,25
1719461995814,0.95,25
1719461996201,0.95,25
1719461996840,0.95,25
1719461997233,0.95,25
1719461997834,0.9,1100
1719461998134,0.95,25
1719461998800,0.95,25
1719461999446,0.9,25
1719461999805,0.95,25
1719462000019,0.95,25
1719462000310,0.95,25
1719462000724,0.95,25
1719462001636,0.95,25
1719462001991,0.95,75
1719462001991,0.95,75
1719462002790,0.95,25
1719462003214,0.95,25
1719462003800,0.95,25
1719462004248,0.95,25
1719462004828,0.95,25
1719462005414,0.95,25
1719462005838,0.95,25
1719462006410,0.95,25
1719462006968,0.95,25
1719462007822,0.95,25
1719462008850,0.95,125
1719462009044,0.95,25
1719462009818,0.95,25
1719462010348,0.95,25
1719462010861,0.95,25
1719462011441,0.95,25
1719462011784,0.95,25
1719462012186,0.95,25
1719462012809,0.95,25
1719462013251,0.95,25
1719462014016,0.95,25
1719462014395,0.95,25
1719462014858,0.95,300
1719462015444,0.95,25
1719462015831,0.95,25
1719462016420,0.95,25
1719462016867,0.95,25
1719462017458,0.95,550
1719462017864,0.95,25
1719462018871,0.95,25
1719462019052,0.95,25
1719462019640,0.95,25
1719462019822,0.9,175
1719462020862,0.95,25
1719462021072,0.9,200
1719462021858,0.9,25
1719462022076,0.9,75
1719462023058,0.9,875
1719462023804,0.9,325
1719462024270,0.95,25
1719462024828,0.95,25
1719462025430,0.95,25
1719462025831,0.95,25
1719462026538,0.95,25
1719462026841,0.95,25
1719462027032,0.95,25
1719462027823,0.95,25
1719462028223,0.95,1175
1719462028858,0.95,100
1719462029203,0.95,25
1719462029656,0.95,25
1719462030445,0.95,25
1719462030863,0.95,25
1719462031674,0.95,25
1719462031818,0.95,25
1719462032625,0.95,25
1719462032756,0.9,600
1719462033525,0.95,25
1719462034046,0.95,25
1719462034245,0.95,25
1719462034872,0.95,25
1719462035224,0.95,25
1719462035803,0.95,25
1719462036476,0.95,25
1719462036859,0.95,25
1719462037421,0.95,25
1719462037828,0.95,25
1719462038445,0.95,25
1719462038817,0.9,500
1719462039696,0.95,25
1719462039863,0.95,25
1719462040264,0.95,25
1719462040828,0.9,1275
1719462041276,0.9,200
1719462041841,0.95,25
1719462042252,0.95,25
1719462042846,0.95,25
1719462043487,0.95,1425
1719462044076,0.95,25
1719462044504,0.9,75
1719462044853,0.95,1175
1719462045641,0.95,1025
1719462045839,0.95,1050
1719462046080,0.95,925
1719462046819,0.95,25
1719462047079,0.95,25
1719462047766,0.95,25
1719462048252,0.95,25
1719462048804,0.95,25
1719462049486,0.95,25
1719462049838,0.95,25
1719462050695,0.95,25
1719462050861,0.95,25
1719462051902,0.95,25
1719462052112,0.9,50
1719462052874,0.95,25
1719462053279,0.95,25
1719462053880,0.95,25
1719462054308,0.95,25
1719462054882,0.95,75
1719462055315,0.95,25
1719462055886,0.95,25
1719462056491,0.95,25
1719462056850,0.95,25
1719462057730,0.9,75
1719462057866,0.9,75
1719462058900,0.95,25
1719462059111,0.95,75
1719462059878,0.95,25
1719462060316,0.95,25
1719462060793,0.95,25
1719462061319,0.95,25
1719462061831,0.95,25
1719462062682,0.95,25
1719462062876,0.95,25
1719462063730,0.95,25
1719462063885,0.95,25
1719462064722,0.95,25
1719462065050,0.95,25
1719462065723,0.95,25
1719462065758,0.95,150
1719462066655,0.95,25
1719462066867,0.95,25
1719462067119,0.95,25
1719462067871,0.95,25
1719462068323,0.95,25
1719462068723,0.95,25
1719462069420,0.95,100
1719462069867,0.95,25
1719462070730,0.9,200
1719462070824,0.95,25
1719462071675,0.95,25
1719462071882,0.95,25
1719462072132,0.95,25
1719462072772,0.95,25
1719462073073,0.95,25
1719462073774,0.95,25
1719462074519,0.95,25
1719462074856,0.95,25
1719462075364,0.95,25
1719462075871,0.95,25
1719462076441,0.95,25
1719462076801,0.95,25
1719462077348,0.95,25
1719462077869,0.95,25
1719462078585,0.9,25
1719462078866,0.95,25
1719462079375,0.95,25
1719462079811,0.95,25
1719462080747,0.95,25
1719462080747,0.95,25
1719462081320,0.95,500
1719462081713,0.9,125
1719462082322,0.95,25
1719462083041,0.95,25
1719462083555,0.95,25
1719462083869,0.95,25
1719462084525,0.95,25
1719462084871,0.95,25
1719462085265,0.95,25
1719462085870,0.95,25
1719462086552,0.95,25
1719462086852,0.95,25
1719462087725,0.95,25
1719462087814,0.95,25
1719462088900,0.9,500
1719462089749,0.95,25
1719462089893,0.95,25
1719462090691,0.95,25
1719462090902,0.95,25
1719462091366,0.95,25
1719462091863,0.95,25
1719462092345,0.95,25
1719462092825,0.95,25
1719462093560,0.95,25
1719462093889,0.95,25
1719462094539,0.95,25
1719462094884,0.95,25
1719462095568,0.95,25
1719462095887,0.95,25
1719462096557,0.95,25
1719462096871,0.95,25
1719462097155,0.95,25
1719462097704,0.95,25
1719462098272,0.95,25
1719462098814,0.95,25
1719462099355,0.9,75
1719462099910,0.95,25
1719462100573,0.95,25
1719462100878,0.95,25
1719462101786,0.95,25
1719462101897,0.9,25
1719462102753,0.95,25
1719462102857,0.95,25
1719462103067,0.95,25
1719462103876,0.95,25
1719462104379,0.9,100
1719462104901,0.95,25
1719462105338,0.95,25
1719462105858,0.95,25
1719462106265,0.95,25
1719462106910,0.95,25
1719462107571,0.95,25
1719462107910,0.95,25
1719462108775,0.95,25
1719462108881,0.95,25
1719462109715,0.95,25
1719462109878,0.95,25
1719462110779,0.95,25
1719462110910,0.95,25
1719462111782,0.95,25
1719462111874,0.95,25
1719462112608,0.95,75
1719462112914,0.95,25
1719462113788,0.95,25
1719462113918,0.95,25
1719462114718,0.95,25
1719462114939,0.95,25
1719462115782,0.95,25
1719462115923,0.95,25
1719462116381,0.95,50
1719462116885,0.95,175
1719462117597,0.95,25
1719462117902,0.95,25
1719462118774,0.95,25
1719462118774,0.95,25
1719462119775,0.95,25
1719462119867,0.95,25
1719462120612,0.95,25
1719462120873,0.95,25
1719462121605,0.95,25
1719462121892,0.95,25
1719462122908,0.95,25
1719462123187,0.9,25
1719462123914,0.95,25
1719462124380,0.95,25
1719462124906,0.9,25
1719462125410,0.95,25
1719462125916,0.95,25
1719462126613,0.95,25
1719462126855,0.95,25
1719462127807,0.95,25
1719462127904,0.95,25
1719462128202,0.95,25
1719462128880,0.95,25
1719462129259,0.95,25
1719462129923,0.95,100
1719462130235,0.95,50
1719462130883,0.9,25
1719462131672,0.95,25
1719462131866,0.95,25
1719462132831,0.95,25
1719462132873,0.95,25
1719462133155,0.95,25
1719462133928,0.95,25
1719462134176,0.95,25
1719462134919,0.95,25
1719462135408,0.95,25
1719462135830,0.95,25
1719462136267,0.95,25
1719462136837,0.95,25
1719462137410,0.9,25
1719462137876,0.95,25
1719462138412,0.95,25
1719462138916,0.95,25
1719462139612,0.95,975
1719462139912,0.95,25
1719462140870,0.95,25
1719462141816,0.95,25
1719462141816,0.95,25
1719462143009,0.95,25
1719462143204,0.95,25
1719462143918,0.95,25
1719462144206,0.95,25
1719462144929,0.9,25
1719462145375,0.95,25
1719462145861,0.95,25
1719462146628,0.9,25
1719462146897,0.95,25
1719462147626,0.95,25
1719462147879,0.95,25
1719462148836,0.95,25
1719462148921,0.95,25
1719462149646,0.95,25
1719462149879,0.95,25
1719462150779,0.9,375
1719462150912,0.95,25
1719462151200,0.95,25
1719462151876,0.95,25
1719462152441,0.9,25
1719462152894,0.95,25
1719462153443,0.95,25
1719462153936,0.95,25
1719462154515,0.95,25
1719462154923,0.95,25
1719462155372,0.95,25
1719462155909,0.95,25
1719462156877,0.95,25
1719462157766,0.95,25
1719462157918,0.95,25
1719462158455,0.95,25
1719462158870,0.95,25
1719462159428,0.95,25
1719462159914,0.9,25
1719462160385,0.9,25
1719462160875,0.95,25
1719462161592,0.9,25
1719462162128,0.95,600
1719462162679,0.95,100
1719462162926,0.95,100
1719462163861,0.95,100
1719462163943,0.95,100
1719462164248,1.0,25
1719462164888,1.0,25
1719462165411,1.0,25
1719462165846,1.0,25
1719462166353,1.0,25
1719462166736,1.0,25
1719462167631,1.0,25
1719462167932,0.95,25
1719462168567,1.0,25
1719462168945,1.0,25
1719462169852,1.0,25
1719462169932,0.95,25
1719462170919,0.95,25
1719462171043,1.0,25
1719462171264,1.0,25
1719462171942,1.0,25
1719462172888,1.0,25
1719462172940,1.0,25
1719462173868,1.0,50
1719462174680,1.0,25
1719462174951,1.0,25
1719462175936,1.0,25
1719462176084,1.0,25
1719462176209,1.0,25
1719462176910,1.0,25
1719462177405,1.0,25
1719462177929,0.95,25
1719462178665,0.95,275
1719462178920,1.0,25
1719462179692,0.95,25
1719462179952,1.0,25
1719462180701,0.95,700
1719462180910,1.0,25
1719462181877,1.0,25
1719462181956,1.0,25
1719462182945,1.0,25
1719462183956,0.95,25
1719462184711,1.0,25
1719462184920,1.0,25
1719462185707,1.0,25
1719462185914,0.95,1600
1719462186711,0.95,25
1719462186941,1.0,25
1719462187713,1.0,25
1719462187960,0.95,25
1719462188669,1.0,25
1719462188966,1.0,225
1719462189931,1.0,25
1719462190870,0.95,50
1719462190960,1.0,25
1719462191893,1.0,125
1719462191966,1.0,25
1719462192969,1.0,25
1719462193711,0.95,750
1719462193874,1.0,25
1719462194915,1.0,25
1719462194935,0.95,750
1719462195314,1.0,25
1719462195961,1.0,25
1719462196477,1.0,25
1719462196969,1.0,25
1719462197703,1.0,25
1719462197960,1.0,25
1719462198655,0.95,775
1719462198893,1.0,25
1719462199721,1.0,25
1719462199960,1.0,25
1719462200952,1.0,25
1719462201265,1.0,25
1719462201265,1.0,25
1719462201265,1.0,25
1719462202816,0.95,325
1719462203543,0.95,75
1719462203952,0.95,50
1719462204567,1.0,625
1719462204946,0.95,75
1719462204946,0.95,75
1719462206069,0.95,200
1719462206069,0.95,200
1719462206069,0.95,200
1719462208160,0.95,150
1719462208160,0.95,150
1719462208999,0.95,50
1719462209372,0.95,75
1719462209372,0.95,75
1719462209372,0.95,75
1719462211058,0.9,1000
1719462211671,0.95,350
1719462211671,0.95,350
1719462212406,0.95,100
1719462212949,0.9,300
1719462213432,0.95,100
1719462214639,0.95,100
1719462215746,0.95,1175
1719462215854,0.95,225
1719462216918,1.0,700
1719462216918,1.0,700
1719462217765,0.95,25
1719462218483,1.0,25
1719462218652,1.0,200
1719462219483,1.0,25
1719462219838,1.0,50
1719462220721,0.95,250
1719462221696,1.0,200
1719462222473,0.95,100
1719462223247,1.0,25
1719462223247,1.0,25
1719462223247,1.0,25
1719462225955,1.0,250
1719462226784,0.95,25
1719462227528,1.0,475
1719462227528,1.0,475
1719462228407,1.0,250
1719462228807,1.0,25
1719462229997,1.0,50
1719462230365,1.0,400
1719462230365,1.0,400
1719462231685,1.0,25
1719462231804,0.95,50
1719462232666,1.0,25
1719462232820,1.0,25
1719462233545,1.0,25
1719462234183,1.0,25
1719462234772,1.0,75
1719462234974,1.0,75
1719462235490,0.95,275
1719462235490,0.95,275
1719462236293,0.95,1000
1719462237346,1.0,100
1719462237755,0.95,475
1719462238537,0.95,25
1719462238926,1.0,25
1719462239771,1.0,600
1719462240001,1.0,100
1719462240753,1.0,900
1719462240953,1.0,900
1719462241511,1.0,125
1719462241511,1.0,125
1719462242396,1.0,150
1719462242396,1.0,150
1719462244039,0.95,800
1719462244575,0.95,500
1719462244575,0.95,500
1719462245655,0.95,75
1719462246839,0.95,100
1719462247691,0.95,25
1719462247691,0.95,25
1719462248952,0.95,550
1719462249393,0.9,500
1719462250019,0.9,350
1719462251588,0.9,1250
1719462251912,0.95,850
1719462252700,0.9,50
1719462253010,0.95,100
1719462253706,0.9,250
1719462253706,0.9,250
1719462254801,0.95,25
1719462254889,0.9,200
1719462255923,0.9,1200
1719462256173,0.95,50
1719462256173,0.95,50
1719462256667,0.9,200
1719462257468,0.9,1000
1719462257468,0.9,1000
1719462258248,0.9,250
1719462258938,0.9,400
1719462258938,0.9,400
1719462260104,0.9,850
1719462260478,0.9,100
1719462260715,0.9,225
1719462261910,0.95,50
1719462261910,0.95,50
1719462262938,0.95,25
1719462263971,0.95,25
1719462264851,0.95,125
1719462265898,0.95,500
1719462266339,0.95,75
1719462266775,0.95,75
1719462267600,0.95,75
1719462267967,0.95,25
1719462268723,0.95,75
1719462268723,0.95,75
1719462269624,0.95,25
1719462269895,0.95,75
1719462270779,0.9,200
1719462270957,0.95,25
1719462272039,0.95,50
1719462272307,0.9,25
1719462272307,0.9,25
1719462273611,0.95,25
1719462273818,0.9,700
1719462273818,0.9,700
1719462275378,0.9,150
1719462275530,0.9,125
1719462275530,0.9,125
1719462276513,0.9,25
1719462276908,0.9,25
1719462277514,0.9,25
1719462277972,0.9,25
1719462278170,0.9,50
1719462280045,0.9,25
1719462280741,0.95,200
1719462281179,0.9,100
1719462281343,0.95,50
1719462281623,0.9,1000
1719462282108,0.95,25
1719462282108,0.95,25
1719462282108,0.95,25
1719462284335,0.95,750
1719462284789,0.95,225
1719462285008,0.9,50
1719462285111,0.95,475
1719462285111,0.95,475
1719462285111,0.95,475
1719462287503,0.95,475
1719462287503,0.95,475
1719462287998,0.95,475
1719462288834,0.9,100
1719462289001,0.95,650
1719462289991,0.9,625
1719462289991,0.9,625
1719462290725,0.9,25
1719462290725,0.9,25
1719462292227,0.9,100
1719462292997,0.95,75
1719462293195,0.95,25
1719462293860,0.9,625
1719462294866,0.95,125
1719462295019,0.95,50
1719462295853,0.95,350
1719462296155,0.95,25
1719462297050,0.95,100
1719462297821,0.9,25
1719462297821,0.9,25
1719462298617,0.95,1150
1719462298617,0.95,1150
1719462327997,0.95,50
1719462327997,0.95,50
1719462328997,0.9,600
1719462329124,0.95,1225
1719462329624,0.9,25
1719462331620,0.95,475
1719462331665,0.95,250
1719462331665,0.95,250
1719462332838,0.9,75
1719462332937,0.9,25
1719462333983,0.95,150
1719462335029,0.9,1000
1719462335029,0.9,1000
1719462335879,0.9,25
1719462335879,0.9,25
1719462336976,0.9,25
1719462337132,0.95,150
1719462337132,0.95,150
1719462337943,0.9,50
1719462339110,0.95,175
1719462340013,0.95,100
1719462341044,0.9,250
1719462341044,0.9,250
1719462341487,0.9,950
1719462341633,0.9,125
1719462342236,0.9,300
1719462348511,0.9,700
1719462348511,0.9,700
1719462349555,0.9,900
1719462349555,0.9,900
1719462351039,0.9,400
1719462352058,0.9,225
1719462352294,0.9,100
1719462352388,0.9,300
1719462352852,0.9,25
1719462353223,0.95,25
1719462354819,0.9,25
1719462354819,0.9,25
1719462356159,0.95,625
1719462356533,0.95,500
1719462357076,0.95,100
1719462357091,0.95,100
1719462357091,0.95,100
1719462358606,0.95,25
1719462358838,0.9,25
1719462359881,0.9,25
1719462361202,0.9,25
1719462361515,0.95,125
1719462361737,0.9,175
1719462362549,0.9,475
1719462362629,0.9,25
1719462363407,0.9,25
1719462363639,0.9,50
1719462364732,0.9,1225
1719462365045,0.9,1225
1719462366008,0.95,200
1719462367048,0.9,50
1719462367093,0.95,50
1719462367754,0.95,25
1719462368982,0.9,350
1719462369084,0.95,25
1719462369963,0.9,75
1719462369963,0.9,75
1719462370987,0.9,75
1719462370987,0.9,75
1719462370987,0.9,75
1719462371967,0.9,600
1719462371967,0.9,600
1719462372769,0.9,375
1719462405939,0.85,1625
1719462407015,0.85,50
1719462407015,0.85,50
1719462408091,0.9,25
1719462408168,0.9,150
1719462409102,0.9,25
1719462409464,0.9,25
1719462410019,0.85,275
1719462410437,0.9,25
1719462411093,0.9,25
1719462411444,0.9,25
1719462411508,0.9,25
1719462412091,0.9,200
1719462412613,0.9,75
1719462413091,0.85,25
1719462413761,0.9,925
1719462414206,0.85,25
1719462415106,0.9,25
1719462416052,0.85,1300
1719462416052,0.85,1300
1719462417114,0.9,25
1719462417175,0.9,25
1719462418304,0.9,25
1719462419113,0.9,25
1719462419265,0.9,25
1719462420067,0.9,150
1719462420615,0.9,25
1719462421147,0.85,25
1719462421828,0.85,25
1719462421893,0.85,25
1719462423001,0.9,100
1719462423257,0.9,25
1719462423873,0.9,150
1719462424926,0.9,250
1719462425327,0.85,125
1719462426189,0.85,75
1719462426471,0.9,50
1719462427098,0.9,50
1719462427237,0.85,25
1719462428059,0.85,75
1719462428594,0.85,50
1719462428594,0.85,50
1719462429459,0.85,25
1719462430888,0.85,500
1719462431221,0.85,25
1719462432081,0.85,75
1719462432429,0.85,75
1719462432793,0.85,25
1719462433431,0.9,50
1719462433885,0.85,50
1719462434109,0.85,25
1719462434907,0.85,200
1719462435105,0.85,300
1719462435822,0.85,25
1719462436881,0.9,300
1719462438089,0.85,25
1719462438089,0.85,25
1719462439073,0.9,50
1719462439999,0.9,1550
1719462439999,0.9,1550
1719462440868,0.9,25
1719462440868,0.9,25
1719462441863,0.9,225
1719462441863,0.9,225
1719462443028,0.9,275
1719462443028,0.9,275
1719462444027,0.85,25
1719462444411,0.9,25
1719462444411,0.9,25
1719462445104,0.9,1225
1719462445477,0.85,25
1719462446191,0.9,50
1719462447044,0.85,375
1719462448092,0.9,400
1719462457104,0.9,300
1719462458127,0.9,200
1719462458973,0.85,25
1719462458973,0.85,25
1719462460131,0.85,200
1719462460603,0.9,525
1719462461307,0.9,150
1719462462019,0.85,25
1719462463098,0.9,200
1719462464010,0.9,25
1719462464347,0.85,25
1719462465014,0.85,25
1719462466094,0.9,500
1719462466529,0.9,225
1719462467084,0.85,25
1719462467258,0.85,200
1719462467951,0.85,500
1719462468391,0.9,75
1719462468657,0.9,175
1719462469097,0.9,50
1719462469817,0.9,100
1719462469817,0.9,100
1719462471058,0.9,225
1719462471295,0.9,25
1719462472132,0.85,50
1719462472343,0.85,300
1719462473197,0.85,150
1719462473363,0.85,300
1719462474109,0.85,50
1719462474550,0.85,1075
1719462475325,0.9,425
1719462475490,0.9,650
1719462475724,0.85,50
1719462476000,0.9,75
1719462476904,0.9,50
1719462477139,0.85,400
1719462478002,0.9,700
1719462478002,0.9,700
1719462479032,0.9,25
1719462479295,0.9,1000
1719462480144,0.85,1500
1719462481340,0.9,100
1719462482121,0.9,25
1719462482554,0.9,50
1719462482767,0.9,500
1719462483112,0.85,1425
1719462484154,0.9,100
1719462484310,0.85,25
1719462485103,0.9,25
1719462485367,0.9,1475
1719462486131,0.85,50
1719462486336,0.85,25
1719462487332,0.9,200
1719462488143,0.85,100
1719462488571,0.9,25
1719462488933,0.9,875
1719462489121,0.9,300
1719462490231,0.9,25
1719462491132,0.9,25
1719462492153,0.9,50
1719462492365,0.9,75
1719462493358,0.85,25
1719462494126,0.9,25
1719462494376,0.85,25
1719462494732,0.85,25
1719462495345,0.85,1225
1719462495780,0.9,25
1719462496361,0.85,25
1719462496818,0.9,300
1719462497134,0.9,25
1719462498157,0.85,25
1719462499157,0.85,25
1719462500391,0.85,75
1719462501156,0.9,25
1719462501261,0.85,25
1719462502158,0.85,100
1719462502533,0.85,200
1719462503086,0.85,1125
1719462503284,0.85,25
1719462504164,0.85,850
1719462504394,0.85,75
1719462505325,0.85,100
1719462506133,0.85,75
1719462506595,0.85,1000
1719462506930,0.9,100
1719462507099,0.85,950
1719462509214,0.9,25
1719462510041,0.85,150
1719462510260,0.9,25
1719462511183,0.85,25
1719462512127,0.85,600
1719462512333,0.85,50
1719462512997,0.85,50
1719462513105,0.85,25
1719462514166,0.85,25
1719462514303,0.9,575
1719462515174,0.9,25
1719462515174,0.9,25
1719462516123,0.85,125
1719462516194,0.9,25
1719462517407,0.85,25
1719462518503,0.9,100
1719462518787,0.85,25
1719462519086,0.85,25
1719462520138,0.85,25
1719462520138,0.85,25
1719462521084,0.9,125
1719462521084,0.9,125
1719462521975,0.85,75
1719462522389,0.9,700
1719462523134,0.9,200
1719462523505,0.9,25
1719462523808,0.9,200
1719462524353,0.85,250
1719462525000,0.9,25
1719462525158,0.85,25
1719462526114,0.85,100
1719462527081,0.9,25
1719462527407,0.85,50
1719462528148,0.85,25
1719462528148,0.85,25
1719462529164,0.85,25
1719462534852,0.95,200
1719462535431,0.95,50
1719462536441,0.95,175
1719462545147,1.0,100
1719462545493,0.95,50
1719462545828,0.95,50
1719462545911,0.95,600
1719462546866,0.95,300
1719462546904,0.95,100
1719462548006,1.0,25
1719462548181,0.95,25
1719462549379,1.0,25
1719462550206,0.95,275
1719462551427,0.95,50
1719462552149,0.95,50
1719462552149,0.95,50
1719462560351,0.95,150
1719462561194,0.95,200
1719462561266,0.95,50
1719462562187,1.0,750
1719462563160,0.95,50
1719462563470,0.95,500
1719462564182,0.95,50
1719462564654,0.95,50
1719462564774,0.95,50
1719462565393,0.95,50
1719462566110,0.95,50
1719462566248,0.95,50
1719462567183,1.0,200
1719462567235,1.0,200
1719462568143,0.95,50
1719462575232,0.95,50
1719462576160,0.95,50
1719462576241,0.95,100
1719462577407,0.95,100
1719462603518,0.9,25
1719462604216,0.95,50
1719462604452,0.95,150
1719462605325,0.9,1425
1719462605422,0.9,50
1719462606163,0.9,50
1719462606411,0.9,50
1719462607142,0.9,50
1719462607708,0.9,50
1719462607917,0.9,50
1719462608404,0.9,50
1719462608945,0.95,500
1719462609208,0.95,25
1719462610057,0.9,50
1719462610197,0.9,50
1719462611097,0.9,50
1719462611367,0.9,50
1719462612160,0.9,50
1719462612327,0.95,600
1719462613134,0.9,50
1719462613294,0.9,50
1719462614084,0.9,50
1719462614267,0.95,25
1719462615236,0.9,100
1719462615454,0.95,25
1719462616143,0.9,250
1719462616541,0.9,50
1719462617400,0.9,50
1719462617524,0.9,50
1719462618170,0.95,25
1719462618711,0.95,25
1719462619233,0.9,50
1719462619351,0.9,50
1719462620230,0.9,50
1719462621236,0.9,50
1719462621236,0.9,50
1719462622142,0.9,50
1719462622316,0.9,50
1719462623222,0.9,25
1719462623296,0.9,50
1719462624173,0.95,575
1719462624367,0.9,250
1719462625390,0.9,75
1719462625438,0.95,25
1719462625986,0.95,25
1719462626193,0.95,200
1719462626875,0.9,850
1719462628121,0.95,25
1719462658440,0.95,250
1719462659230,0.9,50
1719462659614,0.95,25
1719462660224,0.95,25
1719462660526,0.9,50
1719462661382,0.9,50
1719462661614,0.9,50
1719462662186,0.9,50
1719462662419,0.9,50
1719462663458,0.9,50
1719462664256,0.9,450
1719462664623,0.95,25
1719462665436,0.95,1150
1719462665567,0.9,50
1719462666255,0.9,100
1719462666812,0.9,50
1719462667227,0.95,100
1719462668219,0.9,750
1719462668378,0.9,50
1719462669226,0.95,25
1719462669422,0.9,50
1719462670207,0.9,50
1719462670580,0.9,50
1719462671238,0.9,50
1719462671538,0.9,50
1719462672227,0.9,50
1719462672814,0.95,1500
1719462673004,0.95,25
1719462673508,0.9,50
1719462674154,0.9,50
1719462675239,0.95,575
1719462676196,0.9,50
1719462676440,0.95,50
1719462677470,0.9,50
1719462678231,0.9,50
1719462678606,0.9,50
1719462679230,0.95,25
1719462679782,0.9,50
1719462680028,0.9,50
1719462680460,0.9,50
1719462681258,0.9,1800
1719462681427,0.95,750
1719462682452,0.95,175
1719462683272,0.95,25
1719462684472,0.95,25
1719462684679,0.95,25
1719462685196,0.9,50
1719462685653,0.9,25
1719462686233,0.9,25
1719462686437,0.9,50
1719462687280,0.9,50
1719462689226,0.9,50
1719462689829,0.9,50
1719462690245,0.95,75
1719462691452,0.95,200
1719462692224,0.95,25
1719462692420,0.9,50
1719462693255,0.9,50
1719462693443,0.9,50
1719462694191,0.9,50
1719462694416,0.9,50
1719462695195,0.9,50
1719462695468,0.9,175
1719462696259,0.95,25
1719462696463,0.95,600
1719462697455,0.95,1175
1719462702876,0.9,50
1719462702970,0.9,50
1719462703277,0.9,50
1719462704283,0.95,50
1719462705265,0.95,25
1719462705439,0.9,50
1719462735450,0.9,50
1719462736051,0.9,50
1719462736245,0.95,25
1719462737252,0.9,50
1719462738257,0.9,50
1719462738478,0.9,50
1719462739254,0.9,50
1719462739543,0.9,50
1719462740232,0.9,50
1719462740663,0.9,50
1719462741502,0.95,25
1719462741720,0.9,50
1719462742274,0.9,50
1719462742893,0.9,50
1719462745241,0.9,75
1719462745443,0.9,50
1719462746294,0.9,50
1719462746294,0.9,50
1719462747253,0.9,50
1719462747713,0.9,50
1719462748518,0.9,50
1719462749291,0.9,50
1719462749531,0.9,50
1719462750298,0.9,50
1719462750687,0.9,50
1719462751277,0.9,50
1719462751672,0.9,50
1719462752135,0.9,50
1719462752384,0.9,25
1719462753335,0.9,50
1719462754252,0.9,25
1719462754547,0.9,50
1719462755274,0.9,50
1719462755696,0.9,25
1719462756488,0.9,25
1719462756746,0.9,25
1719462757302,0.9,25
1719462757918,0.9,50
1719462758308,0.9,50
1719462758939,0.9,25
1719462759335,0.9,50
1719462759427,0.9,50
1719462760304,0.9,50
1719462760575,0.9,50
1719462767309,0.9,25
1719462767309,0.9,25
1719462768344,0.9,25
1719462769529,0.9,50
1719462770286,0.9,50
1719462770750,0.95,25
1719462771188,0.95,25
1719462771268,0.9,50
1719462772304,0.9,50
1719462772784,0.95,25
1719462773502,0.95,75
1719462773946,0.95,25
1719462774383,0.9,50
1719462775323,0.9,50
1719462775578,0.9,25
1719462776580,0.9,25
1719462777273,0.95,25
1719462777581,0.9,50
1719462778291,0.9,50
1719462778565,0.9,50
1719462779285,0.9,50
1719462779727,0.9,50
1719462780502,0.9,50
1719462780774,0.9,50
1719462781237,0.9,50
1719462781913,0.9,50
1719462782290,0.9,50
1719462782946,0.95,25
1719462783513,0.95,25
1719462783962,0.95,25
1719462784388,0.95,25
1719462785262,0.9,25
1719462785556,0.95,25
1719462786525,0.95,25
1719462786525,0.95,25
1719462787300,0.95,25
1719462787683,0.95,25
1719462788327,0.95,25
1719462788990,0.95,625
1719462789212,0.95,25
1719462789509,0.95,25
1719462790311,0.95,25
1719462790595,0.95,25
1719462791326,0.9,50
1719462791945,0.95,25
1719462792327,0.9,50
1719462792738,0.95,25
1719462793509,0.95,25
1719462793957,0.9,50
1719462794317,0.95,25
1719462794397,0.95,25
1719462795349,0.9,50
1719462795554,0.9,50
1719462796331,0.9,50
1719462796580,0.9,50
1719462797512,0.9,50
1719462797800,0.9,50
1719462798319,0.9,1675
1719462798902,0.9,50
1719462799345,0.9,1225
1719462800000,0.95,25
1719462800298,0.9,1375
1719462801533,0.9,50
1719462802342,0.9,1025
1719462802580,0.9,50
1719462803259,0.9,50
1719462803723,0.9,50
1719462804291,0.9,50
1719462804759,0.9,50
1719462805506,0.9,75
1719462805916,0.9,50
1719462806323,0.9,100
1719462807333,0.95,50
1719462807396,0.9,50
1719462808517,0.9,50
1719462808517,0.9,50
1719462809264,0.9,25
1719462809602,0.9,25
1719462810316,0.9,50
1719462810635,0.9,25
1719462811530,0.95,125
1719462811828,0.9,25
1719462812334,0.9,25
1719462812988,0.9,50
1719462813194,0.9,50
1719462813305,0.9,50
1719462814227,0.9,50
1719462814500,0.95,25
1719462815317,0.9,300
1719462815645,0.9,50
1719462816538,0.9,525
1719462816601,0.9,25
1719462817345,0.9,50
1719462817588,0.9,50
1719462818325,0.9,50
1719462818821,0.9,50
1719462819264,0.9,50
1719462820042,0.9,25
1719462820254,0.9,25
1719462820518,0.9,50
1719462821312,0.9,50
1719462821420,0.9,50
1719462822360,0.9,1575
1719462822815,0.9,175
1719462823315,0.9,50
1719462823734,0.9,50
1719462824528,0.9,50
1719462824824,0.9,50
1719462825351,0.9,50
1719462826039,0.9,50
1719462826429,0.9,50
1719462826993,0.9,50
1719462827286,0.9,50
1719462827835,0.95,25
1719462828302,0.9,50
1719462829066,0.9,50
1719462829445,0.9,50
1719462829528,0.9,50
1719462830338,0.9,50
1719462830447,0.9,50
1719462831292,0.9,50
1719462831641,0.9,50
1719462832275,0.9,50
1719462832861,0.9,50
1719462833517,0.9,50
1719462833853,0.9,50
1719462834289,0.9,50
1719462835024,0.95,75
1719462835173,0.95,125
1719462835356,0.95,75
1719462836239,0.9,50
1719462836556,0.95,575
1719462837322,0.9,50
1719462837434,0.9,50
1719462838313,0.95,250
1719462838658,0.85,150
1719462839086,0.85,50
1719462839751,0.9,25
1719462839962,0.9,25
1719462839962,0.9,25
1719462840375,0.9,75
1719462841362,0.9,100
1719462841557,0.9,200
1719462842366,0.85,50
1719462842505,0.85,825
1719462843527,0.9,150
1719462843527,0.9,150
1719462844252,0.85,750
1719462845037,0.85,575
1719462845358,0.85,100
1719462845676,0.9,550
1719462846302,0.9,75
1719462847002,0.9,200
1719462847002,0.9,200
1719462847002,0.9,200
1719462848439,0.9,50
1719462849114,0.9,825
1719462850578,0.9,775
1719462850636,0.9,850
1719462851333,0.85,50
1719462851586,0.9,500
1719462852238,0.9,25
1719462852657,0.85,700
1719462853316,0.85,50
1719462853564,0.9,1525
1719462854297,0.9,25
1719462854678,0.9,300
1719462855269,0.9,450
1719462855659,0.9,500
1719462856290,0.9,25
1719462857033,0.9,450
1719462857033,0.9,450
1719462857510,0.85,300
1719462858306,0.9,25
1719462858487,0.9,25
1719462859055,0.9,50
1719462859477,0.9,700
1719462859477,0.9,700
1719462860685,0.9,25
1719462861242,0.9,25
1719462861861,0.85,250
1719462862118,0.9,400
1719462862747,0.9,500
1719462863333,0.85,1075
1719462864076,0.9,25
1719462864076,0.9,25
1719462865546,0.85,25
1719462866245,0.85,100
1719462866245,0.85,100
1719462866790,0.9,25
1719462867627,0.9,250
1719462868242,0.85,25
1719462868242,0.85,25
1719462869386,0.9,100
1719462869837,0.9,25
1719462870349,0.9,25
1719462870858,0.9,25
1719462871374,0.9,25
1719462871970,0.9,25
1719462872272,0.9,100
1719462872569,0.85,50
1719462873379,0.9,25
1719462874373,0.9,175
1719462875263,0.85,150
1719462875445,0.85,150
1719462876667,0.85,50
1719462877286,0.85,25
1719462877866,0.9,875
1719462878029,0.9,25
1719462878324,0.9,25
1719462879252,0.85,1425
1719462879417,0.85,25
1719462880139,0.85,700
1719462880700,0.9,25
1719462881367,0.9,25
1719462881919,0.85,50
1719462882547,0.9,25
1719462882869,0.85,25
1719462883395,0.9,25
1719462883431,0.9,250
1719462884299,0.9,75
1719462884620,0.9,100
1719462885335,0.9,25
1719462885335,0.9,25
1719462886262,0.9,25
1719462886735,0.9,25
1719462887341,0.9,50
1719462887629,0.9,250
1719462887951,0.85,775
1719462888494,0.9,25
1719462888786,0.9,400
1719462889555,0.9,125
1719462890560,0.9,25
1719462890902,0.85,375
1719462891386,0.9,200
1719462891697,0.9,25
1719462892243,0.85,25
1719462893267,0.85,125
1719462893429,0.9,25
1719462894187,0.85,75
1719462894630,0.85,1000
1719462894960,0.85,25
1719462895500,0.9,25
1719462895997,0.85,100
1719462897057,0.85,125
1719462897536,0.9,25
1719462897865,0.9,225
1719462898315,0.85,25
1719462899123,0.9,200
1719462899402,0.85,50
1719462899803,0.85,150
1719462900428,0.85,1450
1719462900951,0.85,50
1719462901143,0.85,250
1719462901928,0.9,500
1719462902380,0.9,400
1719462902539,0.9,75
1719462903168,0.9,50
1719462903168,0.9,50
1719462904596,0.9,125
1719462905362,0.9,25
1719462906002,0.9,200
1719462906383,0.9,25
1719462906992,0.9,25
1719462907337,0.9,500
1719462907588,0.9,25
1719462908376,0.9,25
1719462908546,0.9,25
1719462909162,0.85,600
1719462909939,0.85,25
1719462910579,0.9,25
1719462910814,0.9,500
1719462911349,0.9,400
1719462911924,0.85,25
1719462912234,0.9,500
1719462912666,0.9,25
1719462913198,0.9,25
1719462913576,0.85,125
1719462914113,0.9,500
1719462914822,0.9,500
1719462915270,0.9,25
1719462915509,0.9,125
1719462916271,0.9,25
1719462916511,0.85,1325
1719462917502,0.9,25
1719462917946,0.9,125
1719462918391,0.85,900
1719462918895,0.9,25
1719462919370,0.9,1000
1719462919944,0.85,100
1719462920314,0.9,125
1719462921101,0.9,125
1719462921357,0.9,175
1719462921357,0.9,175
1719462922269,0.9,100
1719462922534,0.85,275
1719462923464,0.9,125
1719462924284,0.9,125
1719462924481,0.9,125
1719462925260,0.85,125
1719462925260,0.85,125
1719462926416,0.9,25
1719462926989,0.9,25
1719462927355,0.85,150
1719462927805,0.9,125
1719462928419,0.9,25
1719462928966,0.85,50
1719462929299,0.85,400
1719462929721,0.9,25
1719462930250,0.9,50
1719462931000,0.9,100
1719462931230,0.85,500
1719462932028,0.9,50
1719462932559,0.9,325
1719462933402,0.9,125
1719462933507,0.9,25
1719462934334,0.9,1500
1719462934630,0.9,1500
1719462935289,0.9,125
1719462936000,0.9,75
1719462936295,0.9,100
1719462937000,0.9,325
1719462937392,0.9,875
1719462938189,0.9,1100
1719462938374,0.9,250
1719462938596,0.9,275
1719462939182,0.85,350
1719462939445,0.85,25
1719462940181,0.85,100
1719462940181,0.85,100
1719462941616,0.9,25
1719462941820,0.9,25
1719462942270,0.85,25
1719462942270,0.85,25
1719462943051,0.9,50
1719462943051,0.9,50
1719462944395,0.85,125
1719462944934,0.9,25
1719462945448,0.9,125
1719462946000,0.85,475
1719462946000,0.85,475
1719462947401,0.9,375
1719462947401,0.9,375
1719462948551,0.85,75
1719462948730,0.9,25
1719462949435,0.85,25
1719462950000,0.85,500
1719462950205,0.9,50
1719462951031,0.9,25
1719462951348,0.85,650
1719462952000,0.85,100
1719462952573,0.85,25
1719462953033,0.9,25
1719462953370,0.9,25
1719462954021,0.85,350
1719462954180,0.9,1100
1719462955000,0.9,25
1719462955250,0.9,50
1719462955993,0.9,25
1719462956369,0.9,25
1719462956962,0.9,25
1719462957261,0.85,325
1719462957261,0.85,325
1719462957924,0.9,1250
1719462957924,0.9,1250
1719462959594,0.9,25
1719462959769,0.9,25
1719462960310,0.9,25
1719462961000,0.9,25
1719462961226,0.9,500
1719462962374,0.9,525
1719462963574,0.9,25
1719462964309,0.9,1250
1719462965000,0.9,25
1719462965406,0.9,25
1719462966039,0.9,225
1719462966641,0.9,25
1719462967032,0.9,225
1719462967433,0.9,75
1719462968047,0.9,175
1719462968415,0.9,50
1719462969032,0.9,100
1719462969442,0.9,75
1719462970033,0.9,100
1719462970638,0.9,100
1719462971265,0.95,500
1719462971471,0.9,100
1719462972431,0.9,100
1719462972431,0.9,100
1719462973461,0.95,75
1719462973660,0.95,75
1719462974625,0.95,150
1719462974898,0.95,50
1719462975434,0.95,1000
1719462975789,0.95,225
1719462976351,0.95,25
1719462977042,0.9,25
1719462977415,0.95,25
1719462978048,0.95,25
1719462978294,0.95,175
1719462978294,0.95,175
1719462979349,0.95,25
1719462983459,0.95,225
1719462984078,0.9,400
1719462984452,0.95,100
1719462985055,0.95,225
1719462985417,0.95,75
1719462986069,0.95,225
1719462986454,0.95,225
1719462987252,0.95,125
1719462987453,0.95,50
1719462988064,0.95,25
1719462988398,0.95,150
1719462989052,0.95,200
1719462989089,0.95,50
1719462989972,0.95,125
1719462990646,0.95,25
1719462991006,0.95,25
1719462991174,0.95,25
1719462992072,0.95,25
1719462992193,0.95,25
1719462992940,0.95,400
1719462993166,0.95,25
1719462993949,0.9,100
1719462994132,0.95,25
1719462995097,0.95,400
1719462995365,0.95,25
1719462996552,0.95,200
1719462997393,0.9,25
1719462997547,0.9,400
1719462998250,0.9,425
1719462998787,0.95,25
1719462999469,0.95,125
1719462999980,0.9,750
1719463000671,0.95,1000
1719463001091,0.95,25
1719463001443,0.95,225
1719463017348,0.95,200
1719463017610,0.9,25
1719463018406,0.95,25
1719463019110,0.9,25
1719463019364,0.95,25
1719463019779,0.95,325
1719463020430,0.95,25
1719463020757,0.9,25
1719463020757,0.9,25
1719463021866,0.9,250
1719463022206,0.95,25
1719463023213,0.9,100
1719463023506,0.95,25
1719463024261,0.95,25
1719463025072,0.95,100
1719463025909,0.95,100
1719463026341,0.95,25
1719463027061,0.95,875
1719463027238,0.9,400
1719463028083,0.9,50
1719463028561,0.95,25
1719463029061,0.95,875
1719463029561,0.95,875
1719463030273,0.95,25
1719463030418,0.9,75
1719463031308,0.9,400
1719463031467,0.9,250
1719463031467,0.9,250
1719463032458,0.95,225
1719463032916,0.95,75
1719463033279,0.95,25
1719463033586,0.9,400
1719463034406,0.9,125
1719463034838,0.9,25
1719463035572,0.95,25
1719463036159,0.9,1400
1719463036413,0.95,100
1719463036908,0.9,50
1719463037459,0.9,75
1719463037459,0.9,75
1719463038468,0.9,1450
1719463039306,0.95,25
1719463039306,0.95,25
1719463040676,0.95,25
1719463041278,0.95,125
1719463041659,0.95,175
1719463042389,0.95,50
1719463043409,0.9,25
1719463043956,0.95,25
1719463051550,0.95,50
1719463052490,0.95,225
1719463052713,0.95,50
1719463053428,0.95,1000
1719463053428,0.95,1000
1719463054372,0.95,25
1719463054899,0.9,575
1719463054899,0.9,575
1719463055625,0.95,75
1719463056405,0.95,25
1719463056405,0.95,25
1719463057897,0.95,150
1719463057974,0.95,175
1719463058406,0.95,25
1719463058913,0.95,25
1719463059280,0.95,125
1719463059280,0.95,125
1719463060514,0.95,25
1719463060979,0.9,25
1719463061489,0.9,100
1719463062107,0.9,25
1719463062696,0.9,100
1719463063007,0.9,100
1719463063007,0.9,100
1719463063965,0.9,625
1719463064489,0.95,25
1719463065368,0.9,1200
1719463065461,0.95,25
1719463065461,0.95,25
1719463066493,0.9,200
1719463066652,0.9,100
1719463067465,0.95,25
1719463067920,0.95,25
1719463068471,0.95,25
1719463068653,0.95,25
1719463068653,0.95,25
1719463069923,0.95,25
1719463070461,0.95,25
1719463071208,0.9,575
1719463071233,0.95,300
1719463072204,0.95,1000
1719463072466,0.95,50
1719463073152,0.95,200
1719463073508,0.95,25
1719463073508,0.95,25
1719463074516,0.95,25
1719463074729,0.95,25
1719463075375,0.95,450
1719463075707,0.9,50
1719463076476,0.95,450
1719463076933,0.9,25
1719463077450,0.9,125
1719463078202,0.95,25
1719463078705,0.95,25
1719463078814,0.95,25
1719463079498,0.95,25
1719463080375,0.95,75
1719463080884,0.9,175
1719463080884,0.9,175
1719463081630,0.95,125
1719463082508,0.95,25
1719463082805,0.95,25
1719463083343,0.9,125
1719463084138,0.95,125
1719463084616,0.95,25
1719463085241,0.9,50
1719463085524,0.9,100
1719463096469,0.9,75
1719463096935,0.9,1675
1719463097590,0.95,25
1719463097590,0.95,25
1719463098666,0.95,100
1719463099042,0.9,875
1719463099422,0.9,675
1719463100027,0.9,300
1719463100369,0.9,175
1719463101058,0.9,175
1719463101361,0.95,1225
1719463102489,0.95,25
1719463102661,0.95,25
1719463103465,0.95,25
1719463103810,0.95,25
1719463104086,0.95,25
1719463104086,0.95,25
1719463105390,0.9,150
1719463106047,0.95,400
1719463106516,0.9,250
1719463107063,0.9,75
1719463107313,0.9,1550
1719463108062,0.9,50
1719463108150,0.9,1600
1719463109214,0.9,25
1719463109464,0.9,1225
1719463110244,0.95,25
1719463110295,0.95,25
1719463111202,0.95,200
1719463111202,0.95,200
1719463112189,0.95,75
1719463112189,0.95,75
1719463113180,0.95,150
1719463113529,0.95,250
1719463114189,0.95,50
1719463114551,0.95,25
1719463115451,0.95,50
1719463115451,0.95,50
1719463115800,0.95,25
1719463116044,0.9,300
1719463117056,0.95,200
1719463117344,0.9,100
1719463117974,0.9,100
1719463118345,0.9,100
1719463119221,0.9,150
1719463119463,0.9,100
1719463120000,0.95,25
1719463120528,0.9,100
1719463121265,0.9,50
1719463121730,0.95,50
1719463122282,0.9,50
1719463122502,0.95,50
1719463123266,0.9,100
1719463123424,0.95,75
1719463124290,0.9,100
1719463124460,0.9,100
1719463125268,0.9,100
1719463125526,0.95,50
1719463126269,0.9,100
1719463126446,0.95,175
1719463127470,0.9,100
1719463127470,0.9,100
1719463128006,0.95,25
1719463128006,0.95,25
1719463129270,0.9,100
1719463129354,0.9,100
1719463130234,0.95,75
1719463130234,0.95,75
1719463131318,0.95,25
1719463131318,0.95,25
1719463131892,0.95,25
1719463132528,0.95,25
1719463133024,0.95,100
1719463133532,0.95,25
1719463134189,0.95,75
1719463134189,0.95,75
1719463135191,0.95,25
1719463135443,0.9,500
1719463135443,0.9,500
1719463136393,0.95,500
1719463136393,0.95,500
1719463137205,0.95,25
1719463137905,0.95,25
1719463138174,0.95,600
1719463139069,0.95,125
1719463139069,0.95,125
1719463140038,0.9,25
1719463140386,0.95,25
1719463141055,0.95,50
1719463141541,0.95,125
1719463142114,0.95,25
1719463142484,0.95,75
1719463142709,0.9,25
1719463142709,0.9,25
1719463144188,0.9,100
1719463144479,0.9,75
1719463145312,0.9,100
1719463145741,0.9,100
1719463146018,0.9,625
1719463146018,0.9,625
1719463146555,0.9,200
1719463146555,0.9,200
1719463148439,0.9,100
1719463148439,0.9,100
1719463149529,0.9,75
1719463149916,0.9,25
1719463150547,0.9,75
1719463151111,0.9,100
1719463151550,0.9,25
1719463151550,0.9,25
1719463152482,0.9,25
1719463153091,0.9,125
1719463153561,0.95,50
1719463153799,0.9,750
1719463153799,0.9,750
1719463155405,0.95,25
1719463155405,0.95,25
1719463155820,0.95,25
1719463155820,0.95,25
1719463156975,0.95,25
1719463157466,0.95,25
1719463157807,0.95,25
1719463158361,0.9,200
1719463159002,0.95,25
1719463159443,0.95,75
1719463160206,0.95,425
1719463160206,0.95,425
1719463161298,0.9,100
1719463161549,0.9,100
1719463161710,0.95,50
1719463162467,0.95,25
1719463162987,0.95,25
1719463162987,0.95,25
1719463164542,0.9,975
1719463164542,0.9,975
1719463164638,0.9,1075
1719463165512,0.9,100
1719463165943,0.9,200
1719463166549,0.9,125
1719463166549,0.9,125
1719463167205,0.9,125
1719463167888,0.9,125
1719463168570,0.9,25
1719463169005,0.9,525
1719463169005,0.9,525
1719463170148,0.9,125
1719463170416,0.9,400
1719463170958,0.9,200
1719463171542,0.95,125
1719463171926,0.9,125
1719463172479,0.9,125
1719463173323,0.9,50
1719463173475,0.9,250
1719463173741,0.9,125
1719463174458,0.9,125
1719463175213,0.9,25
1719463175213,0.9,25
1719463175823,0.95,75
1719463175823,0.95,75
1719463177125,0.9,125
1719463177125,0.9,125
1719463178083,0.95,25
1719463178083,0.95,25
1719463179565,0.9,125
1719463180351,0.9,125
1719463181477,0.95,75
1719463181890,0.9,125
1719463182781,0.95,25
1719463182921,0.95,25
1719463183577,0.9,125
1719463183829,0.85,200
1719463184454,0.9,100
1719463184809,0.9,25
1719463185390,0.9,75
1719463186163,0.9,25
1719463186163,0.9,25
1719463187055,0.85,125
1719463187571,0.85,150
1719463188160,0.9,25
1719463188160,0.9,25
1719463188978,0.85,125
1719463188978,0.85,125
1719463189622,0.9,25
1719463190533,0.85,900
1719463191163,0.9,250
1719463191482,0.85,200
1719463192153,0.9,25
1719463192586,0.9,25
1719463193149,0.9,25
1719463193539,0.9,25
1719463194202,0.9,25
1719463194430,0.9,50
1719463195177,0.9,25
1719463195462,0.9,25
1719463196320,0.9,25
1719463196574,0.85,125
1719463196725,0.85,775
1719463197311,0.85,125
1719463198388,0.9,100
1719463198388,0.9,100
1719463199261,0.9,25
1719463199511,0.9,700
1719463200065,0.9,75
1719463200415,0.9,25
1719463200415,0.9,25
1719463201725,0.9,25
1719463202159,0.9,25
1719463202467,0.9,25
1719463203281,0.9,25
1719463203281,0.9,25
1719463204057,0.9,25
1719463204568,0.9,125
1719463204568,0.9,125
1719463205587,0.85,1500
1719463206001,0.9,50
1719463206001,0.9,50
1719463207135,0.9,175
1719463207526,0.85,1600
1719463208127,0.9,300
1719463208127,0.9,300
1719463209185,0.85,825
1719463209263,0.9,25
1719463209854,0.9,25
1719463210577,0.9,25
1719463211407,0.9,25
1719463211552,0.9,25
1719463211791,0.9,25
1719463212586,0.9,25
1719463212800,0.9,25
1719463213263,0.9,25
1719463214017,0.9,25
1719463214327,0.9,400
1719463214969,0.9,400
1719463215255,0.9,25
1719463216123,0.9,375
1719463216599,0.9,25
1719463216689,0.9,50
1719463217473,0.9,25
1719463218219,0.9,650
1719463218582,0.9,50
1719463219204,0.85,25
1719463219481,0.9,50
1719463219890,0.9,1300
1719463220374,0.9,25
1719463221439,0.85,25
1719463221439,0.85,25
1719463221806,0.85,50
1719463222306,0.9,25
1719463222306,0.9,25
1719463223284,0.9,200
1719463223934,0.85,125
1719463225173,0.85,200
1719463225173,0.85,200
1719463226237,0.85,25
1719463226554,0.9,425
1719463226918,0.9,125
1719463227447,0.9,50
1719463228315,0.9,25
1719463228315,0.9,25
1719463228869,0.85,725
1719463229673,0.85,100
1719463230360,0.9,25
1719463230585,0.9,125
1719463231452,0.85,1100
1719463231544,0.9,125
1719463232260,0.9,25
1719463232527,0.9,25
1719463233245,0.85,1325
1719463233245,0.85,1325
1719463234370,0.9,25
1719463234472,0.85,225
1719463235391,0.9,25
1719463235582,0.9,925
1719463236236,0.85,1100
1719463236522,0.85,100
1719463237538,0.9,25
1719463237851,0.9,125
1719463238301,0.85,400
1719463239116,0.85,100
1719463239620,0.9,50
1719463254216,0.9,400
1719463254583,0.9,25
1719463255221,0.9,25
1719463255606,0.9,200
1719463255852,0.9,125
1719463256278,0.9,500
1719463257057,0.85,125
1719463257462,0.85,125
1719463258262,0.85,125
1719463258470,0.85,125
1719463259263,0.85,125
1719463259462,0.85,125
1719463260462,0.85,125
1719463260604,0.9,25
1719463261459,0.85,125
1719463261545,0.85,125
1719463262286,0.85,25
1719463262593,0.9,25
1719463263495,0.85,125
1719463263617,0.85,100
1719463264683,0.85,125
1719463264890,0.85,125
1719463265607,0.85,125
1719463266092,0.85,125
1719463266562,0.9,25
1719463267070,0.85,125
1719463267584,0.85,125
1719463281521,0.9,25
1719463281618,0.85,200
1719463282709,0.9,25
1719463282842,0.9,25
1719463282931,0.9,25
1719463283627,0.9,25
1719463284108,0.9,25
1719463284620,0.9,25
1719463285130,0.9,50
1719463285625,0.9,25
1719463285956,0.85,175
1719463286496,0.85,325
1719463286960,0.85,175
1719463287508,0.85,75
1719463288095,0.9,25
1719463288546,0.9,100
1719463289597,0.9,50
1719463290280,0.9,25
1719463290592,0.85,50
1719463291525,0.85,50
1719463291546,0.9,75
1719463292642,0.85,300
1719463292772,0.85,25
1719463293641,0.9,125
1719463294148,0.85,500
1719463294854,0.85,75
1719463294911,0.85,25
1719463295520,0.85,125
1719463295735,0.85,1175
1719463296505,0.9,25
1719463297252,0.85,25
1719463297252,0.85,25
1719463298251,0.85,50
1719463298251,0.85,50
1719463299526,0.9,175
1719463299526,0.9,175
1719463300553,0.85,25
1719463300713,0.85,25
1719463301558,0.85,25
1719463301619,0.85,25
1719463304610,0.9,25
1719463305291,0.9,25
1719463305427,0.85,25
1719463305844,0.9,25
1719463306645,0.9,25
1719463308347,0.9,125
1719463308517,0.9,525
1719463309180,0.85,125
1719463309519,0.85,125
1719463310186,0.85,25
1719463310186,0.85,25
1719463311328,0.9,25
1719463311661,0.9,25
1719463312359,0.9,25
1719463312659,0.9,25
1719463313753,0.9,25
1719463313858,0.9,25
1719463314633,0.9,25
1719463315297,0.9,25
1719463315656,0.9,25
1719463316205,0.85,50
1719463316205,0.85,50
1719463317106,0.9,25
1719463317589,0.85,250
1719463318196,0.9,25
1719463318592,0.85,25
1719463318927,0.85,50
1719463318927,0.85,50
1719463320369,0.9,100
1719463328942,0.9,25
1719463329825,0.9,300
1719463330541,0.9,600
1719463330541,0.9,600
1719463331739,0.85,325
1719463358231,0.85,300
1719463358231,0.85,300
1719463359506,0.9,25
1719463360623,0.9,25
1719463361008,0.85,100
1719463361825,0.9,250
1719463361936,0.9,525
1719463362362,0.9,100
1719463363091,0.9,250
1719463363091,0.9,250
1719463364605,0.9,25
1719463364605,0.9,25
1719463365310,0.9,75
1719463366505,0.9,25
1719463367284,0.9,450
1719463367677,0.85,150
1719463368602,0.9,25
1719463368602,0.9,25
1719463368602,0.9,25
1719463369354,0.85,375
1719463369863,0.85,1250
1719463370361,0.85,50
1719463371200,0.9,25
1719463371686,0.9,25
1719463372319,0.9,25
1719463372686,0.9,25
1719463373459,0.9,25
1719463373692,0.9,25
1719463374402,0.9,25
1719463374697,0.9,25
1719463379169,0.9,275
1719463379487,0.85,875
1719463379487,0.85,875
1719463380425,0.9,25
1719463380618,0.85,225
1719463381621,0.9,25
1719463382695,0.9,25
1719463383604,0.85,900
1719463383901,0.9,25
1719463384685,0.9,25
1719463384836,0.9,25
1719463384836,0.9,25
1719463385654,0.85,50
1719463386230,0.9,50
1719463386587,0.85,400
1719463387337,0.9,125
1719463387645,0.85,200
1719463388436,0.85,125
1719463388685,0.85,125
1719463389463,0.85,875
1719463390540,0.85,50
1719463391660,0.85,1650
1719463392352,0.9,575
1719463392352,0.9,575
1719463393339,0.85,250
1719463393639,0.85,100
1719463394457,0.85,100
1719463394738,0.85,250
1719463394738,0.85,250
1719463395483,0.9,950
1719463396199,0.9,25
1719463396199,0.9,25
1719463397143,0.85,350
1719463397605,0.85,125
1719463398426,0.85,125
1719463398605,0.85,125
1719463399219,0.85,125
1719463399582,0.85,825
1719463400288,0.9,25
1719463400535,0.85,250
1719463401646,0.85,25
1719463401646,0.85,25
1719463402688,0.85,100
1719463402688,0.85,100
1719463403064,0.85,1225
1719463403671,0.9,25
1719463404085,0.9,25
1719463404664,0.9,25
1719463405077,0.9,25
1719463405911,0.9,25
1719463406493,0.9,25
1719463406660,0.9,25
1719463407668,0.9,25
1719463408667,0.9,25
1719463409658,0.9,25
1719463410524,0.9,1100
1719463410524,0.9,1100
1719463410524,0.9,1100
1719463411658,0.9,1000
1719463412306,0.9,200
1719463412561,0.85,125
1719463413306,0.9,25
1719463413594,0.85,100
1719463414236,0.9,125
1719463414578,0.85,250
1719463415384,0.9,25
1719463415625,0.85,100
1719463416108,0.9,25
1719463416577,0.85,525
1719463417443,0.85,525
1719463417712,0.85,250
1719463418413,0.85,825
1719463418611,0.85,825
1719463419287,0.9,25
1719463419287,0.9,25
1719463420720,0.9,1750
1719463421206,0.9,25
1719463421206,0.9,25
1719463422519,0.9,1025
1719463422519,0.9,1025
1719463423328,0.9,25
1719463424327,0.9,175
1719463424754,0.9,125
1719463425097,0.9,25
1719463425245,0.9,25
1719463426092,0.85,25
1719463426754,0.9,250
1719463427442,0.85,25
1719463427442,0.85,25
1719463428748,0.9,175
1719463429713,0.9,50
1719463429713,0.9,50
1719463430916,0.85,50
1719463431720,0.85,50
1719463432126,0.85,100
1719463432736,0.85,100
1719463433332,0.9,25
1719463433475,0.9,25
1719463434500,0.9,50
1719463434592,0.9,25
1719463435444,0.9,25
1719463435699,0.85,900
1719463436538,0.9,25
1719463436538,0.9,25
1719463437092,0.85,150
1719463438639,0.9,25
1719463438639,0.9,25
1719463439022,0.9,75
1719463439723,0.85,25
1719463440324,0.85,300
1719463440390,0.9,75
1719463441551,0.9,125
1719463441679,0.85,250
1719463441679,0.85,250
1719463443306,0.85,25
1719463443541,0.9,25
1719463443662,0.9,25
1719463444337,0.85,475
1719463444693,0.9,50
1719463445631,0.9,700
1719463465665,0.9,300
1719463466725,0.9,250
1719463467031,0.85,25
1719463467031,0.85,25
1719463468450,0.85,100
1719463468450,0.85,100
1719463469305,0.9,325
1719463469678,0.9,250
1719463470427,0.9,100
1719463470605,0.9,25
1719463471696,0.9,300
1719463471696,0.9,300
1719463472680,0.9,25
1719463473707,0.9,25
1719463474487,0.9,50
1719463474487,0.9,50
1719463475264,0.9,25
1719463475666,0.85,25
1719463476131,0.85,25
1719463476131,0.85,25
1719463477311,0.9,250
1719463477659,0.9,25
1719463478503,0.9,25
1719463478719,0.9,250
1719463479523,0.9,25
1719463479676,0.9,175
1719463480528,0.9,25
1719463481576,0.9,25
1719463481576,0.9,25
1719463482738,0.9,25
1719463483000,0.85,75
1719463483753,0.9,25
1719463484214,0.85,200
1719463484776,0.9,25
1719463485540,0.9,25
1719463485951,0.9,25
1719463486305,0.9,125
1719463486305,0.9,125
1719463487705,0.9,25
1719463487705,0.9,25
1719463488808,0.85,400
1719463489547,0.9,25
1719463489547,0.9,25
1719463490737,0.9,25
1719463490737,0.9,25
1719463491392,0.85,100
1719463491727,0.85,100
1719463492615,0.9,100
1719463492751,0.9,425
1719463493606,0.85,100
1719463493762,0.9,50
1719463495747,0.9,25
1719463495903,0.9,175
1719463496771,0.9,25
1719463496995,0.9,75
1719463497494,0.85,75
1719463498433,0.9,1675
1719463498741,0.9,25
1719463499518,0.9,800
1719463499755,0.9,25
1719463500561,0.85,25
1719463500748,0.85,25
1719463501827,0.85,25
1719463501935,0.85,25
1719463502739,0.85,25
1719463502832,0.85,25
1719463503779,0.85,25
1719463504729,0.85,25
1719463505000,0.85,75
1719463505049,0.85,25
1719463505750,0.85,25
1719463506311,0.85,25
1719463506755,0.85,100
1719463507568,0.85,50
1719463507961,0.85,75
1719463508573,0.85,50
1719463508739,0.85,50
1719463509685,0.85,25
1719463509824,0.9,25
1719463510750,0.85,50
1719463511557,0.85,25
1719463512044,0.85,50
1719463512044,0.85,50
1719463512751,0.85,75
1719463513233,0.9,150
1719463513233,0.9,150
1719463514512,0.9,200
1719463514743,0.85,200
1719463515809,0.9,25
1719463516144,0.85,25
1719463517683,0.85,75
1719463517683,0.85,75
1719463518783,0.85,75
1719463518837,0.9,25
1719463519808,0.85,75
1719463519969,0.85,75
1719463520789,0.85,75
1719463520812,0.85,75
1719463521791,0.85,75
1719463521821,0.85,75
1719463522657,0.85,50
1719463523662,0.85,50
1719463523978,0.85,100
1719463524196,0.85,100
1719463524722,0.85,200
1719463525460,0.85,400
1719463525766,0.85,100
1719463526485,0.85,50
1719463526656,0.85,100
1719463527654,0.85,50
1719463527654,0.85,50
1719463528215,0.85,100
1719463528215,0.85,100
1719463529490,0.85,225
1719463530245,0.9,25
1719463530245,0.9,25
1719463531828,0.85,550
1719463532711,0.9,400
1719463532711,0.9,400
1719463533498,0.85,275
1719463533498,0.85,275
1719463534253,0.9,125
1719463534787,0.85,25
1719463535458,0.85,100
1719463535765,0.85,25
1719463536692,0.85,125
1719463536779,0.85,125
1719463537670,0.85,200
1719463537784,0.85,25
1719463538782,0.85,25
1719463539549,0.85,25
1719463539810,0.85,100
1719463540793,0.85,375
1719463541299,0.85,400
1719463541795,0.85,100
1719463542421,0.85,25
1719463542737,0.9,150
1719463543426,0.85,25
1719463543735,0.85,350
1719463544774,0.85,400
1719463545781,0.85,400
1719463545824,0.85,325
1719463546839,0.9,75
1719463547596,0.9,625
1719463549791,0.85,100
1719463550456,0.85,100
1719463550784,0.85,400
1719463551748,0.85,1450
1719463552712,0.85,225
1719463552758,0.85,25
1719463553775,0.85,300
1719463554773,0.85,200
1719463555407,0.9,25
1719463555407,0.9,25
1719463556237,0.85,25
1719463556237,0.85,25
1719463557643,0.85,75
1719463557643,0.85,75
1719463558486,0.85,50
1719463558704,0.85,400
1719463559324,0.85,50
1719463559662,0.85,750
1719463559662,0.85,750
1719463560567,0.85,375
1719463561555,0.85,25
1719463562010,0.8,1000
1719463562329,0.8,200
1719463562329,0.8,200
1719463563628,0.8,50
1719463563628,0.8,50
1719463564757,0.85,125
1719463564757,0.85,125
1719463565677,0.85,25
1719463566789,0.8,1025
1719463566789,0.8,1025
1719463567595,0.85,25
1719463567923,0.8,600
1719463568693,0.85,25
1719463568693,0.85,25
1719463570205,0.85,25
1719463570600,0.85,25
1719463570600,0.85,25
1719463571356,0.85,225
1719463571356,0.85,225
1719463572692,0.85,25
1719463572692,0.85,25
1719463573097,0.8,225
1719463573097,0.8,225
1719463574194,0.85,800
1719463574630,0.85,25
1719463575492,0.8,250
1719463575885,0.85,25
1719463577661,0.85,25
1719463577661,0.85,25
1719463578300,0.8,50
1719463579813,0.8,100
1719463580705,0.85,25
1719463581538,0.85,250
1719463581538,0.85,250
1719463582762,0.85,25
1719463582938,0.8,400
1719463583749,0.85,25
1719463583749,0.85,25
1719463584769,0.85,25
1719463585287,0.85,25
1719463585936,0.8,350
1719463586604,0.8,275
1719463586604,0.8,275
1719463587805,0.85,25
1719463588334,0.85,100
1719463588334,0.85,100
1719463589629,0.8,225
1719463589889,0.85,25
1719463590265,0.85,25
1719463591556,0.85,125
1719463591877,0.85,25
1719463592742,0.85,25
1719463592872,0.85,25
1719463592872,0.85,25
1719463592872,0.85,25
1719463594362,0.85,25
1719463594362,0.85,25
1719463595333,0.85,25
1719463595333,0.85,25
1719463596636,0.8,800
1719463597621,0.8,700
1719463598601,0.8,100
1719463598601,0.8,100
1719463598601,0.8,100
1719463600454,0.85,25
1719463600813,0.8,25
1719463601679,0.85,725
1719463601679,0.85,725
1719463609539,0.85,500
1719463610131,0.85,25
1719463610131,0.85,25
1719463611567,0.85,25
1719463611567,0.85,25
1719463612124,0.85,25
1719463613405,0.85,25
1719463614735,0.85,50
1719463615394,0.85,25
1719463616712,0.85,50
1719463616712,0.85,50
1719463617835,0.8,25
1719463618706,0.8,950
1719463619664,0.85,125
1719463620375,0.85,75
1719463621606,0.8,25
1719463621606,0.8,25
1719463622727,0.8,200
1719463622727,0.8,200
1719463623566,0.85,450
1719463623566,0.85,450
1719463624254,0.8,200
1719463625000,0.8,75
1719463625479,0.85,200
1719463625479,0.85,200
1719463626365,0.85,25
1719463626365,0.85,25
1719463627399,0.85,25
1719463627453,0.8,150
1719463628704,0.85,50
1719463628704,0.85,50
1719463629396,0.8,150
1719463630721,0.85,75
1719463630987,0.85,50
1719463631341,0.85,25
1719463632002,0.8,25
1719463632665,0.85,125
1719463632987,0.8,25
1719463632987,0.8,25
1719463632987,0.8,25
1719463634583,0.85,25
1719463635856,0.8,175
1719463636470,0.85,25
1719463637002,0.8,75
1719463637401,0.85,25
1719463637401,0.85,25
1719463638515,0.85,25
1719463638858,0.8,350
1719463639839,0.8,625
1719463640839,0.8,400
1719463641862,0.8,25
1719463642047,0.8,25
1719463642810,0.8,50
1719463642810,0.8,50
1719463643423,0.85,25
1719463643423,0.85,25
1719463644024,0.8,25
1719463644799,0.8,1225
1719463645597,0.8,1800
1719463645800,0.8,1800
1719463646598,0.8,350
1719463646800,0.8,350
1719463647850,0.8,25
1719463647865,0.8,25
1719463668786,0.8,25
1719463669798,0.8,25
1719463670863,0.8,25
1719463671840,0.8,25
1719463672075,0.8,25
1719463672877,0.8,50
1719463672930,0.8,50
1719463673684,0.75,1125
1719463674059,0.8,75
1719463674786,0.8,400
1719463675206,0.8,25
1719463675329,0.8,550
1719463675723,0.75,50
1719463676759,0.8,25
1719463677000,0.75,250
1719463688061,0.8,25
1719463690487,0.8,125
1719463690817,0.75,825
1719463691759,0.8,25
1719463692206,0.8,25
1719463693414,0.8,25
1719463693414,0.8,25
1719463694706,0.8,25
1719463695270,0.8,25
1719463696176,0.8,200
1719463696176,0.8,200
1719463696863,0.8,25
1719463697175,0.8,25
1719463697175,0.8,25
1719463698637,0.8,25
1719463699854,0.8,50
1719463699958,0.75,25
1719463700779,0.8,25
1719463701508,0.75,400
1719463701973,0.75,200
1719463702663,0.8,25
1719463702663,0.8,25
1719463703747,0.75,100
1719463703747,0.75,100
1719463704496,0.75,25
1719463704496,0.75,25
1719463705765,0.8,25
1719463705765,0.8,25
1719463708057,0.8,25
1719463708057,0.8,25
1719463708527,0.8,25
1719463708856,0.8,25
1719463709361,0.8,25
1719463709361,0.8,25
1719463710306,0.8,25
1719463710306,0.8,25
1719463711686,0.8,25
1719463711686,0.8,25
1719463712757,0.75,25
1719463712757,0.75,25
1719463713737,0.8,25
1719463713938,0.75,50
1719463714752,0.8,25
1719463715819,0.8,400
1719463715819,0.8,400
1719463715819,0.8,400
1719463716871,0.8,550
1719463717510,0.8,400
1719463717835,0.75,25
1719463718566,0.8,250
1719463718778,0.8,550
1719463719711,0.8,25
1719463719711,0.8,25
1719463720560,0.75,25
1719463721722,0.8,25
1719463721722,0.8,25
1719463722752,0.75,25
1719463722953,0.8,150
1719463723724,0.8,25
1719463724073,0.75,400
1719463724073,0.75,400
1719463724602,0.8,25
1719463725706,0.8,25
1719463725706,0.8,25
1719463725706,0.8,25
1719463727504,0.8,25
1719463727742,0.75,25
1719463727742,0.75,25
1719463728772,0.8,25
1719463729618,0.8,25
1719463730114,0.75,1100
1719463730214,0.75,250
1719463730214,0.75,250
1719463731498,0.75,1450
1719463731913,0.8,50
1719463732763,0.8,25
1719463732851,0.75,25
1719463733580,0.75,225
1719463733891,0.75,25
1719463734602,0.8,25
1719463734842,0.8,25
1719463735481,0.75,1000
1719463735825,0.75,50
1719463736811,0.75,1100
1719463736811,0.75,1100
1719463737925,0.8,25
1719463738194,0.8,25
1719463738806,0.8,25
1719463739195,0.8,250
1719463739603,0.8,250
1719463739923,0.75,25
1719463740592,0.8,425
1719463740813,0.8,25
1719463741680,0.8,25
1719463742808,0.8,25
1719463742808,0.8,25
1719463743495,0.8,50
1719463743495,0.8,50
1719463744761,0.8,25
1719463744761,0.8,25
1719463745922,0.8,25
1719463745922,0.8,25
1719463746817,0.8,25
1719463746817,0.8,25
1719463746817,0.8,25
1719463747808,0.8,25
1719463748881,0.75,125
1719463748881,0.75,125
1719463749805,0.8,25
1719463750093,0.75,1700
1719463750093,0.75,1700
1719463750093,0.75,1700
1719463751514,0.75,25
1719463751514,0.75,25
1719463752689,0.75,1025
1719463752834,0.8,25
1719463753667,0.8,25
1719463753873,0.75,25
1719463754874,0.8,25
1719463754874,0.8,25
1719463755887,0.8,25
1719463760302,0.8,100
1719463760302,0.8,100
1719463761686,0.75,25
1719463762092,0.75,125
1719463762315,0.75,50
1719463763179,0.8,25
1719463764507,0.8,25
1719463764887,0.8,25
1719463765559,0.75,450
1719463766072,0.75,500
1719463766914,0.75,300
1719463767007,0.8,25
1719463767007,0.8,25
1719463767007,0.8,25
1719463768674,0.75,750
1719463769536,0.75,1000
1719463770239,0.8,525
1719463770947,0.8,25
1719463771133,0.8,25
1719463776722,0.75,25
1719463776894,0.8,125
1719463777349,0.8,150
1719463777349,0.8,150
1719463778635,0.75,50
1719463778635,0.75,50
1719463779503,0.8,1000
1719463779503,0.8,1000
1719463780563,0.75,225
1719463781737,0.8,150
1719463781989,0.8,50
1719463782761,0.75,225
1719463783111,0.75,100
1719463783582,0.8,250
1719463783582,0.8,250
1719463784201,0.75,250
1719463785250,0.8,25
1719463785250,0.8,25
1719463786884,0.75,500
1719463786884,0.75,500
1719463787305,0.8,25
1719463787971,0.75,150
1719463788405,0.8,25
1719463788405,0.8,25
1719463789727,0.8,25
1719463790051,0.75,1175
1719463790309,0.8,25
1719463790309,0.8,25
1719463791894,0.8,75
1719463792622,0.8,225
1719463792622,0.8,225
1719463793948,0.8,50
1719463794921,0.8,25
1719463795779,0.75,75
1719463795779,0.75,75
1719463796913,0.75,25
1719463796913,0.75,25
1719463797901,0.75,125
1719463798063,0.8,25
1719463798621,0.8,250
1719463798621,0.8,250
1719463799756,0.8,200
1719463799756,0.8,200
1719463800955,0.8,25
1719463801037,0.8,25
1719463801895,0.8,250
1719463802060,0.8,25
1719463802991,0.75,25
1719463802991,0.75,25
1719463803403,0.8,725
1719463804222,0.8,25
1719463804511,0.8,25
1719463805207,0.8,25
1719463806075,0.8,25
1719463806929,0.8,25
1719463807259,0.8,25
1719463807517,0.8,25
1719463807517,0.8,25
1719463808843,0.8,1225
1719463808843,0.8,1225
1719463809579,0.8,25
1719463809987,0.75,400
1719463810875,0.75,125
1719463810875,0.75,125
1719463811946,0.75,75
1719463811946,0.75,75
1719463815937,0.75,25
1719463816389,0.75,25
1719463816661,0.8,25
1719463816661,0.8,25
1719463817661,0.8,25
1719463817661,0.8,25
1719463817661,0.8,25
1719463819130,0.8,25
1719463819761,0.8,25
1719463820091,0.75,900
1719463820304,0.8,175
1719463821205,0.8,25
1719463821806,0.8,25
1719463822274,0.8,25
1719463822861,0.8,25
1719463823102,0.75,25
1719463823606,0.8,25
1719463823606,0.8,25
1719463824401,0.75,300
1719463824850,0.8,25
1719463825664,0.75,700
1719463825887,0.75,700
1719463826805,0.8,25
1719463827386,0.8,25
1719463827386,0.8,25
1719463827751,0.75,125
1719463828332,0.8,25
1719463829806,0.8,25
1719463829806,0.8,25
1719463830417,0.8,700
1719463830417,0.8,700
1719463831954,0.8,1100
1719463831954,0.8,1100
1719463832743,0.8,25
1719463832743,0.8,25
1719463832743,0.8,25
1719463834062,0.8,25
1719463834983,0.8,250
1719463834983,0.8,250
1719463834983,0.8,250
1719463836312,0.75,25
1719463836861,0.8,25
1719463837294,0.8,25
1719463837523,0.75,200
1719463837523,0.75,200
1719463838331,0.8,25
1719463838952,0.8,25
1719463839370,0.75,25
1719463840895,0.75,125
1719463841967,0.8,25
1719463842007,0.8,25
1719463842952,0.8,200
1719463843312,0.75,25
1719463843841,0.8,1200
1719463844511,0.8,250
1719463844962,0.8,25
1719463845245,0.8,25
1719463845966,0.8,25
1719463846015,0.8,500
1719463846963,0.8,75
1719463847311,0.8,25
1719463847706,0.8,75
1719463847791,0.8,75
1719463848161,0.75,25
1719463849014,0.8,25
1719463849509,0.8,250
1719463849919,0.75,100
1719463850062,0.8,25
1719463850990,0.8,25
1719463851981,0.8,25
1719463852334,0.8,25
1719463852949,0.8,25
1719463853346,0.8,25
1719463853617,0.8,50
1719463853979,0.8,25
1719463854992,0.8,25
1719463856146,0.8,25
1719463856850,0.8,600
1719463856850,0.8,600
1719463858003,0.8,1400
1719463858062,0.8,25
1719463858680,0.8,200
1719463859362,0.8,25
1719463860197,0.75,25
1719463860430,0.8,25
1719463860430,0.8,25
1719463861565,0.8,125
1719463861565,0.8,125
1719463861565,0.8,125
1719463862537,0.8,150
1719463862952,0.8,200
1719463863163,0.8,25
1719463864572,0.8,75
1719463865547,0.8,25
1719463865646,0.8,25
1719463866002,0.8,200
1719463866637,0.75,275
1719463867363,0.8,75
1719463867757,0.8,50
1719463867874,0.8,75
1719463868759,0.75,1200
1719463869002,0.8,200
1719463869922,0.8,75
1719463870362,0.8,25
1719463870764,0.75,825
1719463871543,0.8,50
1719463871543,0.8,50
1719463871931,0.8,500
1719463872970,0.8,75
1719463872970,0.8,75
1719463873981,0.8,75
1719463874842,0.75,75
1719463875746,0.8,100
1719463876181,0.8,100
1719463876886,0.75,50
1719463877107,0.8,100
1719463877892,0.8,50
1719463878035,0.8,100
1719463878933,0.75,1025
1719463878933,0.75,1025
1719463879736,0.8,100
1719463879870,0.75,100
1719463880738,0.8,100
1719463880820,0.8,100
1719463881555,0.75,600
1719463881555,0.75,600
1719463925674,0.8,150
1719463926854,0.8,25
1719463927588,0.8,25
1719463928111,0.75,475
1719463928829,0.8,25
1719463928829,0.8,25
1719463929905,0.8,25
1719463930307,0.75,275
1719463930749,0.75,300
1719463930749,0.75,300
1719463931925,0.8,25
1719463932455,0.75,75
1719463932687,0.75,50
1719463932933,0.75,50
1719463933879,0.8,25
1719463934637,0.75,150
1719463936107,0.75,125
1719463936107,0.75,125
1719463936935,0.8,25
1719463936935,0.8,25
1719463938106,0.75,25
1719463938106,0.75,25
1719463939000,0.8,250
1719463939000,0.8,250
1719463944996,0.8,225
1719463945205,0.8,25
1719463945205,0.8,25
1719463946905,0.8,25
1719463948067,0.8,25
1719463948067,0.8,25
1719463949014,0.8,50
1719463953029,0.75,75
1719463953361,0.8,25
1719463953361,0.8,25
1719463954067,0.8,25
1719463955028,0.75,475
1719463955206,0.8,25
1719463955996,0.75,225
1719463956090,0.75,150
1719463956593,0.75,325
1719463956593,0.75,325
1719463957743,0.75,575
1719463958462,0.75,200
1719463960043,0.8,500
1719463960222,0.8,25
1719463960222,0.8,25
1719463961490,0.8,200
1719463961887,0.75,200
1719463961887,0.75,200
1719463962406,0.8,25
1719463963317,0.8,25
1719463963995,0.8,25
1719463964237,0.8,50
1719463964761,0.75,250
1719463964761,0.75,250
1719463966068,0.8,725
1719463966911,0.8,25
1719463967212,0.8,25
1719463967937,0.75,75
1719463967937,0.75,75
1719463969057,0.8,100
1719463969254,0.8,25
1719463969910,0.75,75
1719463970508,0.75,75
1719463970811,0.8,25
1719463970936,0.8,150
1719463972065,0.8,375
1719463972525,0.8,50
1719463973002,0.8,400
1719463973481,0.8,25
1719463974038,0.8,100
1719463974262,0.8,25
1719463975064,0.8,1725
1719463975439,0.8,25
1719463976043,0.8,25
1719463976043,0.8,25
1719463976958,0.75,25
1719463977363,0.8,25
1719463977874,0.75,50
1719463978198,0.8,25
1719463978797,0.75,75
1719463978797,0.75,75
1719463979903,0.75,25
1719463979903,0.75,25
1719463980765,0.8,25
1719463981569,0.8,125
1719463981569,0.8,125
1719463982510,0.8,25
1719463983460,0.8,25
1719463984055,0.8,25
1719463984482,0.8,25
1719463984482,0.8,25
1719463985460,0.8,25
1719463985949,0.8,25
1719463985949,0.8,25
1719463986737,0.75,75
1719463986737,0.75,75
1719463987835,0.8,25
1719463988510,0.8,25
1719463988510,0.8,25
1719463989560,0.8,25
1719463989761,0.8,25
1719463989761,0.8,25
1719463990885,0.8,25
1719463991351,0.75,200
1719463992022,0.8,25
1719463992346,0.8,25
1719463993016,0.75,300
1719463993016,0.75,300
1719463993836,0.8,25
1719463994510,0.8,25
1719463994510,0.8,25
1719463994510,0.8,25
1719463995886,0.8,25
1719463995886,0.8,25
1719463996862,0.75,250
1719463998060,0.8,25
1719463998060,0.8,25
1719463998485,0.8,25
1719463998485,0.8,25
1719463999510,0.8,25
1719463999510,0.8,25
1719464000818,0.8,25
1719464000818,0.8,25
1719464001562,0.8,25
1719464002400,0.75,100
1719464002938,0.8,700
1719464004000,0.75,400
1719464004000,0.75,400
1719464005082,0.8,200
1719464005516,0.8,75
1719464005836,0.8,200
1719464006551,0.8,25
1719464006916,0.75,200
1719464006916,0.75,200
1719464006916,0.75,200
1719464008951,0.8,25
1719464008951,0.8,25
1719464009669,0.8,25
1719464010293,0.75,25
1719464010963,0.8,25
1719464010963,0.8,25
1719464011672,0.8,25
1719464013028,0.75,25
1719464013141,0.8,1400
1719464013667,0.8,25
1719464014180,0.8,25
1719464016073,0.8,1000
1719464016387,0.8,100
1719464016706,0.8,25
1719464017358,0.75,925
1719464017881,0.8,25
1719464017881,0.8,25
1719464018756,0.8,25
1719464018756,0.8,25
1719464019863,0.8,25
1719464019863,0.8,25
1719464021000,0.8,400
1719464021000,0.8,400
1719464022062,0.8,1125
1719464022062,0.8,1125
1719464022062,0.8,1125
1719464023855,0.8,25
1719464024223,0.8,800
1719464025002,0.8,200
1719464025245,0.8,25
1719464026072,0.75,125
1719464026531,0.75,125
1719464027005,0.75,125
1719464027111,0.8,600
1719464028076,0.75,125
1719464028280,0.75,125
1719464029027,0.8,100
1719464029027,0.8,100
1719464030015,0.8,375
1719464030452,0.8,200
1719464030906,0.8,25
1719464031946,0.8,25
1719464031946,0.8,25
1719464033094,0.8,25
1719464033159,0.8,25
1719464034206,0.8,25
1719464035088,0.8,25
1719464035088,0.8,25
1719464035979,0.8,25
1719464036161,0.75,100
1719464036906,0.8,25
1719464037452,0.8,200
1719464037452,0.8,200
1719464038122,0.8,25
1719464038906,0.8,25
1719464039469,0.75,475
1719464040088,0.8,800
1719464040380,0.8,75
1719464041061,0.8,25
1719464041572,0.8,125
1719464041572,0.8,125
1719464042956,0.75,125
1719464042956,0.75,125
1719464044103,0.8,25
1719464044213,0.75,125
1719464045105,0.75,125
1719464045334,0.75,125
1719464046061,0.8,25
1719464046061,0.8,25
1719464047098,0.8,25
1719464047806,0.8,75
1719464047806,0.8,75
1719464048317,0.8,25
1719464049062,0.8,25
1719464049174,0.75,100
1719464050038,0.8,75
1719464050697,0.75,25
1719464050697,0.75,25
1719464052061,0.8,25
1719464052061,0.8,25
1719464053006,0.8,200
1719464053399,0.75,200
1719464054238,0.8,75
1719464054451,0.8,750
1719464055111,0.8,25
1719464055625,0.8,1000
1719464055625,0.8,1000
1719464055625,0.8,1000
1719464057106,0.8,25
1719464057106,0.8,25
1719464058341,0.8,25
1719464059184,0.8,25
1719464059184,0.8,25
1719464059860,0.75,25
1719464060272,0.8,25
1719464060272,0.8,25
1719464061081,0.8,25
1719464061656,0.8,300
1719464062195,0.8,25
1719464063061,0.8,25
1719464063061,0.8,25
1719464063263,0.8,25
1719464064072,0.75,25
1719464074181,0.8,25
1719464075107,0.8,25
1719464075306,0.8,25
1719464076107,0.8,25
1719464076362,0.8,25
1719464077124,0.75,1325
1719464077511,0.8,25
1719464078129,0.8,25
1719464078196,0.75,25
1719464079109,0.8,25
1719464079801,0.8,25
1719464080131,0.8,25
1719464080999,0.8,25
1719464080999,0.8,25
1719464081802,0.8,25
1719464082392,0.8,25
1719464083005,0.8,25
1719464083417,0.8,25
1719464083916,0.8,25
1719464084408,0.8,25
1719464089131,0.8,25
1719464089480,0.8,25
1719464090014,0.8,25
1719464090330,0.8,25
1719464091023,0.8,300
1719464091206,0.8,25
1719464092000,0.75,75
1719464092677,0.8,25
1719464092938,0.8,25
1719464093502,0.8,25
1719464094019,0.8,25
1719464094643,0.8,25
1719464095139,0.8,25
1719464095139,0.8,25
1719464096137,0.8,25
1719464096279,0.8,25
1719464097000,0.75,175
1719464097502,0.8,200
1719464098132,0.8,25
1719464098470,0.75,150
1719464099307,0.8,1700
1719464099577,0.75,125
1719464100082,0.8,25
1719464100255,0.8,25
1719464101009,0.8,25
1719464102149,0.8,125
1719464102441,0.75,375
1719464102832,0.8,25
1719464120693,0.8,25
1719464120945,0.8,25
1719464121943,0.8,25
1719464121943,0.8,25
1719464123326,0.8,25
1719464123347,0.8,25
1719464123905,0.75,100
1719464123905,0.75,100
1719464125042,0.8,100
1719464125396,0.8,25
1719464125900,0.8,25
1719464126239,0.75,500
1719464126239,0.75,500
1719464127272,0.8,25
1719464128071,0.8,25
1719464128071,0.8,25
1719464128996,0.8,1100
1719464129405,0.8,25
1719464129405,0.8,25
1719464130931,0.8,25
1719464182784,0.75,575
1719464183501,0.8,25
1719464205850,0.8,25
1719464205850,0.8,25
1719464206555,0.8,25
1719464207155,0.75,450
1719464208061,0.75,25
1719464208061,0.75,25
1719464208615,0.8,25
1719464209269,0.8,25
1719464209907,0.8,25
1719464209907,0.8,25
1719464211030,0.8,25
1719464211030,0.8,25
1719464211689,0.75,600
1719464212856,0.8,25
1719464213027,0.8,25
1719464213692,0.75,25
1719464214045,0.8,25
1719464214045,0.8,25
1719464215347,0.8,25
1719464215347,0.8,25
1719464216706,0.75,100
1719464217396,0.8,375
1719464217682,0.75,50
1719464217980,0.8,25
1719464218630,0.75,225
1719464219003,0.75,50
1719464219349,0.75,125
1719464219905,0.8,25
1719464220382,0.8,25
1719464220979,0.8,25
1719464221605,0.8,25
1719464221605,0.8,25
1719464222997,0.8,25
1719464222997,0.8,25
1719464223605,0.8,25
1719464224316,0.8,175
1719464225005,0.8,25
1719464225005,0.8,25
1719464226006,0.8,25
1719464227011,0.8,50
1719464228088,0.8,625
1719464228088,0.8,625
1719464229649,0.8,25
1719464230185,0.8,200
1719464230556,0.75,150
1719464230997,0.8,200
1719464232713,0.8,400
1719464233196,0.75,100
1719464233717,0.8,25
1719464234188,0.8,25
1719464234188,0.8,25
1719464235160,0.8,25
1719464235929,0.8,100
1719464235929,0.8,100
1719464235929,0.8,100
1719464237200,0.8,25
1719464237200,0.8,25
1719464238400,0.75,25
1719464238763,0.8,25
1719464238975,0.75,25
1719464239306,0.8,25
1719464239910,0.8,300
1719464240500,0.8,25
1719464241206,0.8,25
1719464241206,0.8,25
1719464241206,0.8,25
1719464242773,0.8,650
1719464243615,0.8,25
1719464243722,0.75,25
1719464243722,0.75,25
1719464244258,0.8,25
1719464245080,0.75,100
1719464246189,0.8,25
1719464246434,0.75,800
1719464247184,0.75,500
1719464247636,0.8,25
1719464248229,0.75,1775
1719464248811,0.8,25
1719464248811,0.8,25
1719464249479,0.8,350
1719464249479,0.8,350
1719464250917,0.8,300
1719464251137,0.8,850
1719464251869,0.75,25
1719464251869,0.75,25
1719464252899,0.8,1200
1719464253223,0.75,25
1719464253857,0.8,1200
1719464254287,0.8,1200
1719464254495,0.75,200
1719464255039,0.8,425
1719464255719,0.75,100
1719464256219,0.75,100
1719464256801,0.75,100
1719464257204,0.75,25
1719464257973,0.8,600
1719464257973,0.8,600
1719464259881,0.8,1100
1719464260242,0.8,200
1719464260730,0.8,1400
1719464260730,0.8,1400
1719464261897,0.8,50
1719464261897,0.8,50
1719464262920,0.75,50
1719464263225,0.8,50
1719464263638,0.75,50
1719464264297,0.8,400
1719464264654,0.8,25
1719464265565,0.75,200
1719464266226,0.75,125
1719464266704,0.8,25
1719464266867,0.8,100
1719464267685,0.8,50
1719464268005,0.8,175
1719464268704,0.8,25
1719464268811,0.75,25
1719464269764,0.8,25
1719464269979,0.8,25
1719464270892,0.8,725
1719464270892,0.8,725
1719464271840,0.8,25
1719464272226,0.8,75
1719464272954,0.8,50
1719464272954,0.8,50
1719464273854,0.8,50
1719464274197,0.8,25
1719464275004,0.8,25
1719464275004,0.8,25
1719464275004,0.8,25
1719464291125,0.75,150
1719464291547,0.8,100
1719464292253,0.8,375
1719464292868,0.75,375
1719464293272,0.75,100
1719464293838,0.75,25
1719464293838,0.75,25
1719464294436,0.8,400
1719464295217,0.8,25
1719464295952,0.75,25
1719464296239,0.8,25
1719464297136,0.8,25
1719464297240,0.75,250
1719464297370,0.75,25
1719464298280,0.8,25
1719464299223,0.8,25
1719464299462,0.8,25
1719464300241,0.75,25
1719464300603,0.8,1000
1719464301205,0.75,200
1719464301765,0.8,1275
1719464301765,0.8,1275
1719464303116,0.8,25
1719464303415,0.75,25
1719464303851,0.8,100
1719464304406,0.8,25
1719464304421,0.75,500
1719464305506,0.8,25
1719464306263,0.8,25
1719464306462,0.8,25
1719464306462,0.8,25
1719464307541,0.8,25
1719464308162,0.8,25
1719464308936,0.8,75
1719464308936,0.8,75
1719464309583,0.8,25
1719464310280,0.8,75
1719464310959,0.8,50
1719464310959,0.8,50
1719464312179,0.75,1500
1719464312179,0.75,1500
1719464312807,0.75,300
1719464314167,0.8,325
1719464314167,0.8,325
1719464315046,0.8,850
1719464315046,0.8,850
1719464316252,0.75,225
1719464316773,0.75,675
1719464317235,0.75,875
1719464317619,0.8,200
1719464318063,0.8,175
1719464318405,0.8,25
1719464319151,0.8,450
1719464319856,0.8,25
1719464320262,0.8,25
1719464321000,0.8,250
1719464321830,0.8,25
1719464321830,0.8,25
1719464321830,0.8,25
1719464323164,0.8,1750
1719464323300,0.8,25
1719464323300,0.8,25
1719464324604,0.75,500
1719464325256,0.75,325
1719464325706,0.8,600
1719464326060,0.8,1475
1719464326060,0.8,1475
1719464327000,0.8,25
1719464328001,0.8,25
1719464328001,0.8,25
1719464328607,0.8,775
1719464329275,0.75,1125
1719464330038,0.8,25
1719464330289,0.8,1350
1719464330289,0.8,1350
1719464367071,0.8,25
1719464367071,0.8,25
1719464367071,0.8,25
1719464368000,0.8,75
1719464368591,0.75,100
1719464368798,0.8,25
1719464368798,0.8,25
1719464370270,0.8,75
1719464370270,0.8,75
1719464370709,0.8,25
1719464371585,0.8,25
1719464372295,0.75,25
1719464372902,0.8,150
1719464373222,0.75,625
1719464378078,0.75,100
1719464378862,0.8,25
1719464378862,0.8,25
1719464379838,0.8,25
1719464380000,0.8,75
1719464380000,0.8,75
1719464381027,0.75,325
1719464381887,0.8,25
1719464381887,0.8,25
1719464382352,0.75,300
1719464382961,0.8,25
1719464382961,0.8,25
1719464384043,0.8,25
1719464384661,0.8,25
1719464385312,0.75,25
1719464385888,0.75,25
1719464386298,0.75,25
1719464386887,0.75,25
1719464387299,0.75,25
1719464388124,0.8,100
1719464388196,0.8,25
1719464389111,0.8,75
1719464389330,0.8,50
1719464389798,0.75,225
1719464390329,0.8,125
1719464391076,0.8,25
1719464391076,0.8,25
1719464391834,0.8,50
1719464392316,0.8,25
1719464392888,0.8,100
1719464393310,0.8,25
1719464393926,0.8,25
1719464394322,0.8,50
1719464394754,0.8,25
1719464395120,0.8,25
1719464395928,0.8,200
1719464396186,0.8,25
1719464397817,0.8,675
1719464398172,0.8,25
1719464398425,0.75,25
1719464399277,0.8,300
1719464399670,0.8,25
1719464400207,0.8,25
1719464400828,0.75,75
1719464401239,0.8,25
1719464402014,0.75,300
1719464402540,0.75,100
1719464403163,0.75,150
1719464403313,0.75,50
1719464403785,0.75,100
1719464404305,0.8,25
1719464405037,0.75,50
1719464405319,0.8,25
1719464405680,0.8,25
1719464406258,0.8,1000
1719464406715,0.75,300
1719464407181,0.75,100
1719464407818,0.75,100
1719464408327,0.75,150
1719464409085,0.75,100
1719464409256,0.75,600
1719464409567,0.75,150
1719464410223,0.75,25
1719464410723,0.75,150
1719464411276,0.75,275
1719464411756,0.8,1000
1719464412049,0.75,25
1719464412722,0.8,25
1719464413099,0.8,250
1719464413835,0.8,150
1719464414107,0.8,250
1719464415047,0.75,525
1719464415280,0.8,25
1719464415280,0.8,25
1719464416519,0.8,25
1719464416808,0.8,875
1719464416808,0.8,875
1719464417533,0.8,25
1719464418304,0.8,1000
1719464418496,0.75,250
1719464419344,0.8,250
1719464419569,0.8,1350
1719464420161,0.8,25
1719464420774,0.8,1300
1719464421245,0.8,100
1719464421843,0.75,25
1719464422181,0.8,1150
1719464422857,0.8,25
1719464422857,0.8,25
1719464423662,0.8,25
1719464423880,0.75,400
1719464424778,0.8,75
1719464425268,0.8,1350
1719464425867,0.75,100
1719464426345,0.75,25
1719464426955,0.75,75
1719464426955,0.75,75
1719464427882,0.8,25
1719464428000,0.8,800
1719464428711,0.75,550
1719464429259,0.8,1050
1719464429259,0.8,1050
1719464430292,0.8,675
1719464430292,0.8,675
1719464430987,0.75,75
1719464431780,0.75,25
1719464432336,0.75,175
1719464432737,0.75,50
1719464433340,0.8,225
1719464433859,0.8,25
1719464434206,0.8,1000
1719464434972,0.75,250
1719464434972,0.75,250
1719464436062,0.8,25
1719464436062,0.8,25
1719464436873,0.8,75
1719464437260,0.8,1000
1719464437922,0.8,350
1719464437922,0.8,350
1719464439223,0.75,300
1719464439274,0.8,50
1719464439852,0.8,25
1719464439852,0.8,25
1719464440684,0.75,25
1719464440684,0.75,25
1719464440684,0.75,25
1719464442150,0.8,925
1719464442150,0.8,925
1719464443331,0.8,25
1719464443909,0.8,25
1719464444262,0.75,250
1719464444876,0.8,25
1719464445255,0.8,25
1719464445376,0.75,25
1719464446124,0.8,1575
1719464446816,0.75,150
1719464447154,0.75,375
1719464447993,0.75,100
1719464448218,0.75,50
1719464449029,0.8,25
1719464449029,0.8,25
1719464450337,0.8,250
1719464450580,0.8,100
1719464451042,0.8,25
1719464452868,0.8,50
1719464453320,0.8,25
1719464466334,0.8,25
1719464466986,0.8,25
1719464466986,0.8,25
1719464468151,0.8,25
1719464468363,0.8,25
1719464468363,0.8,25
1719464469140,0.8,50
1719464470179,0.8,50
1719464470361,0.8,25
1719464470906,0.75,25
1719464470906,0.75,25
1719464472190,0.8,25
1719464472462,0.8,25
1719464472462,0.8,25
1719464473402,0.8,25
1719464474026,0.8,25
1719464474798,0.75,100
1719464475245,0.8,75
1719464475566,0.8,25
1719464476066,0.75,75
1719464476747,0.8,150
1719464477335,0.75,25
1719464477466,0.8,25
1719464478516,0.8,25
1719464478516,0.8,25
1719464492731,0.8,200
1719464493316,0.8,25
1719464508225,0.75,225
1719464508625,0.75,75
1719464509302,0.75,150
1719464509887,0.8,25
1719464510252,0.8,750
1719464510252,0.8,750
1719464511234,0.75,125
1719464512014,0.8,25
1719464512398,0.8,50
1719464519574,0.75,700
1719464520315,0.75,25
1719464520634,0.75,575
1719464521206,0.75,325
1719464522021,0.75,150
1719464522365,0.75,1375
1719464523221,0.75,475
1719464523221,0.75,475
1719464523650,0.8,25
1719464524308,0.75,675
1719464524825,0.75,25
1719464525049,0.75,75
1719464531402,0.75,325
1719464535464,0.8,50
1719464535464,0.8,50
1719464537505,0.8,50
1719464537505,0.8,50
1719464538429,0.8,25
1719464538889,0.8,250
1719464539284,0.75,25
1719464539655,0.75,425
1719464540317,0.75,700
1719464541345,0.75,125
1719464541363,0.75,125
1719464541630,0.75,125
1719464542247,0.75,25
1719464542783,0.8,25
1719464542783,0.8,25
1719464543752,0.8,25
1719464544112,0.75,425
1719464544695,0.8,50
1719464545433,0.8,500
1719464545942,0.8,500
1719464546388,0.8,25
1719464547309,0.75,25
1719464547428,0.75,25
1719464548364,0.8,50
1719464548512,0.75,25
1719464548722,0.75,25
1719464549433,0.75,25
1719464549693,0.75,25
1719464563047,0.75,625
1719464563840,0.8,25
1719464563840,0.8,25
1719464565260,0.75,175
1719464565260,0.75,175
1719464566377,0.75,125
1719464566377,0.75,125
1719464567405,0.75,125
1719464568397,0.8,25
1719464568412,0.8,950
1719464569097,0.75,250
1719464569516,0.8,25
1719464570899,0.75,1025
1719464570899,0.75,1025
1719464572339,0.8,25
1719464572639,0.8,50
1719464573423,0.8,25
1719464573978,0.8,50
1719464574602,0.8,200
1719464575148,0.8,25
1719464575148,0.8,25
1719464575906,0.8,25
1719464576084,0.8,100
1719464577152,0.8,100
1719464577152,0.8,100
1719464577887,0.8,25
1719464585899,0.8,25
1719464586361,0.8,25
1719464586801,0.8,25
1719464587306,0.8,175
1719464588436,0.8,100
1719464588762,0.8,100
1719464589340,0.75,25
1719464589340,0.75,25
1719464590230,0.8,25
1719464591156,0.75,250
1719464591156,0.75,250
1719464592226,0.8,875
1719464592226,0.8,875
1719464593038,0.85,25
1719464593038,0.85,25
1719464594767,0.8,225
1719464595265,0.85,25
1719464596233,0.8,50
1719464596462,0.85,50
1719464597310,0.85,25
1719464598028,0.8,275
1719464598028,0.8,275
1719464598028,0.8,275
1719464599163,0.85,25
1719464600228,0.85,600
1719464600359,0.85,25
1719464601409,0.8,25
1719464602379,0.8,25
1719464603251,0.8,200
1719464603251,0.8,200
1719464604257,0.85,25
1719464604257,0.85,25
1719464605563,0.8,1725
1719464606018,0.8,900
1719464606018,0.8,900
1719464606912,0.8,125
1719464607429,0.8,50
1719464607585,0.8,250
1719464608632,0.85,200
1719464609205,0.85,25
1719464609573,0.85,25
1719464610623,0.8,25
1719464611436,0.8,100
1719464611863,0.8,50
1719464611863,0.8,50
1719464612605,0.85,25
1719464612605,0.85,25
1719464612932,0.8,125
1719464612932,0.8,125
1719464613289,0.85,625
1719464613654,0.85,600
1719464613654,0.85,600
1719464613654,0.85,600
1719464614051,0.85,600
1719464614702,0.8,500
1719464616376,0.85,50
1719464619172,0.8,125
1719464619302,0.85,25
1719464619579,0.85,725
1719464619579,0.85,725
1719464621100,0.85,25
1719464621100,0.85,25
1719464622381,0.8,1650
1719464622580,0.85,25
1719464622860,0.8,200
1719464623435,0.8,225
1719464624000,0.8,325
1719464624595,0.8,850
1719464625467,0.8,300
1719464626472,0.8,25
1719464626638,0.8,200
1719464627444,0.85,25
1719464628458,0.85,25
1719464629594,0.85,25
1719464629757,0.85,25
1719464630467,0.8,325
1719464630862,0.8,700
1719464631460,0.85,25
1719464632038,0.8,75
1719464632440,0.8,150
1719464633023,0.8,250
1719464633451,0.8,300
1719464634139,0.85,50
1719464634629,0.9,200
1719464635464,0.9,75
1719464636320,0.85,1000
1719464636675,0.85,50
1719464637452,0.85,900
1719464638462,0.9,25
1719464638672,0.9,50
1719464639463,0.9,50
1719464639652,0.9,25
1719464640085,0.9,50
1719464640484,0.9,25
1719464641410,0.9,25
1719464641621,0.9,25
1719464642681,0.85,100
1719464642806,0.85,50
1719464643461,0.9,25
1719464644101,0.9,25
1719464644395,0.85,50
1719464645287,0.9,25
1719464645607,0.9,25
1719464646153,0.9,25
1719464646428,0.85,500
1719464647460,0.9,100
1719464648322,0.9,25
1719464648556,0.9,25
1719464649353,0.9,25
1719464650467,0.9,25
1719464651265,0.8,25
1719464651695,0.8,75
1719464652000,0.85,500
1719464652291,0.85,25
1719464653108,0.85,25
1719464653421,0.85,25
1719464654287,0.85,25
1719464654431,0.85,25
1719464655299,0.85,25
1719464655586,0.85,25
1719464656265,0.85,25
1719464656458,0.8,50
1719464657277,0.85,25
1719464657372,0.85,50
1719464658317,0.85,500
1719464658401,0.85,500
1719464659298,0.85,25
1719464659419,0.85,25
1719464660495,0.85,25
1719464660644,0.85,25
1719464661508,0.85,25
1719464662523,0.85,700
1719464662666,0.85,25
1719464663000,0.85,150
1719464663533,0.85,25
1719464663846,0.85,150
1719464664461,0.85,425
1719464665301,0.85,25
1719464665449,0.85,25
1719464666321,0.85,100
1719464666455,0.85,25
1719464667206,0.85,25
1719464667662,0.85,25
1719464668183,0.85,25
1719464668447,0.85,50
1719464668447,0.85,50
1719464669487,0.85,25
1719464670271,0.85,75
1719464670417,0.85,25
1719464670589,0.85,25
1719464670589,0.85,25
1719464671889,0.85,25
1719464671889,0.85,25
1719464672865,0.85,25
1719464672865,0.85,25
1719464674298,0.8,525
1719464674298,0.8,525
1719464675661,0.85,25
1719464675953,0.85,25
1719464675953,0.85,25
1719464677195,0.8,25
1719464677457,0.8,50
1719464678055,0.85,25
1719464678366,0.8,150
1719464678366,0.8,150
1719464679512,0.85,25
1719464679512,0.85,25
1719464680969,0.85,25
1719464680969,0.85,25
1719464681612,0.85,150
1719464681736,0.85,500
1719464682336,0.8,125
1719464683030,0.85,25
1719464683437,0.85,300
1719464683964,0.8,200
1719464684683,0.8,675
1719464685270,0.85,25
1719464685270,0.85,25
1719464686319,0.8,25
1719464686319,0.8,25
1719464687092,0.85,25
1719464687092,0.85,25
1719464687867,0.85,25
1719464688270,0.85,25
1719464688673,0.8,75
1719464689476,0.8,250
1719464690062,0.85,25
1719464690062,0.85,25
1719464691488,0.85,25
1719464691488,0.85,25
1719464692064,0.85,50
1719464692910,0.85,50
1719464694245,0.8,675
1719464694578,0.8,375
1719464694821,0.85,25
1719464694821,0.85,25
1719464695636,0.8,500
1719464696336,0.8,575
1719464696928,0.85,75
1719464697395,0.85,1100
