time,price,volume
1719461503324,155.6,50
1719461503760,156.2,25
1719461505245,155.2,25
1719461505820,155.8,250
1719461505853,155.4,50
1719461506717,156.2,25
1719461506717,156.2,25
1719461508551,155.9,250
1719461508551,155.9,250
1719461509513,155.95,375
1719461509818,155.75,25
1719461510381,156.0,50
1719461511790,155.0,100
1719461511790,155.0,100
1719461512355,155.05,175
1719461513591,155.45,150
1719461513707,155.9,25
1719461514205,154.9,25
1719461514905,155.55,100
1719461515823,154.55,25
1719461516516,153.9,25
1719461516830,153.65,50
1719461517577,154.7,200
1719461518417,155.35,125
1719461518807,155.65,25
1719461519548,155.55,50
1719461520186,155.35,25
1719461520186,155.35,25
1719461520695,155.3,25
1719461520695,155.3,25
1719461520695,155.3,25
1719461522819,156.45,200
1719461523301,154.85,325
1719461523910,155.2,25
1719461524560,155.95,225
1719461525191,155.95,125
1719461525367,155.75,125
1719461526518,156.6,50
1719461526933,157.0,125
1719461527510,157.8,50
1719461528247,157.65,25
1719461528247,157.65,25
1719461529803,157.25,25
1719461530254,156.75,25
1719461530503,156.75,25
1719461531617,157.7,50
1719461531617,157.7,50
1719461532648,157.1,25
1719461533211,156.75,100
1719461534390,156.45,50
1719461534734,156.85,25
1719461534734,156.85,25
1719461536261,156.95,200
1719461536894,157.2,25
1719461537376,157.2,50
1719461537376,157.2,50
1719461539396,157.15,50
1719461540254,157.35,25
1719461540595,157.85,25
1719461540595,157.85,25
1719461543322,158.35,150
1719461543322,158.35,150
1719461543944,158.15,25
1719461544489,158.2,25
1719461545346,158.7,25
1719461545621,158.65,25
1719461546588,159.5,125
1719461546892,159.1,25
1719461547363,158.6,200
1719461548651,157.3,150
1719461548700,157.6,25
1719461549609,158.4,50
1719461550375,158.05,250
1719461550573,158.1,25
1719461550573,158.1,25
1719461551471,158.05,50
1719461551471,158.05,50
1719461552390,157.65,25
1719461553575,158.35,25
1719461553791,158.05,25
1719461554428,157.85,100
1719461555057,157.8,25
1719461555057,157.8,25
1719461555833,157.9,25
1719461555833,157.9,25
1719461557510,157.65,25
1719461558329,157.5,50
1719461558329,157.5,50
1719461559141,157.65,125
1719461559985,158.2,100
1719461559985,158.2,100
1719461560811,157.95,25
1719461560811,157.95,25
1719461562036,157.9,50
1719461563435,159.35,350
1719461563435,159.35,350
1719461564642,160.25,100
1719461565403,160.15,25
1719461565403,160.15,25
1719461566575,159.35,25
1719461566927,159.75,25
1719461567460,160.0,25
1719461568085,159.5,150
1719461568085,159.5,150
1719461569846,159.5,25
1719461570244,160.0,75
1719461570601,159.5,25
1719461571423,159.0,375
1719461571423,159.0,375
1719461572480,158.5,25
1719461573218,159.5,25
1719461573218,159.5,25
1719461574504,159.55,75
1719461575407,159.6,300
1719461575407,159.6,300
1719461576693,158.65,25
1719461576693,158.65,25
1719461577266,158.45,25
1719461578450,158.85,25
1719461578783,158.85,25
1719461579507,158.45,225
1719461580396,158.75,125
1719461580530,158.55,25
1719461580530,158.55,25
1719461581636,158.55,50
1719461581983,158.7,25
1719461582391,158.95,250
1719461583423,158.55,25
1719461583423,158.55,25
1719461584637,158.35,50
1719461584727,158.65,50
1719461585541,159.1,125
1719461586675,159.85,25
1719461586675,159.85,25
1719461586675,159.85,25
1719461588539,159.35,25
1719461588539,159.35,25
1719461588539,159.35,25
1719461590481,159.85,100
1719461591411,160.4,100
1719461591988,160.5,25
1719461592601,160.75,25
1719461593137,160.65,500
1719461593137,160.65,500
1719461594597,159.8,100
1719461595154,159.8,25
1719461595606,159.8,25
1719461596562,159.1,100
1719461596683,159.15,25
1719461597792,159.5,25
1719461598314,159.1,25
1719461598843,159.5,250
1719461598977,159.05,50
1719461600319,158.95,25
1719461600319,158.95,25
1719461601475,159.0,25
1719461601906,159.2,25
1719461601906,159.2,25
1719461603507,159.2,25
1719461603507,159.2,25
1719461604607,160.0,25
1719461604698,160.0,25
1719461604698,160.0,25
1719461606828,159.15,100
1719461607023,158.9,100
1719461607023,158.9,100
1719461608833,159.55,50
1719461609369,159.5,75
1719461609823,159.6,75
1719461609823,159.6,75
1719461610705,160.0,25
1719461611083,159.2,50
1719461612056,158.95,50
1719461612573,159.45,25
1719461613639,159.55,50
1719461613639,159.55,50
1719461614478,159.6,250
1719461614478,159.6,250
1719461616321,159.8,25
1719461616925,159.85,25
1719461617256,159.5,25
1719461618145,159.95,50
1719461618145,159.95,50
1719461619545,159.25,50
1719461620241,159.5,50
1719461620241,159.5,50
1719461621698,159.0,25
1719461621698,159.0,25
1719461622562,159.0,150
1719461623242,158.65,25
1719461623242,158.65,25
1719461624912,157.45,25
1719461625421,157.5,25
1719461625710,157.25,50
1719461626401,157.8,50
1719461626837,158.2,25
1719461627863,157.5,25
1719461628413,157.05,25
1719461628890,157.25,25
1719461629489,157.5,25
1719461629489,157.5,25
1719461630593,157.45,25
1719461631501,157.85,25
1719461632091,158.5,100
1719461632818,157.45,25
1719461633807,157.6,50
1719461634503,157.5,25
1719461635009,157.5,50
1719461635009,157.5,50
1719461636550,157.5,75
1719461636550,157.5,75
1719461637606,157.7,25
1719461638661,158.2,100
1719461638661,158.2,100
1719461638661,158.2,100
1719461638661,158.2,100
1719461641103,158.0,50
1719461641435,158.2,25
1719461641435,158.2,25
1719461642461,158.75,25
1719461643014,158.25,25
1719461643790,158.2,25
1719461644660,157.6,50
1719461644923,158.45,25
1719461644923,158.45,25
1719461646583,158.65,25
1719461646583,158.65,25
1719461648106,158.9,100
1719461648795,158.35,25
1719461649916,158.55,25
1719461649916,158.55,25
1719461651268,158.5,75
1719461651462,158.4,25
1719461651462,158.4,25
1719461652479,158.0,250
1719461653701,157.5,25
1719461653701,157.5,25
1719461655284,156.95,250
1719461655284,156.95,250
1719461656774,157.5,100
1719461656774,157.5,100
1719461658459,158.15,25
1719461658717,158.2,250
1719461659118,158.9,25
1719461659118,158.9,25
1719461659118,158.9,25
1719461662406,159.3,25
1719461662828,159.95,25
1719461663689,160.5,375
1719461663933,159.4,50
1719461663933,159.4,50
1719461665482,159.2,25
1719461665482,159.2,25
1719461665848,159.0,25
1719461667265,158.45,25
1719461667265,158.45,25
1719461667942,157.9,25
1719461667942,157.9,25
1719461669341,158.45,250
1719461670261,157.3,25
1719461670841,157.75,350
1719461670841,157.75,350
1719461671723,157.85,25
1719461672076,157.85,25
1719461672076,157.85,25
1719461673693,157.9,25
1719461673693,157.9,25
1719461674451,158.65,25
1719461675569,158.5,25
1719461675569,158.5,25
1719461676855,157.95,25
1719461676855,157.95,25
1719461678465,158.7,25
1719461678801,158.4,75
1719461678801,158.4,75
1719461680005,158.95,25
1719461680005,158.95,25
1719461680652,159.0,25
1719461681347,158.2,25
1719461682353,158.3,25
1719461682353,158.3,25
1719461683978,157.0,25
1719461684269,157.35,25
1719461685289,157.4,25
1719461685289,157.4,25
1719461686158,156.95,25
1719461686158,156.95,25
1719461688545,158.1,25
1719461688545,158.1,25
1719461689574,157.5,100
1719461690575,157.5,725
1719461690575,157.5,725
1719461691421,157.25,25
1719461691421,157.25,25
1719461693446,158.0,100
1719461693695,157.3,25
1719461693695,157.3,25
1719461694049,157.5,50
1719461695418,157.0,25
1719461695418,157.0,25
1719461695786,157.45,25
1719461695786,157.45,25
1719461698057,157.3,50
1719461698155,157.6,100
1719461698155,157.6,100
1719461699758,158.75,100
1719461700529,157.45,100
1719461700666,157.15,75
1719461701667,156.3,50
1719461702423,155.45,25
1719461702586,155.8,50
1719461703376,156.1,50
1719461703981,156.25,50
1719461704626,157.1,125
1719461705589,157.7,50
1719461705589,157.7,50
1719461706346,157.8,50
1719461707258,158.35,25
1719461707921,159.05,100
1719461708227,158.6,25
1719461708227,158.6,25
1719461709519,159.1,50
1719461710420,157.45,50
1719461710839,157.3,450
1719461711704,157.05,25
1719461712333,157.55,50
1719461712333,157.55,50
1719461713456,157.45,25
1719461714015,158.05,25
1719461714317,158.05,25
1719461715589,158.05,25
1719461715732,158.45,25
1719461716515,158.0,250
1719461716978,157.9,25
1719461717646,158.25,100
1719461719010,157.6,25
1719461719758,156.75,100
1719461720351,156.0,50
1719461720351,156.0,50
1719461722027,156.65,75
1719461722532,156.85,150
1719461723700,156.95,25
1719461723700,156.95,25
1719461748340,153.0,25
1719461749037,152.85,25
1719461749647,152.75,25
1719461750626,152.5,125
1719461750770,152.3,25
1719461751636,151.95,25
1719461752256,151.8,25
1719461752925,152.0,25
1719461752925,152.0,25
1719461754135,152.3,100
1719461755420,152.0,225
1719461755420,152.0,225
1719461755420,152.0,225
1719461757827,152.45,25
1719461758594,152.95,100
1719461759030,152.55,50
1719461759172,152.45,450
1719461760703,152.4,50
1719461760703,152.4,50
1719461760703,152.4,50
1719461761673,152.45,25
1719461762134,151.6,25
1719461762724,151.4,175
1719461763711,151.95,25
1719461764065,152.25,25
1719461764829,151.0,25
1719461765777,152.2,100
1719461766890,152.0,475
1719461767152,152.0,100
1719461767667,151.9,75
1719461768753,152.25,25
1719461768884,152.15,100
1719461769735,152.35,75
1719461769735,152.35,75
1719461771530,152.2,100
1719461771908,152.45,250
1719461772233,153.1,75
1719461772540,152.75,125
1719461773739,152.55,25
1719461773873,152.7,50
1719461774936,152.9,75
1719461775315,152.7,25
1719461775973,152.8,150
1719461775973,152.8,150
1719461777324,152.95,50
1719461777324,152.95,50
1719461778248,153.0,25
1719461778248,153.0,25
1719461779814,152.85,25
1719461779814,152.85,25
1719461781325,152.55,25
1719461781638,152.75,25
1719461782316,152.0,25
1719461782959,152.4,25
1719461783783,151.85,25
1719461783882,152.45,25
1719461784049,152.35,25
1719461785356,152.05,25
1719461785668,152.1,25
1719461786908,150.65,50
1719461786908,150.65,50
1719461788102,150.0,25
1719461788759,150.3,50
1719461788759,150.3,50
1719461789474,150.05,100
1719461790485,150.35,25
1719461790485,150.35,25
1719461791428,150.9,25
1719461791428,150.9,25
1719461792769,151.55,25
1719461793639,151.1,150
1719461794718,151.3,50
1719461795473,151.3,25
1719461795473,151.3,25
1719461797242,151.7,25
1719461797951,150.65,75
1719461798675,150.35,25
1719461798675,150.35,25
1719461800126,151.3,25
1719461800126,151.3,25
1719461800894,151.4,125
1719461801619,150.55,75
1719461801619,150.55,75
1719461802455,151.5,50
1719461803797,150.6,25
1719461804682,151.4,25
1719461805285,151.55,50
1719461805285,151.55,50
1719461806617,151.2,25
1719461806617,151.2,25
1719461807680,150.8,25
1719461808626,151.15,50
1719461809034,151.25,25
1719461810364,151.2,50
1719461810800,151.0,75
1719461810926,151.0,50
1719461812082,151.35,50
1719461812493,151.15,25
1719461813715,151.15,100
1719461813715,151.15,100
1719461814573,151.25,150
1719461815187,151.95,200
1719461815187,151.95,200
1719461816728,151.9,50
1719461817263,153.0,150
1719461817480,152.9,100
1719461817480,152.9,100
1719461819996,152.6,25
1719461820270,152.45,25
1719461820717,152.75,150
1719461820717,152.75,150
1719461821477,152.7,25
1719461822393,152.45,25
1719461822393,152.45,25
1719461823672,152.7,25
1719461823672,152.7,25
1719461824687,153.05,250
1719461824687,153.05,250
1719461826114,153.0,25
1719461826665,153.55,25
1719461826665,153.55,25
1719461827684,153.65,25
1719461828753,153.35,25
1719461828753,153.35,25
1719461830163,153.4,25
1719461830742,153.9,250
1719461831009,153.55,25
1719461831353,153.8,25
1719461831353,153.8,25
1719461832660,153.65,125
1719461833621,152.5,25
1719461834469,152.35,50
1719461835541,151.95,25
1719461837250,152.6,300
1719461837969,153.4,25
1719461837969,153.4,25
1719461839597,154.0,250
1719461839738,154.25,50
1719461840613,154.35,25
1719461840613,154.35,25
1719461841602,154.7,25
1719461842058,154.8,25
1719461842058,154.8,25
1719461843507,154.0,25
1719461843507,154.0,25
1719461845003,154.0,25
1719461845689,153.95,125
1719461846660,154.0,25
1719461847320,154.3,100
1719461847813,154.1,175
1719461848590,153.55,25
1719461848590,153.55,25
1719461848590,153.55,25
1719461848590,153.55,25
1719461848590,153.55,25
1719461852957,154.6,25
1719461853417,154.95,25
1719461853417,154.95,25
1719461854799,154.5,25
1719461855682,154.4,25
1719461856793,154.15,25
1719461857361,154.3,25
1719461857811,154.3,25
1719461858146,154.65,25
1719461858146,154.65,25
1719461859447,154.5,25
1719461860790,155.25,25
1719461861646,154.3,25
1719461862042,154.4,25
1719461862727,154.8,25
1719461863799,155.1,125
1719461863799,155.1,125
1719461864760,155.0,25
1719461864962,154.65,25
1719461866493,154.2,25
1719461867468,155.0,150
1719461867779,154.55,50
1719461868772,154.75,25
1719461868946,154.65,100
1719461869693,155.0,25
1719461870722,155.0,25
1719461871385,155.4,25
1719461871385,155.4,25
1719461872769,155.35,25
1719461873775,156.2,500
1719461873775,156.2,500
1719461874881,156.55,25
1719461875516,156.05,250
1719461876891,156.65,25
1719461877282,156.15,75
1719461877282,156.15,75
1719461878595,156.2,50
1719461878595,156.2,50
1719461880116,156.25,25
1719461880767,156.6,25
1719461880767,156.6,25
1719461880767,156.6,25
1719461881394,156.25,25
1719461882005,157.45,50
1719461882752,156.95,25
1719461884077,156.15,25
1719461884771,156.0,25
1719461885609,156.0,100
1719461886704,156.0,25
1719461886912,156.1,50
1719461887894,156.0,50
1719461888966,156.1,100
1719461889630,156.0,25
1719461889630,156.0,25
1719461890974,156.7,150
1719461891664,156.85,25
1719461891955,156.85,75
1719461892580,157.35,50
1719461893841,156.8,175
1719461893841,156.8,175
1719461893841,156.8,175
1719461895085,157.1,25
1719461895830,156.9,225
1719461896700,156.85,50
1719461897249,156.85,25
1719461897788,157.1,200
1719461898520,157.1,50
1719461898520,157.1,50
1719461899467,157.15,50
1719461900151,157.05,250
1719461900151,157.05,250
1719461901684,156.6,75
1719461901948,155.75,25
1719461902525,156.0,25
1719461903785,156.15,25
1719461903785,156.15,25
1719461904529,156.0,25
1719461905459,156.7,25
1719461905459,156.7,25
1719461906596,157.4,50
1719461906596,157.4,50
1719461908191,156.85,100
1719461908780,157.0,25
1719461908780,157.0,25
1719461909491,156.9,25
1719461910124,156.75,25
1719461910124,156.75,25
1719461911419,158.3,400
1719461912492,157.45,25
1719461912492,157.45,25
1719461913853,157.1,325
1719461913853,157.1,325
1719461914605,158.1,50
1719461914966,158.05,100
1719461914966,158.05,100
1719461916795,158.5,25
1719461917478,157.35,25
1719461917863,157.7,25
1719461918798,157.65,25
1719461918798,157.65,25
1719461919852,157.7,75
1719461920659,157.45,100
1719461920659,157.45,100
1719461921446,156.75,25
1719461922440,156.7,25
1719461922556,156.9,25
1719461924087,157.1,25
1719461924087,157.1,25
1719461924087,157.1,25
1719461925775,156.0,25
1719461926822,156.45,25
1719461926822,156.45,25
1719461928995,156.45,50
1719461929650,156.9,25
1719461930373,156.45,25
1719461930847,156.0,25
1719461931641,156.45,50
1719461932542,156.7,200
1719461932875,156.6,125
1719461933337,156.35,25
1719461933337,156.35,25
1719461934290,156.9,25
1719461935639,156.6,25
1719461936664,157.05,25
1719461937438,157.3,25
1719461937849,157.05,25
1719461938429,156.85,25
1719461938429,156.85,25
1719461939754,156.25,25
1719461940308,156.5,50
1719461940308,156.5,50
1719461941841,156.2,50
1719461942533,156.75,400
1719461942795,156.8,25
1719461943795,156.35,100
1719461944109,156.5,25
1719461944214,156.3,25
1719461945567,155.95,25
1719461945567,155.95,25
1719461946786,155.9,75
1719461947566,155.45,50
1719461947852,155.85,25
1719461948820,155.3,25
1719461949103,155.65,25
1719461949103,155.65,25
1719461950890,155.35,25
1719461950890,155.35,25
1719461951579,155.15,50
1719461952540,155.45,25
1719461952540,155.45,25
1719461953650,155.0,25
1719461954199,155.05,25
1719461954884,155.4,25
1719461955401,155.3,50
1719461956636,155.15,25
1719461957477,155.0,175
1719461957829,155.15,25
1719461958973,154.35,25
1719461959170,154.05,25
1719461959689,153.85,100
1719461960811,153.05,25
1719461960811,153.05,25
1719461961881,151.8,25
1719461962418,152.4,25
1719461962418,152.4,25
1719461963699,152.15,25
1719461964171,152.4,25
1719461964814,152.45,25
1719461965720,152.3,25
1719461966080,152.4,25
1719461966812,152.9,25
1719461967245,153.3,25
1719461967245,153.3,25
1719461968584,153.2,75
1719461968584,153.2,75
1719461969889,152.75,25
1719461970693,152.8,25
1719461970868,153.05,50
1719461970921,153.0,25
1719461971659,152.7,25
1719461972607,152.45,275
1719461972607,152.45,275
1719461973669,152.85,50
1719461974100,153.55,25
1719461974100,153.55,25
1719461976074,153.15,25
1719461976074,153.15,25
1719461977985,153.05,25
1719461978854,153.55,25
1719461979177,153.4,25
1719461979177,153.4,25
1719461980494,153.2,25
1719461980494,153.2,25
1719461981659,153.25,25
1719461982479,152.8,50
1719461982479,152.8,50
1719461983731,151.75,25
1719461983731,151.75,25
1719461984893,151.45,25
1719461985575,151.95,25
1719461985933,152.05,25
1719461986174,152.45,25
1719461987310,151.75,25
1719461987817,152.0,25
1719461988560,152.15,25
1719461988560,152.15,25
1719461989628,152.2,25
1719461990607,152.2,25
1719461990607,152.2,25
1719461991769,152.3,25
1719461992601,152.05,25
1719461992833,152.4,50
1719461993605,152.05,25
1719461993605,152.05,25
1719461995434,152.0,100
1719461995972,151.6,25
1719461995972,151.6,25
1719461996791,153.0,100
1719461996791,153.0,100
1719461998154,152.6,25
1719461998784,152.85,250
1719461998784,152.85,250
1719461999699,152.3,50
1719462000346,152.3,25
1719462000346,152.3,25
1719462001027,152.1,150
1719462001907,151.4,25
1719462002508,151.0,25
1719462002677,150.8,25
1719462003712,151.7,25
1719462003712,151.7,25
1719462004830,151.5,50
1719462005718,151.1,25
1719462005940,151.4,25
1719462005940,151.4,25
1719462007478,150.7,25
1719462007478,150.7,25
1719462008724,150.45,25
1719462009245,150.35,25
1719462009245,150.35,25
1719462011005,150.5,25
1719462011583,151.2,25
1719462012530,151.0,25
1719462012530,151.0,25
1719462013657,151.05,100
1719462014269,151.15,25
1719462014269,151.15,25
1719462015910,150.3,125
1719462015937,150.25,225
1719462017090,150.4,25
1719462017639,150.4,25
1719462017906,149.8,25
1719462019029,150.0,25
1719462019297,150.45,25
1719462019869,150.0,25
1719462020753,150.35,25
1719462021109,150.2,25
1719462021814,150.85,25
1719462022242,151.55,25
1719462022242,151.55,25
1719462023260,151.9,25
1719462024231,151.65,25
1719462024885,152.35,300
1719462025629,152.25,200
1719462026070,151.95,25
1719462026803,152.1,25
1719462027360,152.45,25
1719462028042,152.6,25
1719462028798,152.05,25
1719462028798,152.05,25
1719462029511,151.95,25
1719462030448,151.75,25
1719462030448,151.75,25
1719462030961,151.4,25
1719462031547,151.6,25
1719462032369,151.6,25
1719462032369,151.6,25
1719462033194,151.55,25
1719462033194,151.55,25
1719462034902,151.75,25
1719462035182,152.0,100
1719462036775,151.6,25
1719462037712,152.0,100
1719462037712,152.0,100
1719462038837,152.0,400
1719462038837,152.0,400
1719462038837,152.0,400
1719462041492,152.15,25
1719462042096,152.6,25
1719462042096,152.6,25
1719462042842,152.25,25
1719462043513,152.1,300
1719462044292,153.0,25
1719462044931,152.9,50
1719462045584,152.35,75
1719462045584,152.35,75
1719462046936,152.15,100
1719462047651,152.6,25
1719462047651,152.6,25
1719462047651,152.6,25
1719462049695,151.7,25
1719462050205,151.65,25
1719462050495,151.3,75
1719462050495,151.3,75
1719462051167,151.75,150
1719462052562,151.0,200
1719462052562,151.0,200
1719462053593,150.95,75
1719462053593,150.95,75
1719462054767,151.95,125
1719462055766,151.7,100
1719462055766,151.7,100
1719462056936,152.15,25
1719462056936,152.15,25
1719462058507,152.9,125
1719462058942,153.3,50
1719462058942,153.3,50
1719462059436,152.6,75
1719462060425,152.65,100
1719462060425,152.65,100
1719462060425,152.65,100
1719462061883,151.75,125
1719462062157,151.65,25
1719462062157,151.65,25
1719462064364,153.3,25
1719462064458,153.0,75
1719462065037,153.35,25
1719462065037,153.35,25
1719462066255,153.0,375
1719462066770,153.0,50
1719462067704,153.5,100
1719462067704,153.5,100
1719462068822,152.95,25
1719462069364,153.0,25
1719462069364,153.0,25
1719462070634,152.8,50
1719462071384,153.0,375
1719462072506,153.15,25
1719462072506,153.15,25
1719462073942,153.15,100
1719462073942,153.15,100
1719462074581,152.65,25
1719462074581,152.65,25
1719462076139,152.55,75
1719462077153,153.1,75
1719462077439,152.8,50
1719462077439,152.8,50
1719462078406,152.6,25
1719462079181,152.85,75
1719462079924,152.8,100
1719462080682,152.6,25
1719462081635,152.95,200
1719462082790,154.65,75
1719462082790,154.65,75
1719462082790,154.65,75
1719462084902,154.0,75
1719462085456,154.1,25
1719462086942,153.5,75
1719462087467,153.3,125
1719462087467,153.3,125
1719462088508,153.4,100
1719462089095,153.2,25
1719462089095,153.2,25
1719462090602,153.2,125
1719462090602,153.2,125
1719462091509,153.6,125
1719462092782,153.5,125
1719462093052,153.65,25
1719462093287,153.85,25
1719462094185,154.5,25
1719462094887,154.65,75
1719462095791,154.0,25
1719462096861,154.25,500
1719462097293,154.15,25
1719462097293,154.15,25
1719462099142,154.15,25
1719462099142,154.15,25
1719462100174,153.55,25
1719462100907,153.5,125
1719462101713,154.0,25
1719462102443,153.3,250
1719462103013,153.95,25
1719462103938,153.85,25
1719462103938,153.85,25
1719462105319,153.85,75
1719462105952,153.65,25
1719462105952,153.65,25
1719462107149,154.25,50
1719462107580,154.0,25
1719462107580,154.0,25
1719462108760,152.9,25
1719462109231,153.15,75
1719462109577,152.95,25
1719462110316,152.65,100
1719462111760,152.7,50
1719462112834,152.05,25
1719462113180,151.15,25
1719462113495,152.0,300
1719462113495,152.0,300
1719462116025,152.25,125
1719462116025,152.25,125
1719462116358,152.6,25
1719462117168,153.35,75
1719462117934,153.0,100
1719462119431,153.6,25
1719462119532,153.65,50
1719462119702,153.4,25
1719462119702,153.4,25
1719462119702,153.4,25
1719462122060,154.0,200
1719462122060,154.0,200
1719462122060,154.0,200
1719462122060,154.0,200
1719462126255,153.65,25
1719462126440,153.85,25
1719462127490,154.05,25
1719462127490,154.05,25
1719462128425,154.25,25
1719462128425,154.25,25
1719462129847,153.85,25
1719462129847,153.85,25
1719462129847,153.85,25
1719462132681,154.3,125
1719462133344,154.35,50
1719462133924,154.0,975
1719462133924,154.0,975
1719462134870,153.5,175
1719462135987,153.8,25
1719462135987,153.8,25
1719462136555,153.85,125
1719462137125,154.2,75
1719462137125,154.2,75
1719462139043,154.6,50
1719462139043,154.6,50
1719462140081,155.4,75
1719462140733,154.55,25
1719462141947,154.6,375
1719462142618,155.1,25
1719462142618,155.1,25
1719462143651,154.95,350
1719462144276,155.0,25
1719462144870,155.25,25
1719462146008,154.8,25
1719462146795,154.6,25
1719462147461,153.95,25
1719462147461,153.95,25
1719462148734,154.1,75
1719462148734,154.1,75
1719462149500,154.2,25
1719462149500,154.2,25
1719462149500,154.2,25
1719462151464,154.6,125
1719462151464,154.6,125
1719462151464,154.6,125
1719462155054,154.7,75
1719462155375,154.6,100
1719462155375,154.6,100
1719462155375,154.6,100
1719462160123,154.85,50
1719462160123,154.85,50
1719462161960,154.8,75
1719462162198,154.95,25
1719462162890,155.4,25
1719462162890,155.4,25
1719462164766,155.75,125
1719462164985,155.65,25
1719462164985,155.65,25
1719462166390,155.35,25
1719462166425,155.0,100
1719462166425,155.0,100
1719462168513,155.6,300
1719462168640,155.65,25
1719462168640,155.65,25
1719462169703,156.8,250
1719462171216,155.65,25
1719462171315,156.05,50
1719462172602,155.3,150
1719462172899,155.35,175
1719462173561,154.8,125
1719462173561,154.8,125
1719462174835,154.55,75
1719462175980,154.5,25
1719462175980,154.5,25
1719462177145,155.75,50
1719462177656,156.0,125
1719462177995,156.25,125
1719462178761,156.9,100
1719462179388,156.75,100
1719462179827,156.45,25
1719462180782,156.75,25
1719462180782,156.75,25
1719462181750,156.6,125
1719462182531,156.0,25
1719462182824,156.0,50
1719462184023,156.9,75
1719462184526,156.5,25
1719462184526,156.5,25
1719462185938,156.65,50
1719462186130,156.5,50
1719462187016,157.0,300
1719462187687,156.9,25
1719462187687,156.9,25
1719462188701,157.1,100
1719462189211,157.05,50
1719462189869,156.9,75
1719462191135,156.95,25
1719462191135,156.95,25
1719462192198,156.0,25
1719462192198,156.0,25
1719462194007,156.45,50
1719462194007,156.45,50
1719462194888,156.8,75
1719462195987,156.2,250
1719462196450,156.7,200
1719462197638,156.7,75
1719462197638,156.7,75
1719462198753,156.65,350
1719462199130,156.8,25
1719462199130,156.8,25
1719462200279,156.85,75
1719462201139,156.6,25
1719462201825,155.4,25
1719462202567,155.65,25
1719462202567,155.65,25
1719462203066,156.25,25
1719462204367,154.5,25
1719462204518,155.0,25
1719462205479,155.25,25
1719462205479,155.25,25
1719462206987,154.65,150
1719462207177,154.75,25
1719462207177,154.75,25
1719462209113,155.95,25
1719462209113,155.95,25
1719462210053,155.85,25
1719462210292,155.5,25
1719462210292,155.5,25
1719462210292,155.5,25
1719462211857,155.85,25
1719462212240,156.0,250
1719462212240,156.0,250
1719462212240,156.0,250
1719462214585,155.95,25
1719462215547,156.2,50
1719462215547,156.2,50
1719462216396,156.3,25
1719462216483,156.3,25
1719462217756,155.8,25
1719462218024,155.9,25
1719462218961,155.6,25
1719462219376,155.55,25
1719462219861,155.6,25
1719462220979,155.5,25
1719462220979,155.5,25
1719462221229,155.7,25
1719462222459,155.6,25
1719462222459,155.6,25
1719462224105,155.4,25
1719462224105,155.4,25
1719462224793,155.8,50
1719462225510,155.45,25
1719462226203,155.25,50
1719462226203,155.25,50
1719462227133,155.5,75
1719462227892,155.75,25
1719462227892,155.75,25
1719462229546,156.0,50
1719462229741,156.0,25
1719462230108,156.0,25
1719462230108,156.0,25
1719462234021,155.95,25
1719462234021,155.95,25
1719462234967,156.15,50
1719462236131,156.0,25
1719462236628,156.5,175
1719462237796,156.7,250
1719462237796,156.7,250
1719462239407,156.5,25
1719462240603,156.3,50
1719462240603,156.3,50
1719462241004,155.75,25
1719462241004,155.75,25
1719462241867,155.3,50
1719462241867,155.3,50
1719462243442,155.2,25
1719462244395,155.0,25
1719462245432,155.25,125
1719462245548,155.0,25
1719462245548,155.0,25
1719462246936,153.95,25
1719462247678,154.9,150
1719462247678,154.9,150
1719462248800,154.55,150
1719462249060,154.55,25
1719462249060,154.55,25
1719462251242,155.65,150
1719462251287,155.6,50
1719462251615,155.75,25
1719462252772,156.25,50
1719462253057,156.5,150
1719462254044,156.6,900
1719462254044,156.6,900
1719462254044,156.6,900
1719462256529,156.1,25
1719462257099,156.0,25
1719462257099,156.0,25
1719462258141,156.25,50
1719462258653,156.5,50
1719462258653,156.5,50
1719462259811,156.2,25
1719462261143,156.0,200
1719462261143,156.0,200
1719462262349,155.7,25
1719462262579,155.75,25
1719462262579,155.75,25
1719462263478,156.05,50
1719462263478,156.05,50
1719462263478,156.05,50
1719462267532,155.0,25
1719462267532,155.0,25
1719462268093,155.25,25
1719462268929,155.45,25
1719462269158,155.25,100
1719462269158,155.25,100
1719462269158,155.25,100
1719462269158,155.25,100
1719462271673,155.5,25
1719462272569,154.95,25
1719462272823,154.95,200
1719462273015,155.05,25
1719462273998,155.35,25
1719462273998,155.35,25
1719462275792,155.0,25
1719462275792,155.0,25
1719462277099,155.1,75
1719462277698,154.0,50
1719462278043,154.1,25
1719462278794,153.85,25
1719462278794,153.85,25
1719462279577,153.75,25
1719462279577,153.75,25
1719462282492,153.0,25
1719462282492,153.0,25
1719462283466,153.2,75
1719462284139,153.5,25
1719462284139,153.5,25
1719462285879,153.9,50
1719462285879,153.9,50
1719462286283,153.6,50
1719462286457,153.6,25
1719462286457,153.6,25
1719462286457,153.6,25
1719462289865,152.75,25
1719462290426,153.3,25
1719462291170,152.85,25
1719462292215,152.05,50
1719462292625,152.45,50
1719462292939,152.45,25
1719462293609,152.95,25
1719462293609,152.95,25
1719462296214,153.65,50
1719462297026,153.8,50
1719462297026,153.8,50
1719462298527,153.15,75
1719462299078,153.3,25
1719462299078,153.3,25
1719462300382,152.85,50
1719462300697,153.15,125
1719462300697,153.15,125
1719462300697,153.15,125
1719462301588,152.85,25
1719462302398,153.0,75
1719462302398,153.0,75
1719462303951,152.95,225
1719462304516,152.95,75
1719462304516,152.95,75
1719462305886,153.0,25
1719462306254,152.6,25
1719462306329,152.65,25
1719462306329,152.65,25
1719462308712,152.9,75
1719462308712,152.9,75
1719462310255,153.55,25
1719462310893,153.0,25
1719462310893,153.0,25
1719462312035,152.0,50
1719462312871,150.85,225
1719462312871,150.85,225
1719462313678,150.9,25
1719462314117,151.5,25
1719462314117,151.5,25
1719462316244,151.35,350
1719462316351,151.9,25
1719462316555,152.2,150
1719462317851,151.25,25
1719462318047,151.1,25
1719462318743,151.6,25
1719462319650,151.45,50
1719462319650,151.45,50
1719462319650,151.45,50
1719462322626,151.9,25
1719462322626,151.9,25
1719462323217,152.05,25
1719462323943,151.65,25
1719462324586,151.5,75
1719462324586,151.5,75
1719462326000,152.0,250
1719462326328,152.0,100
1719462326481,152.35,25
1719462327200,151.65,25
1719462327200,151.65,25
1719462328354,150.4,100
1719462328354,150.4,100
1719462328354,150.4,100
1719462331030,151.15,125
1719462331030,151.15,125
1719462331993,150.75,25
1719462332643,151.8,275
1719462333289,151.75,125
1719462333330,151.75,75
1719462333330,151.75,75
1719462335004,151.85,150
1719462335798,151.4,50
1719462335798,151.4,50
1719462336611,151.6,25
1719462338004,152.0,100
1719462338004,152.0,100
1719462339090,151.95,50
1719462339090,151.95,50
1719462339090,151.95,50
1719462342549,152.05,225
1719462342549,152.05,225
1719462343381,151.95,125
1719462343708,152.05,25
1719462344753,151.8,175
1719462344753,151.8,175
1719462345924,151.9,50
1719462346166,152.35,50
1719462346813,152.0,75
1719462346813,152.0,75
1719462346813,152.0,75
1719462350402,151.95,325
1719462350766,152.2,100
1719462350766,152.2,100
1719462352683,152.05,50
1719462352683,152.05,50
1719462354474,152.8,100
1719462354474,152.8,100
1719462354867,152.55,50
1719462355293,152.1,25
1719462355293,152.1,25
1719462356572,152.65,25
1719462357669,152.0,50
1719462358785,152.5,50
1719462358785,152.5,50
1719462360496,152.9,75
1719462360496,152.9,75
1719462361131,152.8,50
1719462362713,152.4,100
1719462362713,152.4,100
1719462364034,152.65,100
1719462364828,152.95,25
1719462364834,153.0,50
1719462365388,153.1,75
1719462365388,153.1,75
1719462367808,153.7,50
1719462368108,153.7,50
1719462369544,153.05,25
1719462369544,153.05,25
1719462370319,152.9,350
1719462370814,152.95,25
1719462370814,152.95,25
1719462371516,152.2,50
1719462373072,152.6,25
1719462374642,152.4,100
1719462374642,152.4,100
1719462375396,152.1,50
1719462375776,151.85,100
1719462376425,152.45,75
1719462376425,152.45,75
1719462377768,152.6,50
1719462377768,152.6,50
1719462378378,153.25,25
1719462378378,153.25,25
1719462380544,153.75,25
1719462381026,154.0,25
1719462381171,153.65,25
1719462381171,153.65,25
1719462382885,153.25,125
1719462382885,153.25,125
1719462384050,153.35,125
1719462384327,153.35,125
1719462384844,153.3,125
1719462385246,153.25,25
1719462385246,153.25,25
1719462385246,153.25,25
1719462389477,153.6,25
1719462389477,153.6,25
1719462389685,153.95,50
1719462389685,153.95,50
1719462389685,153.95,50
1719462391806,153.3,100
1719462392427,153.5,100
1719462392427,153.5,100
1719462393379,153.25,25
1719462394126,153.25,50
1719462394126,153.25,50
1719462394126,153.25,50
1719462397056,152.0,25
1719462397056,152.0,25
1719462398727,151.6,25
1719462399522,151.25,25
1719462399522,151.25,25
1719462400135,149.85,700
1719462401051,148.9,25
1719462401405,148.65,150
1719462402123,148.4,25
1719462403143,147.1,50
1719462403857,147.0,25
1719462403857,147.0,25
1719462405200,148.2,25
1719462406107,148.0,25
1719462406455,148.1,25
1719462406846,147.95,175
1719462407809,147.3,25
1719462408150,146.55,25
1719462409283,146.1,25
1719462409283,146.1,25
1719462410543,146.85,250
1719462411153,146.4,450
1719462411153,146.4,450
1719462411153,146.4,450
1719462413095,146.2,25
1719462414270,146.45,25
1719462414471,146.35,100
1719462415152,144.35,50
1719462416112,143.95,50
1719462416468,143.85,25
1719462417092,144.1,25
1719462417719,143.8,100
1719462418283,143.55,50
1719462419348,143.45,50
1719462419348,143.45,50
1719462420335,142.7,150
1719462420618,142.5,25
1719462421108,141.7,50
1719462421108,141.7,50
1719462422261,140.55,25
1719462423117,141.0,75
1719462423583,141.45,375
1719462424457,140.95,25
1719462424695,142.05,100
1719462425541,142.35,1075
1719462426315,142.0,75
1719462426504,142.45,25
1719462426745,141.8,25
1719462428086,143.2,100
1719462428254,143.1,25
1719462429253,142.35,25
1719462429818,142.75,100
1719462430030,143.25,100
1719462430904,143.25,100
1719462430904,143.25,100
1719462432314,142.7,100
1719462432921,143.4,450
1719462432921,143.4,450
1719462433995,143.1,25
1719462433995,143.1,25
1719462435332,142.4,25
1719462435812,141.7,100
1719462435812,141.7,100
1719462436549,142.2,25
1719462438088,141.3,50
1719462438271,141.8,25
1719462438271,141.8,25
1719462441038,142.2,100
1719462441038,142.2,100
1719462441917,141.6,50
1719462442995,141.65,275
1719462443982,141.55,25
1719462444617,140.5,50
1719462444617,140.5,50
1719462445436,140.1,25
1719462446549,140.0,25
1719462446907,140.05,75
1719462447955,140.55,25
1719462447955,140.55,25
1719462448768,141.3,325
1719462449529,141.2,25
1719462450268,141.3,200
1719462450750,141.5,25
1719462450920,141.9,25
1719462451206,141.9,25
1719462451206,141.9,25
1719462452857,142.55,25
1719462452857,142.55,25
1719462453975,141.35,50
1719462454514,141.75,150
1719462454514,141.75,150
1719462455616,140.95,50
1719462455616,140.95,50
1719462456770,141.6,25
1719462457734,141.6,100
1719462458349,141.7,25
1719462459132,141.85,25
1719462459752,141.35,75
1719462460049,141.3,25
1719462461099,141.3,150
1719462461390,141.25,25
1719462462212,140.55,25
1719462462212,140.55,25
1719462463762,140.0,100
1719462464356,139.75,50
1719462464894,139.95,25
1719462465568,139.55,25
1719462466062,138.75,25
1719462466227,138.85,25
1719462467079,138.0,25
1719462467969,137.9,25
1719462468251,138.45,25
1719462469561,138.2,25
1719462469561,138.2,25
1719462470189,137.5,25
1719462471089,136.95,75
1719462471586,136.2,100
1719462471999,136.45,150
1719462474099,136.1,25
1719462474842,136.15,225
1719462475315,136.35,25
1719462475756,135.85,125
1719462476355,135.0,25
1719462477347,135.15,50
1719462478185,135.05,25
1719462479119,136.0,200
1719462479848,135.95,25
1719462480103,135.4,25
1719462480696,134.6,25
1719462481310,133.7,25
1719462481606,134.15,25
1719462482189,134.0,25
1719462483131,132.85,25
1719462483637,133.2,75
1719462484876,133.7,50
1719462485148,133.55,25
1719462486064,134.25,25
1719462486448,134.1,25
1719462487334,134.55,200
1719462487975,135.3,25
1719462488335,135.35,25
1719462489478,134.35,25
1719462489721,134.8,25
1719462490255,134.5,25
1719462491390,134.75,100
1719462491568,134.35,25
1719462492580,134.3,100
1719462493004,134.15,25
1719462494163,134.65,50
1719462494862,134.3,25
1719462494862,134.3,25
1719462495995,135.0,75
1719462496457,134.4,25
1719462497129,133.9,50
1719462497971,134.3,100
1719462498296,134.2,25
1719462499461,135.6,25
1719462500023,135.35,25
1719462500023,135.35,25
1719462500985,134.5,25
1719462501485,134.95,100
1719462502162,134.55,25
1719462503239,134.2,25
1719462503239,134.2,25
1719462504796,133.65,150
1719462505294,133.8,125
1719462506411,133.0,25
1719462506411,133.0,25
1719462507419,132.7,50
1719462508162,133.0,25
1719462509137,133.35,100
1719462509406,133.45,25
1719462509406,133.45,25
1719462510560,133.9,25
1719462511347,133.15,25
1719462511484,133.1,25
1719462511756,132.7,25
1719462513203,132.5,25
1719462513203,132.5,25
1719462513203,132.5,25
1719462514492,132.4,25
1719462515171,132.6,50
1719462516358,132.65,25
1719462516590,132.4,25
1719462517133,132.5,175
1719462518178,132.7,50
1719462518874,133.3,50
1719462519432,133.4,50
1719462520208,132.85,150
1719462521028,133.0,50
1719462521028,133.0,50
1719462522291,134.25,50
1719462522882,133.5,50
1719462524190,133.75,25
1719462525070,133.35,25
1719462525070,133.35,25
1719462526427,133.75,50
1719462527244,133.65,25
1719462527796,133.4,25
1719462528243,133.5,25
1719462529183,133.75,25
1719462529970,134.4,75
1719462529970,134.4,75
1719462530234,134.6,50
1719462531579,134.3,25
1719462531579,134.3,25
1719462533061,133.7,25
1719462533061,133.7,25
1719462533461,133.85,25
1719462534949,134.0,100
1719462535221,133.95,25
1719462535221,133.95,25
1719462536489,134.1,25
1719462536489,134.1,25
1719462537346,133.5,75
1719462539131,133.65,25
1719462540096,133.35,25
1719462540268,133.4,25
1719462540688,133.4,25
1719462540688,133.4,25
1719462541658,133.25,25
1719462542217,133.35,25
1719462543122,133.55,50
1719462543122,133.55,50
1719462544217,133.7,25
1719462544217,133.7,25
1719462545533,133.45,225
1719462546108,133.7,25
1719462546672,133.85,100
1719462546831,133.8,50
1719462548255,133.65,25
1719462548255,133.65,25
1719462549005,133.35,25
1719462550086,133.3,25
1719462550086,133.3,25
1719462551005,133.1,25
1719462551005,133.1,25
1719462552173,133.35,25
1719462553039,133.1,25
1719462553306,133.3,50
1719462553306,133.3,50
1719462555114,132.55,400
1719462555114,132.55,400
1719462556356,132.4,25
1719462556356,132.4,25
1719462557218,132.05,50
1719462558211,132.05,25
1719462558211,132.05,25
1719462559274,132.25,150
1719462559274,132.25,150
1719462560607,132.45,25
1719462561606,132.0,25
1719462561606,132.0,25
1719462562006,131.65,50
1719462563145,132.35,75
1719462563375,132.5,25
1719462563823,132.25,100
1719462564922,131.75,50
1719462565393,132.3,75
1719462566165,132.3,50
1719462566165,132.3,50
1719462567184,132.0,25
1719462568420,131.8,25
1719462569978,131.75,25
1719462570100,131.75,50
1719462570760,131.8,25
1719462570928,132.15,25
1719462571466,131.0,250
1719462571466,131.0,250
1719462571466,131.0,250
1719462573790,131.5,50
1719462573953,131.95,100
1719462574686,131.4,75
1719462575373,132.05,25
1719462576000,132.45,250
1719462576000,132.45,250
1719462577249,132.7,25
1719462578115,133.05,50
1719462579268,133.5,50
1719462580101,133.5,25
1719462580591,133.65,100
1719462581465,133.4,25
1719462582418,133.95,50
1719462582765,133.35,25
1719462582765,133.35,25
1719462584409,132.75,125
1719462584569,132.8,175
1719462584569,132.8,175
1719462585988,132.95,25
1719462586671,132.75,50
1719462586671,132.75,50
1719462586671,132.75,50
1719462589544,132.7,75
1719462589544,132.7,75
1719462590371,132.05,25
1719462590890,132.6,200
1719462590890,132.6,200
1719462592076,132.7,250
1719462592076,132.7,250
1719462593575,132.85,25
1719462594272,132.5,25
1719462595248,132.6,100
1719462595875,132.8,25
1719462595875,132.8,25
1719462595875,132.8,25
1719462598429,132.4,25
1719462598804,132.0,500
1719462600096,132.1,50
1719462600380,131.0,250
1719462600763,130.95,25
1719462601030,130.35,25
1719462601667,130.6,25
1719462602272,130.7,25
1719462603356,130.8,125
1719462604161,131.2,25
1719462605170,131.7,25
1719462605170,131.7,25
1719462606245,132.25,25
1719462606245,132.25,25
1719462607320,131.85,25
1719462607905,132.2,25
1719462608416,132.95,50
1719462608731,131.55,25
1719462610035,132.5,25
1719462610276,132.25,25
1719462611115,131.8,75
1719462611810,132.0,25
1719462612368,132.2,25
1719462613254,131.6,25
1719462613504,131.65,25
1719462614150,131.95,25
1719462614697,131.7,25
1719462615223,131.25,75
1719462616366,131.6,150
1719462616715,131.6,25
1719462616927,132.05,25
1719462618674,132.25,25
1719462619115,132.5,25
1719462620113,132.65,25
1719462620787,132.8,25
1719462621574,132.15,25
1719462621574,132.15,25
1719462623453,132.5,75
1719462623453,132.5,75
1719462624255,132.75,25
1719462625005,132.85,25
1719462625254,133.0,25
1719462626254,133.0,25
1719462626503,133.1,25
1719462627122,132.8,25
1719462628254,132.1,25
1719462628254,132.1,25
1719462628655,132.15,25
1719462630144,132.0,25
1719462630144,132.0,25
1719462630144,132.0,25
1719462631253,132.0,25
1719462631753,132.15,25
1719462631882,131.9,100
1719462633253,131.55,25
1719462633503,131.7,25
1719462634084,131.15,50
1719462635253,131.35,25
1719462636059,131.2,25
1719462636788,131.55,25
1719462637457,131.2,25
1719462638647,131.35,50
1719462638647,131.35,50
1719462638753,131.35,25
1719462640254,132.1,25
1719462640503,132.1,25
1719462641843,131.45,25
1719462642254,131.8,25
1719462642503,132.1,25
1719462642503,132.1,25
1719462644503,132.4,25
1719462645134,131.55,25
1719462645134,131.55,25
1719462646458,131.45,100
1719462646458,131.45,100
1719462647629,131.7,50
1719462648254,131.75,25
1719462648503,131.75,25
1719462649034,131.1,100
1719462650254,132.05,25
1719462650503,132.0,25
1719462651253,132.05,25
1719462651753,131.7,25
1719462652040,131.65,25
1719462653031,131.5,25
1719462653503,131.8,25
1719462654365,131.85,75
1719462655212,132.0,25
1719462656257,131.7,25
1719462656753,131.8,25
1719462657004,131.85,25
1719462658228,130.35,25
1719462658228,130.35,25
1719462658930,130.75,50
1719462660279,129.75,25
1719462660840,129.45,25
1719462661257,129.1,100
1719462661852,129.7,25
1719462662491,129.15,25
1719462663605,129.65,50
1719462702830,128.35,100
1719462706142,128.4,200
1719462706142,128.4,200
1719462707316,127.35,25
1719462708178,128.3,25
1719462708178,128.3,25
1719462708865,127.35,25
1719462709723,128.0,25
1719462710530,128.15,200
1719462710530,128.15,200
1719462711916,127.75,25
1719462712720,127.5,25
1719462713152,127.0,25
1719462713600,127.15,25
1719462714219,126.5,25
1719462715060,125.8,25
1719462716095,126.5,25
1719462716860,126.15,50
1719462717087,126.2,50
1719462718507,125.95,25
1719462718507,125.95,25
1719462719245,126.1,25
1719462719940,126.2,50
1719462719940,126.2,50
1719462720853,126.05,25
1719462721316,124.7,25
1719462721912,123.85,25
1719462722259,123.65,25
1719462723208,123.3,25
1719462723704,124.0,1425
1719462724349,123.55,25
1719462725318,124.1,50
1719462725514,124.5,50
1719462726617,124.75,25
1719462726972,124.2,200
1719462727712,125.1,125
1719462728254,124.2,25
1719462728595,124.1,25
1719462729313,124.7,25
1719462730335,124.9,50
1719462730498,125.3,300
1719462731552,125.25,50
1719462731990,125.95,25
1719462732236,125.55,25
1719462733493,125.45,25
1719462734486,125.9,250
1719462735232,125.9,25
1719462735232,125.9,25
1719462736331,126.2,25
1719462736854,126.0,25
1719462737181,126.2,25
1719462737181,126.2,25
1719462738811,125.95,125
1719462739073,125.65,50
1719462740171,126.25,25
1719462740171,126.25,25
1719462741774,126.2,25
1719462741774,126.2,25
1719462741774,126.2,25
1719462745710,125.3,25
1719462746191,125.55,100
1719462746960,125.95,150
1719462747292,125.7,25
1719462747931,125.7,25
1719462748479,125.65,75
1719462748835,125.6,200
1719462748835,125.6,200
1719462750867,125.85,25
1719462750867,125.85,25
1719462751252,125.55,50
1719462751875,125.5,25
1719462752317,125.4,250
1719462753337,125.0,375
1719462753614,124.75,25
1719462754289,125.55,50
1719462754772,125.55,25
1719462756300,125.6,25
1719462756968,124.65,150
1719462757338,124.75,25
1719462758326,124.75,25
1719462759767,124.05,125
1719462760275,124.55,200
1719462761077,124.9,50
1719462761817,124.3,50
1719462762234,124.6,50
1719462763545,124.85,25
1719462763648,124.9,25
1719462764181,124.8,25
1719462765039,124.55,225
1719462766480,124.4,25
1719462766828,124.3,75
1719462767141,124.5,200
1719462768522,124.65,25
1719462768522,124.65,25
1719462769073,124.0,25
1719462769073,124.0,25
1719462771869,122.2,25
1719462772017,122.1,25
1719462772017,122.1,25
1719462773154,121.8,25
1719462773521,121.55,250
1719462774205,122.3,125
1719462774598,121.9,150
1719462776470,121.0,125
1719462776896,121.85,75
1719462776896,121.85,75
1719462778499,122.1,25
1719462778568,121.75,25
1719462779215,121.9,25
1719462780170,122.05,100
1719462780170,122.05,100
1719462780170,122.05,100
1719462781771,121.35,25
1719462781867,121.1,25
1719462782621,121.6,75
1719462783279,120.75,250
1719462783669,120.7,25
1719462783876,121.2,25
1719462784790,120.95,75
1719462786503,120.3,25
1719462787079,120.0,125
1719462787503,120.05,25
1719462788504,120.35,25
1719462788504,120.35,25
1719462789504,120.15,25
1719462790369,119.5,25
1719462791369,119.4,25
1719462791904,119.95,50
1719462792475,119.35,25
1719462793649,119.75,50
1719462793649,119.75,50
1719462794370,119.8,25
1719462795204,120.0,50
1719462795204,120.0,50
1719462796243,119.75,25
1719462796243,119.75,25
1719462797573,120.5,25
1719462798449,120.75,25
1719462798449,120.75,25
1719462799466,120.55,25
1719462800348,119.95,100
1719462800348,119.95,100
1719462801274,119.5,50
1719462801601,119.8,25
1719462802481,120.05,25
1719462802933,120.15,100
1719462802933,120.15,100
1719462804366,119.9,25
1719462805207,120.45,25
1719462805207,120.45,25
1719462806344,120.45,50
1719462807050,121.35,50
1719462807361,121.05,50
1719462808305,121.3,25
1719462808675,121.2,25
1719462809475,121.5,25
1719462810397,121.85,250
1719462810397,121.85,250
1719462810692,121.65,25
1719462811421,121.7,150
1719462811659,121.6,25
1719462812891,121.6,25
1719462813350,121.6,25
1719462813640,121.15,25
1719462814307,121.25,50
1719462815416,120.7,25
1719462816478,120.95,25
1719462816911,120.7,50
1719462817495,121.05,25
1719462818365,121.65,25
1719462818365,121.65,25
1719462819322,121.85,25
1719462820078,122.6,50
1719462820561,122.95,25
1719462821356,123.0,25
1719462822194,123.25,25
1719462822349,123.05,25
1719462823537,122.5,50
1719462823703,122.95,25
1719462824420,122.7,50
1719462824717,122.95,25
1719462824717,122.95,25
1719462825963,122.9,50
1719462826856,122.85,225
1719462826856,122.85,225
1719462827940,122.6,25
1719462827940,122.6,25
1719462829332,123.0,25
1719462829735,122.95,25
1719462830890,122.5,25
1719462831848,122.5,25
1719462831848,122.5,25
1719462832833,122.2,25
1719462833442,122.15,25
1719462833442,122.15,25
1719462835103,122.3,50
1719462836022,122.6,25
1719462836475,122.5,25
1719462836475,122.5,25
1719462838344,122.55,50
1719462838547,122.3,25
1719462838886,122.6,50
1719462838886,122.6,50
1719462838886,122.6,50
1719462841079,122.3,50
1719462841648,122.2,25
1719462841648,122.2,25
1719462843068,122.1,25
1719462843718,122.5,25
1719462843979,122.3,100
1719462845297,122.15,50
1719462845742,122.75,50
1719462846306,122.85,25
1719462846754,123.4,25
1719462846754,123.4,25
1719462848255,123.8,25
1719462848754,123.65,25
1719462849178,124.05,25
1719462850596,124.15,50
1719462851533,123.5,25
1719462851533,123.5,25
1719462852973,123.95,150
1719462852973,123.95,150
1719462853953,123.7,50
1719462854726,124.25,50
1719462855047,123.7,50
1719462856355,123.8,25
1719462857109,123.6,25
1719462857109,123.6,25
1719462857753,123.75,75
1719462858785,123.75,50
1719462859264,123.75,75
1719462860363,123.9,50
1719462860363,123.9,50
1719462861599,123.65,25
1719462861836,123.45,25
1719462861836,123.45,25
1719462862688,123.35,100
1719462864101,123.2,250
1719462865485,122.8,75
1719462865485,122.8,75
1719462867134,123.35,25
1719462868339,123.4,250
1719462868702,123.25,25
1719462869265,124.05,125
1719462972141,122.65,175
1719462972141,122.65,175
1719462973263,122.5,75
1719462973576,122.6,25
1719462974416,122.8,25
1719462975635,122.85,25
1719462975635,122.85,25
1719462976495,123.15,50
1719462977189,123.2,25
1719462977189,123.2,25
1719462978081,123.2,475
1719462978081,123.2,475
1719462979853,123.2,600
1719462980457,123.45,25
1719462980457,123.45,25
1719462981442,123.4,25
1719462981442,123.4,25
1719462982666,123.4,25
1719462983463,123.55,25
1719462983803,123.35,25
1719462984100,123.35,25
1719462985624,123.35,25
1719462985624,123.35,25
1719462986357,123.55,25
1719462987036,123.25,50
1719462987036,123.25,50
1719462988578,123.5,25
1719462988855,123.7,50
1719462989401,123.35,100
1719462990473,123.1,25
1719462990473,123.1,25
1719462990473,123.1,25
1719462991451,123.5,50
1719462992217,123.8,50
1719462992525,123.45,200
1719462993077,123.6,25
1719462993984,123.45,25
1719462994554,123.25,25
1719462995636,123.25,100
1719462996698,123.0,25
1719462996698,123.0,25
1719462997576,123.1,50
1719462998088,122.95,25
1719462998088,122.95,25
1719462999273,122.5,50
1719463000533,122.75,25
1719463000533,122.75,25
1719463001606,122.85,25
1719463001606,122.85,25
1719463002443,122.55,25
1719463003500,122.6,25
1719463003977,122.95,25
1719463004678,122.75,25
1719463005695,122.6,75
1719463005857,122.95,75
1719463006341,122.5,50
1719463006341,122.5,50
1719463007725,122.3,25
1719463008468,122.1,100
1719463008718,122.0,25
1719463009336,121.45,50
1719463010588,121.8,25
1719463011471,121.25,25
1719463012042,121.8,25
1719463012042,121.8,25
1719463012769,122.1,200
1719463014006,121.6,100
1719463014689,121.75,25
1719463014689,121.75,25
1719463017282,121.7,300
1719463017403,121.55,150
1719463017696,121.4,25
1719463018412,121.0,25
1719463018852,121.2,25
1719463018852,121.2,25
1719463019752,120.85,25
1719463020776,120.5,25
1719463021257,120.0,25
1719463021257,120.0,25
1719463022521,120.1,25
1719463023472,120.0,25
1719463023984,119.75,25
1719463024891,119.95,25
1719463025128,119.75,25
1719463025820,120.0,50
1719463026372,119.8,25
1719463027413,120.15,25
1719463027503,120.2,25
1719463028434,119.8,25
1719463028804,119.35,25
1719463029520,119.35,25
1719463030506,119.0,25
1719463030611,119.0,25
1719463031447,118.25,25
1719463032462,118.35,25
1719463032548,118.4,25
1719463033623,119.05,25
1719463034270,119.85,125
1719463035649,121.55,25
1719463036470,122.0,25
1719463037360,122.35,25
1719463037360,122.35,25
1719463037806,122.4,25
1719463039030,123.0,1725
1719463039567,122.6,25
1719463040346,122.8,25
1719463041564,122.9,50
1719463042428,123.0,25
1719463042512,122.95,25
1719463043707,123.0,25
1719463044043,122.9,25
1719463044139,122.9,25
1719463045331,122.75,25
1719463045331,122.75,25
1719463046709,122.45,25
1719463047304,122.55,25
1719463047557,122.75,25
1719463048336,122.5,25
1719463049041,122.45,25
1719463049498,122.65,25
1719463050452,123.1,50
1719463050652,122.9,25
1719463050853,122.95,25
1719463051893,123.3,25
1719463052460,123.7,25
1719463052492,123.7,25
1719463053602,123.65,25
1719463053602,123.65,25
1719463054465,123.55,25
1719463055560,123.75,25
1719463056286,123.4,25
1719463057231,123.7,25
1719463057231,123.7,25
1719463058412,124.2,25
1719463058801,123.85,25
1719463059564,123.85,25
1719463059812,123.65,25
1719463060592,123.85,25
1719463061297,123.65,25
1719463062474,122.9,25
1719463062622,122.85,75
1719463064102,123.65,25
1719463064560,123.8,25
1719463065322,123.95,150
1719463065322,123.95,150
1719463066887,124.1,25
1719463067094,124.15,25
1719463067094,124.15,25
1719463068656,122.65,25
1719463068835,123.35,25
1719463068835,123.35,25
1719463070663,123.0,25
1719463071202,123.1,25
1719463072130,123.55,75
1719463073646,123.65,50
1719463073997,124.1,100
1719463073997,124.1,100
1719463075375,123.65,50
1719463077080,123.65,25
1719463077080,123.65,25
1719463077657,123.7,25
1719463078891,123.7,25
1719463078891,123.7,25
1719463079277,123.35,50
1719463079986,124.05,25
1719463081392,123.45,25
1719463082290,123.85,50
1719463082999,123.7,25
1719463084049,123.25,25
1719463084474,122.55,50
1719463085003,122.9,25
1719463085574,122.95,75
1719463086707,123.35,25
1719463087191,123.3,25
1719463088504,123.15,25
1719463088949,123.7,25
1719463089733,123.5,25
1719463089733,123.5,25
1719463089733,123.5,25
1719463091066,123.7,75
1719463092219,123.3,50
1719463093467,124.0,25
1719463094119,123.7,25
1719463094119,123.7,25
1719463095719,123.25,25
1719463096537,122.4,25
1719463097034,122.85,100
1719463097814,123.55,25
1719463099061,123.8,25
1719463099695,123.85,25
1719463100209,124.1,25
1719463100209,124.1,25
1719463101010,123.45,25
1719463102254,123.4,50
1719463103227,123.4,25
1719463103227,123.4,25
1719463104706,123.75,25
1719463104954,123.35,25
1719463105728,123.3,25
1719463105963,123.65,50
1719463105963,123.65,50
1719463107736,123.6,25
1719463108610,123.45,25
1719463109010,123.7,25
1719463109509,123.85,25
1719463110068,124.25,25
1719463110068,124.25,25
1719463111244,123.85,200
1719463112441,123.9,25
1719463113423,123.85,25
1719463113637,124.1,75
1719463114657,124.25,25
1719463115211,124.45,100
1719463116430,123.95,75
1719463116430,123.95,75
1719463117941,123.9,50
1719463118416,123.55,50
1719463118670,124.1,25
1719463119314,123.65,25
1719463120149,123.85,25
1719463120149,123.85,25
1719463121435,122.6,25
1719463121755,122.25,100
1719463121755,122.25,100
1719463123506,122.35,25
1719463123506,122.35,25
1719463124861,122.0,675
1719463125331,121.7,125
1719463125331,121.7,125
1719463126040,121.9,25
1719463127410,120.8,25
1719463127706,120.85,25
1719463128563,121.6,100
1719463129166,122.1,25
1719463129166,122.1,25
1719463130779,122.6,100
1719463130779,122.6,100
1719463131099,123.0,25
1719463132562,122.95,25
1719463132657,122.5,100
1719463132657,122.5,100
1719463134451,122.25,25
1719463136111,122.35,25
1719463137502,122.5,50
1719463137828,122.15,75
1719463139138,121.25,125
1719463139406,121.0,25
1719463320763,120.8,25
1719463320763,120.8,25
1719463321125,120.0,25
1719463322484,119.85,25
1719463323310,119.85,50
1719463324356,120.3,50
1719463324503,120.0,25
1719463325381,120.25,50
1719463325381,120.25,50
1719463325381,120.25,50
1719463328067,121.05,100
1719463328527,120.6,25
1719463328857,120.5,50
1719463328857,120.5,50
1719463330512,120.45,50
1719463330512,120.45,50
1719463330512,120.45,50
1719463333568,120.7,50
1719463334081,120.85,25
1719463334081,120.85,25
1719463334957,120.75,275
1719463334957,120.75,275
1719463336453,120.7,25
1719463337539,120.3,25
1719463337539,120.3,25
1719463337539,120.3,25
1719463339607,120.55,25
1719463340568,120.55,25
1719463340931,120.85,25
1719463341457,120.45,25
1719463341457,120.45,25
1719463343276,120.4,150
1719463343657,120.6,25
1719463343657,120.6,25
1719463344473,120.8,25
1719463345697,120.8,75
1719463345697,120.8,75
1719463346596,120.65,25
1719463346596,120.65,25
1719463348875,121.6,50
1719463348875,121.6,50
1719463349603,120.65,50
1719463350700,120.3,125
1719463350700,120.3,125
1719463351038,120.45,25
1719463351584,120.85,25
1719463351584,120.85,25
1719463353926,120.45,175
1719463353926,120.45,175
1719463355194,120.05,75
1719463355556,119.95,25
1719463355556,119.95,25
1719463357035,118.85,25
1719463357035,118.85,25
1719463358070,119.65,25
1719463358313,118.95,75
1719463358313,118.95,75
1719463360078,118.7,25
1719463360549,119.35,350
1719463360974,119.45,25
1719463361178,118.7,75
1719463362647,119.85,150
1719463362851,119.75,25
1719463364066,120.75,300
1719463364144,120.1,50
1719463364144,120.1,50
1719463365908,120.15,25
1719463366875,120.0,50
1719463366875,120.0,50
1719463369050,119.75,25
1719463369050,119.75,25
1719463369605,119.85,25
1719463369605,119.85,25
1719463371870,119.9,100
1719463372221,119.8,50
1719463373822,119.45,25
1719463373822,119.45,25
1719463374440,119.3,25
1719463375508,119.85,50
1719463375997,119.65,100
1719463376563,120.0,75
1719463379324,120.45,25
1719463379324,120.45,25
1719463379814,121.3,125
1719463380813,121.0,25
1719463380813,121.0,25
1719463381103,121.65,175
1719463381103,121.65,175
1719463381103,121.65,175
1719463383273,121.95,25
1719463383828,121.65,125
1719463384294,120.75,100
1719463384718,120.4,150
1719463385162,120.65,25
1719463385162,120.65,25
1719463386503,120.2,25
1719463387718,119.95,25
1719463387873,120.1,25
1719463388504,120.3,25
1719463388754,120.2,25
1719463388754,120.2,25
1719463391144,121.0,50
1719463391144,121.0,50
1719463392094,121.6,25
1719463392793,121.6,25
1719463393575,121.4,25
1719463393926,121.45,50
1719463393926,121.45,50
1719463394864,121.7,25
1719463394864,121.7,25
1719463396515,122.0,100
1719463397605,122.1,50
1719463397768,121.95,25
1719463397768,121.95,25
1719463397768,121.95,25
1719463399870,121.5,125
1719463400124,121.8,75
1719463400920,121.65,200
1719463400920,121.65,200
1719463401811,122.25,25
1719463402921,122.0,25
1719463403704,122.0,25
1719463404093,122.15,25
1719463404093,122.15,25
1719463405439,122.0,50
1719463405439,122.0,50
1719463406763,122.55,75
1719463407578,123.0,25
1719463407578,123.0,25
1719463408516,123.2,25
1719463409016,123.5,25
1719463409016,123.5,25
1719463410859,123.6,25
1719463411038,123.8,600
1719463411038,123.8,600
1719463412588,123.25,75
1719463412588,123.25,75
1719463413390,122.95,25
1719463414301,122.65,25
1719463414301,122.65,25
1719463414301,122.65,25
1719463417490,123.45,25
1719463417490,123.45,25
1719463418080,123.65,25
1719463418347,123.8,125
1719463419077,123.5,25
1719463419680,123.3,200
1719463420192,123.5,25
1719463420192,123.5,25
1719463421225,123.55,75
1719463421924,123.4,25
1719463423512,123.8,150
1719463423512,123.8,150
1719463424816,123.5,50
1719463424816,123.5,50
1719463426334,123.55,25
1719463426856,123.15,25
1719463426856,123.15,25
1719463428088,124.0,50
1719463428692,126.25,50
1719463428692,126.25,50
1719463429882,125.4,25
1719463430660,124.85,100
1719463430938,124.55,25
1719463431459,124.8,25
1719463432784,126.1,25
1719463433113,125.8,50
1719463433817,125.4,25
1719463433817,125.4,25
1719463435647,125.0,25
1719463435647,125.0,25
1719463435647,125.0,25
1719463438646,125.3,125
1719463439462,125.35,25
1719463439837,125.15,100
1719463440321,124.95,25
1719463440321,124.95,25
1719463440321,124.95,25
1719463441702,125.0,100
1719463442531,124.15,25
1719463442531,124.15,25
1719463443129,124.05,25
1719463444630,124.45,25
1719463444748,124.55,100
1719463446178,124.1,75
1719463446178,124.1,75
1719463447014,124.45,100
1719463447014,124.45,100
1719463447014,124.45,100
1719463450111,124.05,50
1719463450111,124.05,50
1719463451364,124.3,25
1719463451796,124.9,25
1719463451796,124.9,25
1719463453129,124.0,225
1719463453225,124.45,100
1719463453225,124.45,100
1719463453225,124.45,100
1719463457289,124.05,50
1719463457570,124.4,50
1719463460857,124.5,200
1719463460857,124.5,200
1719463462447,124.0,125
1719463462447,124.0,125
1719463463523,123.9,50
1719463464427,124.3,25
1719463464427,124.3,25
1719463464888,124.0,25
1719463465721,124.05,25
1719463465721,124.05,25
1719463466761,124.1,25
1719463467623,123.6,25
1719463467623,123.6,25
1719463468478,124.15,25
1719463468478,124.15,25
1719463469691,124.0,25
1719463470704,122.45,25
1719463471074,122.2,25
1719463471870,122.7,175
1719463472266,122.6,200
1719463473710,122.85,225
1719463474210,122.5,200
1719463474210,122.5,200
1719463474898,123.0,100
1719463474898,123.0,100
1719463474898,123.0,100
1719463477772,123.15,50
1719463478590,123.65,50
1719463479220,124.0,50
1719463479220,124.0,50
1719463480741,124.35,175
1719463480960,124.1,250
1719463481532,124.5,25
1719463481532,124.5,25
1719463482888,124.3,25
1719463483801,124.6,25
1719463484481,124.2,75
1719463484590,124.15,50
1719463485011,124.4,25
1719463485910,124.15,25
1719463486705,124.05,25
1719463487692,124.35,25
1719463488688,124.4,50
1719463488688,124.4,50
1719463489535,123.95,25
1719463490558,124.35,25
1719463491112,124.7,50
1719463491112,124.7,50
1719463492706,125.0,50
1719463492706,125.0,50
1719463493583,124.55,50
1719463493583,124.55,50
1719463494999,124.35,175
1719463496021,124.5,25
1719463496377,124.5,25
1719463497121,124.7,25
1719463497856,124.05,25
1719463499124,124.35,25
1719463499124,124.35,25
1719463499124,124.35,25
1719463499124,124.35,25
1719463501184,123.95,50
1719463501896,124.3,25
1719463502017,124.3,25
1719463503746,124.6,25
1719463504014,124.7,25
1719463504014,124.7,25
1719463505707,125.0,75
1719463506132,125.25,100
1719463506132,125.25,100
1719463506132,125.25,100
1719463508942,124.3,25
1719463509521,124.0,25
1719463509521,124.0,25
1719463510220,124.3,50
1719463510220,124.3,50
1719463511635,125.05,50
1719463512343,125.25,75
1719463513542,124.9,50
1719463514430,125.0,200
1719463514430,125.0,200
1719463515428,125.1,825
1719463515428,125.1,825
1719463516445,125.35,25
1719463517699,125.0,25
1719463518805,125.5,225
1719463519357,124.9,125
1719463519357,124.9,125
1719463519357,124.9,125
1719463521772,124.6,50
1719463521772,124.6,50
1719463523557,124.3,25
1719463523813,124.1,375
1719463523813,124.1,375
1719463523813,124.1,375
1719463526254,123.95,25
1719463527649,123.65,25
1719463528533,123.5,25
1719463528533,123.5,25
1719463529834,123.4,25
1719463530589,122.95,25
1719463531118,122.6,25
1719463531748,122.6,25
1719463531915,122.85,25
1719463531915,122.85,25
1719463533557,122.75,50
1719463533557,122.75,50
1719463535518,122.8,650
1719463535518,122.8,650
1719463537063,122.3,25
1719463537463,122.25,50
1719463537463,122.25,50
1719463538698,122.15,25
1719463539433,122.75,25
1719463539433,122.75,25
1719463541154,122.35,300
1719463541749,123.15,50
1719463542285,122.8,25
1719463542285,122.8,25
1719463545564,122.35,250
1719463545564,122.35,250
1719463546230,122.3,25
1719463546945,122.2,50
1719463547568,122.1,25
1719463547568,122.1,25
1719463573122,124.35,25
1719463575689,124.15,25
1719463575689,124.15,25
1719463575689,124.15,25
1719463575689,124.15,25
1719463575689,124.15,25
1719463582453,124.7,25
1719463582453,124.7,25
1719463583589,124.95,25
1719463583740,125.0,25
1719463584586,125.3,100
1719463584586,125.3,100
1719463585757,125.1,25
1719463585757,125.1,25
1719463586892,124.55,75
1719463587123,124.4,50
1719463587123,124.4,50
1719463588499,124.55,25
1719463588499,124.55,25
1719463588499,124.55,25
1719463588499,124.55,25
1719463588499,124.55,25
1719463588499,124.55,25
1719463594952,125.0,25
1719463594952,125.0,25
1719463596295,125.0,25
1719463597280,125.2,25
1719463597903,125.25,25
1719463597903,125.25,25
1719463597903,125.25,25
1719463600342,124.95,50
1719463600342,124.95,50
1719463601614,125.4,50
1719463601614,125.4,50
1719463602964,124.05,25
1719463603707,123.75,100
1719463604620,123.4,50
1719463604620,123.4,50
1719463605740,122.85,25
1719463605740,122.85,25
1719463607304,123.0,25
1719463607678,123.25,150
1719463608795,123.2,100
1719463609486,124.0,100
1719463609486,124.0,100
1719463609486,124.0,100
1719463611454,124.2,100
1719463611454,124.2,100
1719463611454,124.2,100
1719463615239,124.8,50
1719463615239,124.8,50
1719463615239,124.8,50
1719463616835,124.0,100
1719463616835,124.0,100
1719463616835,124.0,100
1719463616835,124.0,100
1719463616835,124.0,100
1719463622110,125.5,25
1719463622110,125.5,25
1719463622110,125.5,25
1719463622110,125.5,25
1719463626627,125.3,75
1719463626627,125.3,75
1719463629048,125.05,25
1719463629704,124.75,125
1719463629704,124.75,125
1719463630683,124.2,125
1719463630683,124.2,125
1719463631418,124.9,125
1719463631418,124.9,125
1719463633482,124.8,25
1719463633482,124.8,25
1719463634835,124.45,100
1719463635976,124.85,25
1719463635976,124.85,25
1719463636734,124.95,50
1719463637813,124.0,475
1719463638833,124.6,50
1719463638868,124.7,25
1719463638868,124.7,25
1719463639923,124.15,200
1719463639923,124.15,200
1719463641545,123.8,25
1719463642764,123.95,25
1719463642764,123.95,25
1719463643572,123.7,25
1719463643572,123.7,25
1719463646265,123.95,75
1719463646265,123.95,75
1719463646265,123.95,75
1719463647954,124.5,200
1719463647954,124.5,200
1719463650429,125.1,100
1719463650429,125.1,100
1719463651137,124.9,25
1719463651137,124.9,25
1719463652609,124.8,75
1719463652908,125.0,125
1719463653458,125.0,25
1719463654774,125.15,25
1719463655350,124.9,100
1719463655350,124.9,100
1719463655350,124.9,100
1719463655350,124.9,100
1719463660804,125.15,125
1719463661361,125.45,50
1719463661361,125.45,50
1719463661361,125.45,50
1719463661361,125.45,50
1719463665906,125.7,100
1719463665906,125.7,100
1719463667726,125.15,50
1719463667726,125.15,50
1719463667726,125.15,50
1719463667726,125.15,50
1719463672228,125.5,100
1719463672465,125.45,25
1719463672465,125.45,25
1719463673614,124.9,150
1719463673614,124.9,150
1719463676147,125.45,25
1719463676147,125.45,25
1719463676559,125.8,25
1719463676559,125.8,25
1719463678992,125.35,150
1719463678992,125.35,150
1719463680709,126.0,25
1719463681348,126.1,150
1719463681348,126.1,150
1719463682997,126.0,50
1719463683763,125.65,25
1719463683763,125.65,25
1719463686087,125.35,25
1719463686087,125.35,25
1719463686087,125.35,25
1719463689041,125.45,75
1719463689749,125.6,200
1719463689749,125.6,200
1719463690685,125.7,25
1719463690685,125.7,25
1719463691853,125.9,50
1719463692563,125.7,25
1719463692563,125.7,25
1719463694097,125.45,150
1719463694297,125.6,25
1719463695765,125.5,25
1719463696363,125.85,75
1719463696363,125.85,75
1719463696363,125.85,75
1719463696363,125.85,75
1719463700153,125.35,100
1719463700316,125.55,25
1719463701329,124.75,25
1719463701329,124.75,25
1719463702568,125.75,25
1719463702568,125.75,25
1719463703707,124.8,50
1719463703707,124.8,50
1719463703707,124.8,50
1719463703707,124.8,50
1719463709150,124.55,25
1719463709898,124.65,75
1719463710169,124.55,325
1719463710169,124.55,325
1719463711727,124.0,25
1719463712177,123.35,50
1719463712177,123.35,50
1719463713585,123.8,200
1719463713585,123.8,200
1719463714926,124.45,25
1719463715100,124.1,100
1719463715100,124.1,100
1719463715100,124.1,100
1719463718613,123.9,75
1719463719546,123.35,25
1719463719546,123.35,25
1719463719983,122.95,25
1719463719983,122.95,25
1719463722642,122.9,25
1719463722880,122.8,25
1719463723059,123.25,50
1719463723059,123.25,50
1719463724737,123.45,50
1719463724737,123.45,50
1719463724737,123.45,50
1719463726749,124.0,600
1719463727496,123.4,250
1719463727496,123.4,250
1719463727496,123.4,250
1719463727496,123.4,250
1719463732257,124.0,25
1719463732257,124.0,25
1719463732257,124.0,25
1719463735141,123.85,25
1719463735141,123.85,25
1719463735141,123.85,25
1719463739754,123.4,25
1719463739754,123.4,25
1719463739754,123.4,25
1719463741681,123.4,75
1719463742264,123.7,25
1719463742264,123.7,25
1719463743385,123.4,50
1719463743385,123.4,50
1719463745195,123.5,25
1719463745195,123.5,25
1719463746912,123.65,50
1719463746912,123.65,50
1719463749375,123.75,25
1719463749375,123.75,25
1719463749375,123.75,25
1719463751500,123.3,25
1719463752522,122.9,100
1719463752522,122.9,100
1719463753756,122.85,75
1719463753756,122.85,75
1719463753756,122.85,75
1719463753756,122.85,75
1719463758916,122.5,100
1719463759880,122.0,300
1719463760058,121.7,200
1719463760217,121.55,300
1719463760217,121.55,300
1719463760217,121.55,300
1719463763767,121.05,25
1719463763767,121.05,25
1719463765459,121.65,75
1719463765697,121.6,25
1719463766352,122.4,200
1719463766352,122.4,200
1719463766352,122.4,200
1719463769851,122.55,250
1719463769851,122.55,250
1719463769851,122.55,250
1719463769851,122.55,250
1719463773881,121.8,50
1719463773881,121.8,50
1719463773881,121.8,50
1719463777000,120.8,25
1719463777000,120.8,25
1719463778524,121.35,25
1719463778707,121.6,25
1719463778707,121.6,25
1719463780005,121.35,25
1719463780286,121.35,75
1719463780286,121.35,75
1719463780286,121.35,75
1719463784634,121.4,25
1719463784634,121.4,25
1719463784634,121.4,25
1719463784634,121.4,25
1719463788214,121.75,25
1719463788214,121.75,25
1719463790977,121.35,225
1719463790977,121.35,225
1719463790977,121.35,225
1719463793703,121.0,25
1719463794068,120.55,250
1719463794068,120.55,250
1719463795952,121.0,100
1719463795952,121.0,100
1719463797645,121.4,25
1719463797645,121.4,25
1719463798905,121.6,250
1719463799312,121.7,25
1719463799312,121.7,25
1719463799312,121.7,25
1719463799312,121.7,25
1719463799312,121.7,25
1719463803965,121.55,25
1719463803965,121.55,25
1719463803965,121.55,25
1719463803965,121.55,25
1719463808254,121.1,25
1719463809322,121.3,25
1719463809322,121.3,25
1719463810255,121.1,25
1719463810745,121.1,25
1719463810745,121.1,25
1719463813157,120.35,25
1719463813305,120.4,25
1719463814016,119.8,400
1719463814016,119.8,400
1719463814918,119.6,25
1719463815509,119.9,25
1719463815509,119.9,25
1719463817480,121.1,25
1719463817480,121.1,25
1719463817480,121.1,25
1719463817480,121.1,25
1719463817480,121.1,25
1719463823697,120.5,25
1719463823782,120.85,25
1719463823782,120.85,25
1719463826487,120.6,75
1719463826487,120.6,75
1719463826487,120.6,75
1719463830105,122.5,25
1719463830105,122.5,25
1719463830105,122.5,25
1719463830105,122.5,25
1719463833906,121.6,150
1719463833906,121.6,150
1719463833906,121.6,150
1719463837274,121.95,75
1719463837274,121.95,75
1719463839140,122.05,25
1719463839140,122.05,25
1719463839140,122.05,25
1719463842299,122.95,25
1719463842299,122.95,25
1719463844697,123.55,25
1719463844697,123.55,25
1719463845651,123.75,25
1719463846388,123.8,250
1719463846388,123.8,250
1719463847333,123.5,25
1719463847693,123.55,75
1719463847693,123.55,75
1719463847693,123.55,75
1719463851127,124.0,25
1719463851127,124.0,25
1719463851723,123.65,25
1719463851723,123.65,25
1719463853501,124.0,50
1719463853601,124.0,850
1719463853601,124.0,850
1719463856261,124.3,100
1719463856261,124.3,100
1719463856981,124.4,175
1719463857719,124.0,175
1719463858052,123.6,25
1719463859168,122.25,50
1719463859168,122.25,50
1719463859972,122.55,50
1719463859972,122.55,50
1719463859972,122.55,50
1719463861975,122.15,800
1719463861975,122.15,800
1719463864825,122.4,25
1719463864825,122.4,25
1719463865604,122.35,25
1719463866649,123.1,175
1719463866649,123.1,175
1719463867935,123.65,175
1719463867935,123.65,175
1719463869811,123.4,25
1719463869811,123.4,25
1719463870367,123.15,25
1719463871274,123.15,75
1719463871781,123.2,25
1719463872319,122.95,25
1719463873052,123.0,250
1719463873052,123.0,250
1719463875039,123.25,25
1719463875039,123.25,25
1719463876560,123.5,25
1719463876560,123.5,25
1719463877219,123.0,50
1719463877219,123.0,50
1719463878706,122.75,25
1719463878706,122.75,25
1719463878706,122.75,25
1719463882427,122.0,100
1719463882427,122.0,100
1719463882427,122.0,100
1719463882427,122.0,100
1719463888148,121.4,50
1719463888148,121.4,50
1719463889404,121.0,375
1719463889404,121.0,375
1719463889404,121.0,375
1719463891239,121.45,200
1719463891239,121.45,200
1719463891239,121.45,200
1719463891239,121.45,200
1719463896124,122.15,200
1719463896124,122.15,200
1719463896124,122.15,200
1719463896124,122.15,200
1719463901009,121.45,50
1719463901009,121.45,50
1719463901948,121.2,150
1719463902786,121.45,25
1719463902786,121.45,25
1719463902786,121.45,25
1719463906726,121.75,50
1719463906726,121.75,50
1719463907189,121.45,50
1719463907189,121.45,50
1719463909632,121.2,100
1719463909841,121.4,75
1719463909841,121.4,75
1719463912076,121.45,50
1719463912076,121.45,50
1719463914453,120.95,50
1719463914453,120.95,50
1719463915727,120.85,50
1719463915727,120.85,50
1719463915727,120.85,50
1719463918504,121.3,50
1719463919593,121.65,25
1719463919968,121.65,125
1719463919968,121.65,125
1719463920318,121.25,225
1719463920318,121.25,225
1719463921396,122.0,25
1719463921396,122.0,25
1719463922984,122.15,75
1719463922984,122.15,75
1719463923774,121.65,25
1719463923774,121.65,25
1719463925625,122.05,25
1719463926120,121.75,25
1719463926254,121.65,25
1719463926254,121.65,25
1719463927659,122.0,25
1719463927659,122.0,25
1719463928916,122.2,25
1719463929252,122.4,25
1719463929252,122.4,25
1719463931295,121.85,25
1719463931602,121.7,50
1719463931602,121.7,50
1719463932556,121.45,25
1719463933358,121.3,50
1719463933924,120.9,25
1719463934994,120.6,25
1719463936093,119.8,325
1719463936536,120.4,25
1719463936536,120.4,25
1719463936536,120.4,25
1719463936536,120.4,25
1719463940406,121.25,25
1719463940406,121.25,25
1719463940406,121.25,25
1719463944505,121.85,75
1719463944505,121.85,75
1719463944505,121.85,75
1719463944505,121.85,75
1719463944505,121.85,75
1719463944505,121.85,75
1719463944505,121.85,75
1719463944505,121.85,75
1719463944505,121.85,75
1719463944505,121.85,75
1719463956901,123.2,25
1719463956901,123.2,25
1719463959562,122.95,200
1719463959562,122.95,200
1719463961441,123.25,25
1719463961441,123.25,25
1719463962319,123.05,50
1719463962319,123.05,50
1719463963634,123.05,25
1719463963634,123.05,25
1719463965130,123.0,50
1719463965836,123.0,500
1719463966788,123.0,50
1719463967004,123.0,450
1719463967076,122.7,50
1719463967076,122.7,50
1719463969138,123.4,125
1719463969881,123.2,150
1719463971256,123.35,50
1719463971256,123.35,50
1719463971256,123.35,50
1719463974523,123.15,50
1719463974523,123.15,50
1719463975616,123.7,25
1719463976759,123.4,50
1719463976759,123.4,50
1719463976759,123.4,50
1719463980312,122.5,50
1719463980312,122.5,50
1719463980312,122.5,50
1719463980312,122.5,50
1719463983595,122.3,100
1719463983595,122.3,100
1719463983595,122.3,100
1719463986916,122.85,75
1719463988072,123.15,25
1719463988072,123.15,25
1719463988674,123.4,25
1719463988674,123.4,25
1719463988674,123.4,25
1719463991985,123.25,25
1719463991985,123.25,25
1719463991985,123.25,25
1719463995237,123.65,25
1719463995237,123.65,25
1719463997596,123.6,100
1719463997596,123.6,100
1719463999187,123.55,25
1719463999187,123.55,25
1719464000699,124.2,25
1719464000699,124.2,25
1719464002407,123.55,25
1719464003316,123.0,125
1719464003986,123.0,575
1719464003986,123.0,575
1719464003986,123.0,575
1719464007861,123.6,25
1719464007861,123.6,25
1719464007861,123.6,25
1719464010646,123.65,25
1719464010646,123.65,25
1719464011074,123.4,25
1719464011074,123.4,25
1719464011074,123.4,25
1719464011074,123.4,25
1719464011074,123.4,25
1719464011074,123.4,25
1719464011074,123.4,25
1719464020928,123.0,150
1719464021465,122.55,200
1719464021465,122.55,200
1719464021465,122.55,200
1719464021465,122.55,200
1719464026843,123.5,200
1719464026843,123.5,200
1719464026843,123.5,200
1719464026843,123.5,200
1719464030504,123.4,50
1719464030504,123.4,50
1719464033040,123.75,25
1719464033040,123.75,25
1719464034255,123.65,50
1719464034350,124.0,25
1719464036754,124.2,25
1719464036754,124.2,25
1719464039450,124.25,125
1719464039864,124.1,25
1719464040258,124.45,50
1719464040258,124.45,50
1719464040258,124.45,50
1719464040258,124.45,50
1719464043590,124.15,75
1719464044445,124.75,25
1719464044445,124.75,25
1719464044445,124.75,25
1719464044445,124.75,25
1719464049902,124.4,75
1719464049902,124.4,75
1719464050942,124.95,50
1719464051679,124.75,200
1719464052043,125.0,25
1719464053047,124.95,25
1719464053047,124.95,25
1719464054158,124.45,25
1719464054636,124.25,25
1719464055368,123.95,75
1719464055368,123.95,75
1719464055368,123.95,75
1719464058267,123.85,75
1719464058267,123.85,75
1719464058750,124.1,150
1719464059641,124.25,25
1719464059641,124.25,25
1719464061589,125.0,25
1719464061589,125.0,25
1719464061589,125.0,25
1719464065115,125.35,50
1719464065558,125.1,300
1719464066334,125.45,200
1719464066334,125.45,200
1719464066334,125.45,200
1719464066334,125.45,200
1719464066334,125.45,200
1719464071616,125.25,25
1719464071616,125.25,25
1719464071616,125.25,25
1719464074268,125.45,175
1719464075119,124.9,25
1719464075119,124.9,25
1719464075119,124.9,25
1719464075119,124.9,25
1719464078571,125.25,25
1719464078636,125.0,25
1719464079862,125.3,25
1719464080163,125.5,500
1719464080674,125.15,75
1719464081963,125.15,25
1719464082093,125.5,25
1719464083033,125.45,25
1719464083591,125.5,25
1719464083591,125.5,25
1719464084612,126.05,75
1719464084612,126.05,75
1719464086255,125.5,75
1719464086458,125.85,25
1719464086458,125.85,25
1719464088375,125.95,25
1719464088586,125.95,25
1719464088845,125.9,25
1719464089588,125.85,25
1719464089588,125.85,25
1719464091474,125.5,25
1719464091474,125.5,25
1719464092327,125.3,25
1719464092584,124.65,50
1719464092584,124.65,50
1719464093896,124.4,100
1719464094186,123.9,25
1719464095406,123.8,75
1719464095406,123.8,75
1719464095406,123.8,75
1719464097560,124.0,25
1719464097560,124.0,25
1719464100168,124.85,25
1719464100168,124.85,25
1719464100735,124.8,25
1719464100735,124.8,25
1719464100735,124.8,25
1719464102196,124.4,150
1719464102196,124.4,150
1719464104850,124.25,25
1719464105007,124.25,25
1719464105007,124.25,25
1719464106035,124.1,25
1719464106906,124.05,25
1719464107660,124.4,50
1719464107660,124.4,50
1719464107660,124.4,50
1719464110539,124.9,25
1719464111523,124.8,25
1719464111523,124.8,25
1719464112562,124.75,25
1719464112562,124.75,25
1719464114077,124.95,175
1719464114077,124.95,175
1719464116600,124.4,50
1719464116600,124.4,50
1719464116600,124.4,50
1719464118990,124.0,125
1719464118990,124.0,125
1719464120780,123.6,150
1719464120780,123.6,150
1719464122440,123.85,75
1719464122691,123.85,50
1719464122691,123.85,50
1719464124774,124.45,175
1719464124774,124.45,175
1719464126902,124.5,25
1719464126902,124.5,25
1719464127150,124.65,75
1719464127150,124.65,75
1719464127150,124.65,75
1719464130749,124.2,50
1719464130749,124.2,50
1719464130749,124.2,50
1719464134222,124.8,50
1719464134222,124.8,50
1719464135830,125.25,25
1719464135830,125.25,25
1719464135830,125.25,25
1719464139638,126.0,200
1719464139638,126.0,200
1719464139638,126.0,200
1719464139638,126.0,200
1719464143948,124.85,25
1719464144948,124.4,25
1719464144948,124.4,25
1719464146918,124.85,25
1719464146918,124.85,25
1719464146918,124.85,25
1719464149471,124.8,125
1719464150212,124.4,100
1719464150212,124.4,100
1719464150212,124.4,100
1719464152689,124.55,75
1719464152860,124.55,25
1719464152860,124.55,25
1719464154542,124.15,25
1719464154917,124.4,25
1719464154917,124.4,25
1719464155845,125.3,175
1719464155845,125.3,175
1719464155845,125.3,175
1719464155845,125.3,175
1719464155845,125.3,175
1719464161697,124.9,25
1719464161697,124.9,25
1719464161697,124.9,25
1719464163949,124.4,100
1719464163949,124.4,100
1719464167104,124.8,50
1719464167104,124.8,50
1719464167104,124.8,50
1719464167104,124.8,50
1719464167104,124.8,50
1719464173442,123.95,100
1719464173751,124.25,50
1719464173751,124.25,50
1719464175878,124.85,75
1719464175878,124.85,75
1719464175878,124.85,75
1719464175878,124.85,75
1719464175878,124.85,75
1719464182276,123.95,25
1719464183003,124.25,25
1719464183003,124.25,25
1719464184447,124.05,25
1719464184447,124.05,25
1719464184447,124.05,25
1719464188190,124.7,75
1719464188360,125.0,225
1719464188872,124.9,150
1719464188872,124.9,150
1719464188872,124.9,150
1719464188872,124.9,150
1719464194309,124.35,100
1719464194309,124.35,100
1719464195770,124.45,75
1719464195770,124.45,75
1719464195770,124.45,75
1719464199569,124.15,25
1719464200098,124.65,150
1719464200098,124.65,150
1719464201775,125.6,25
1719464201775,125.6,25
1719464201775,125.6,25
1719464203981,124.8,25
1719464203981,124.8,25
1719464205669,124.9,25
1719464205669,124.9,25
1719464205669,124.9,25
1719464209500,124.65,25
1719464209649,124.85,25
1719464210225,124.05,25
1719464210814,124.65,75
1719464210814,124.65,75
1719464210814,124.65,75
1719464210814,124.65,75
1719464215551,124.85,25
1719464215551,124.85,25
1719464215551,124.85,25
1719464218957,123.5,125
1719464219075,123.0,25
1719464219852,123.0,25
1719464220390,122.6,250
1719464220390,122.6,250
1719464220390,122.6,250
1719464222191,123.2,200
1719464222191,123.2,200
1719464222884,122.7,200
1719464222884,122.7,200
1719464222884,122.7,200
1719464226076,122.2,75
1719464226734,122.5,25
1719464227981,122.0,500
1719464227981,122.0,500
1719464227981,122.0,500
1719464230602,121.45,75
1719464231343,121.25,25
1719464231343,121.25,25
1719464233394,121.9,75
1719464233687,121.55,175
1719464233687,121.55,175
1719464233687,121.55,175
1719464235902,122.0,150
1719464235902,122.0,150
1719464235902,122.0,150
1719464238885,121.25,175
1719464239080,121.65,25
1719464239080,121.65,25
1719464241829,121.45,25
1719464241829,121.45,25
1719464243442,121.5,75
1719464243442,121.5,75
1719464243942,121.2,25
1719464244773,121.25,50
1719464244773,121.25,50
1719464246758,120.45,75
1719464246966,119.9,50
1719464246966,119.9,50
1719464248363,118.75,50
1719464248851,118.7,75
1719464249371,118.0,125
1719464250365,119.45,50
1719464250577,118.9,250
1719464250577,118.9,250
1719464251221,118.05,100
1719464252217,118.8,25
1719464252722,118.7,25
1719464253836,118.35,25
1719464254432,117.5,200
1719464255167,118.05,200
1719464255976,118.25,25
1719464256779,118.6,25
1719464258191,117.8,50
1719464258596,117.7,50
1719464259116,117.65,50
1719464260069,118.4,25
1719464260069,118.4,25
1719464261336,118.75,150
1719464261840,118.45,50
1719464261840,118.45,50
1719464262804,118.4,25
1719464263445,117.75,25
1719464263445,117.75,25
1719464263445,117.75,25
1719464266054,117.5,50
1719464266845,118.4,25
1719464267624,117.95,200
1719464267624,117.95,200
1719464269316,117.65,25
1719464269732,117.6,25
1719464269732,117.6,25
1719464271154,117.7,50
1719464271154,117.7,50
1719464272894,118.35,25
1719464272894,118.35,25
1719464275090,118.7,25
1719464275090,118.7,25
1719464275930,118.25,50
1719464277118,118.15,50
1719464277118,118.15,50
1719464278757,119.1,175
1719464279955,119.4,150
1719464279955,119.4,150
1719464279955,119.4,150
1719464279955,119.4,150
1719464282366,117.7,25
1719464283570,118.6,25
1719464283893,118.45,25
1719464283893,118.45,25
1719464285164,118.3,25
1719464285164,118.3,25
1719464285934,118.55,25
1719464287071,118.65,25
1719464287071,118.65,25
1719464287958,118.45,50
1719464288754,118.5,25
1719464288754,118.5,25
1719464288754,118.5,25
1719464290824,118.65,175
1719464291178,118.65,50
1719464292161,117.0,25
1719464292709,117.15,25
1719464292709,117.15,25
1719464294634,116.85,75
1719464295124,116.85,50
1719464295124,116.85,50
1719464295124,116.85,50
1719464297266,117.65,25
1719464298004,117.75,25
1719464298004,117.75,25
1719464299191,117.0,50
1719464300421,117.5,25
1719464300421,117.5,25
1719464301594,117.25,100
1719464301594,117.25,100
1719464301594,117.25,100
1719464304241,117.85,525
1719464304542,117.65,25
1719464304542,117.65,25
1719464304542,117.65,25
1719464308076,118.05,425
1719464308555,117.6,50
1719464309099,117.85,25
1719464310383,116.5,525
1719464310604,116.3,25
1719464310806,116.95,150
1719464311214,117.1,25
1719464311756,116.8,25
1719464311756,116.8,25
1719464312862,117.0,250
1719464313901,116.95,100
1719464313901,116.95,100
1719464315255,116.75,75
1719464315409,116.35,25
1719464315409,116.35,25
1719464315409,116.35,25
1719464317572,116.05,25
1719464317730,116.0,25
1719464318624,116.6,50
1719464318624,116.6,50
1719464320412,115.9,75
1719464320412,115.9,75
1719464320412,115.9,75
1719464323394,115.75,25
1719464323763,115.75,25
1719464324500,116.2,25
1719464325517,116.75,25
1719464325919,117.0,50
1719464327062,116.65,50
1719464327249,116.95,25
1719464328081,117.65,25
1719464328886,118.05,25
1719464329216,118.3,25
1719464329994,118.9,25
1719464330365,118.15,200
1719464330365,118.15,200
1719464331927,117.4,175
1719464331927,117.4,175
1719464331927,117.4,175
1719464334095,117.3,150
1719464334670,117.05,25
1719464334670,117.05,25
1719464334670,117.05,25
1719464338822,117.0,100
1719464338881,117.5,25
1719464338881,117.5,25
1719464340659,117.2,200
1719464340659,117.2,200
1719464341299,117.2,25
1719464341504,117.6,50
1719464341504,117.6,50
1719464343226,118.0,100
1719464343226,118.0,100
1719464344401,117.7,25
1719464345126,117.75,150
1719464345126,117.75,150
1719464346357,117.5,50
1719464346917,117.4,25
1719464348255,117.35,25
1719464349005,117.8,25
1719464349181,117.8,25
1719464349181,117.8,25
1719464351166,117.45,125
1719464352405,117.55,25
1719464352405,117.55,25
1719464352558,117.6,25
1719464352558,117.6,25
1719464352558,117.6,25
1719464356655,117.7,25
1719464357305,117.6,150
1719464357305,117.6,150
1719464359532,118.05,25
1719464360436,117.3,25
1719464360436,117.3,25
1719464361424,117.05,25
1719464362194,116.95,25
1719464362194,116.95,25
1719464363460,117.75,25
1719464363840,117.9,25
1719464364223,117.1,25
1719464365421,117.85,25
1719464365548,117.5,50
1719464365548,117.5,50
1719464365548,117.5,50
1719464367618,117.9,25
1719464368161,117.6,25
1719464368161,117.6,25
1719464370125,117.6,25
1719464370125,117.6,25
1719464370704,117.75,100
1719464370704,117.75,100
1719464371758,117.6,25
1719464371758,117.6,25
1719464373314,117.4,25
1719464373314,117.4,25
1719464373314,117.4,25
1719464375711,117.8,25
1719464375711,117.8,25
1719464375711,117.8,25
1719464375711,117.8,25
1719464375711,117.8,25
1719464382970,117.4,25
1719464383235,117.9,25
1719464384044,118.15,100
1719464384070,118.4,25
1719464384070,118.4,25
1719464387090,118.7,25
1719464387090,118.7,25
1719464387642,118.6,350
1719464387936,118.45,25
1719464387936,118.45,25
1719464387936,118.45,25
1719464391111,118.3,25
1719464391111,118.3,25
1719464391111,118.3,25
1719464394333,117.75,25
1719464394333,117.75,25
1719464396103,118.3,25
1719464396472,118.25,25
1719464396472,118.25,25
1719464398047,117.7,25
1719464398047,117.7,25
1719464398047,117.7,25
1719464398047,117.7,25
1719464401246,118.0,100
1719464401560,118.3,25
1719464401560,118.3,25
1719464404094,118.25,225
1719464404305,118.05,25
1719464404919,118.0,100
1719464404919,118.0,100
1719464406031,117.6,25
1719464406031,117.6,25
1719464407876,117.65,75
1719464408254,117.7,25
1719464408503,117.75,25
1719464408503,117.75,25
1719464410255,117.7,25
1719464410754,117.75,25
1719464411005,117.85,25
1719464412431,118.45,25
1719464413600,118.15,75
1719464413600,118.15,75
1719464415536,118.3,25
1719464415536,118.3,25
1719464415536,118.3,25
1719464417614,118.0,25
1719464417821,118.0,25
1719464418972,117.7,25
1719464418972,117.7,25
1719464420254,117.45,25
1719464420254,117.45,25
1719464422514,118.0,25
1719464423314,118.0,25
1719464423954,118.15,25
1719464424255,118.0,25
1719464425317,118.0,25
1719464425920,117.5,25
1719464426473,117.5,25
1719464427042,117.85,25
1719464427042,117.85,25
1719464428297,117.75,25
1719464429030,117.8,25
1719464429030,117.8,25
1719464430526,117.65,25
1719464430913,117.7,25
1719464430913,117.7,25
1719464431527,117.75,25
1719464432374,117.35,25
1719464432374,117.35,25
1719464432374,117.35,25
1719464435072,117.3,25
1719464435500,117.25,50
1719464435500,117.25,50
1719464435500,117.25,50
1719464437847,117.25,200
1719464438039,117.0,25
1719464438039,117.0,25
1719464439914,116.65,50
1719464439914,116.65,50
1719464442547,116.75,25
1719464442547,116.75,25
1719464442804,117.0,25
1719464442804,117.0,25
1719464444666,117.45,100
1719464444666,117.45,100
1719464447298,117.95,50
1719464447298,117.95,50
1719464448330,118.0,100
1719464448877,117.7,25
1719464448877,117.7,25
1719464450413,117.6,25
1719464450772,117.6,100
1719464450772,117.6,100
1719464450772,117.6,100
1719464453593,118.0,25
1719464453593,118.0,25
1719464455472,118.05,50
1719464455472,118.05,50
1719464456544,117.55,25
1719464456544,117.55,25
1719464456544,117.55,25
1719464458172,117.4,25
1719464458172,117.4,25
1719464459559,118.3,75
1719464460877,118.15,25
1719464461323,118.15,25
1719464461868,118.2,50
1719464462903,118.4,25
1719464463898,118.35,25
1719464463898,118.35,25
1719464465617,118.65,25
1719464465813,118.4,450
1719464466315,118.2,25
1719464467288,118.0,25
1719464468305,118.4,50
1719464469061,118.3,25
1719464469061,118.3,25
1719464469875,118.0,100
1719464469875,118.0,100
1719464471657,117.6,25
1719464471657,117.6,25
1719464472616,117.9,50
1719464473004,117.9,300
1719464473533,117.4,325
1719464473533,117.4,325
1719464473533,117.4,325
1719464476081,117.0,50
1719464476421,117.5,25
1719464476421,117.5,25
1719464477638,117.6,50
1719464478957,117.65,50
1719464478957,117.65,50
1719464478957,117.65,50
1719464480492,118.0,25
1719464480492,118.0,25
1719464480989,118.4,25
1719464482189,118.45,100
1719464482585,118.05,25
1719464483012,118.0,25
1719464483012,118.0,25
1719464484459,118.2,25
1719464484674,118.1,25
1719464484674,118.1,25
1719464486747,118.25,150
1719464486747,118.25,150
1719464488576,117.95,175
1719464488576,117.95,175
1719464489563,118.0,25
1719464489563,118.0,25
1719464491045,118.0,75
1719464491454,117.9,25
1719464492367,117.85,125
1719464492583,117.9,25
1719464492583,117.9,25
1719464493975,118.25,25
1719464493975,118.25,25
1719464494467,118.1,75
1719464495490,118.15,25
1719464495490,118.15,25
1719464495490,118.15,25
1719464498508,117.95,100
1719464499002,117.8,150
1719464499366,117.55,25
1719464499914,117.0,25
1719464500613,117.0,25
1719464501170,116.85,150
1719464501170,116.85,150
1719464501170,116.85,150
1719464504465,117.8,125
1719464505016,117.6,25
1719464505016,117.6,25
1719464506207,118.15,25
1719464506583,117.9,25
1719464506583,117.9,25
1719464508300,118.35,25
1719464509219,118.1,100
1719464509219,118.1,100
1719464509219,118.1,100
1719464511952,117.9,25
1719464511952,117.9,25
1719464513858,118.35,50
1719464513858,118.35,50
1719464515519,118.4,50
1719464515868,118.4,50
1719464516374,118.3,25
1719464516792,118.45,25
1719464516792,118.45,25
1719464517751,118.2,50
1719464517751,118.2,50
1719464517751,118.2,50
1719464521515,118.5,25
1719464522485,119.1,75
1719464522485,119.1,75
1719464523638,119.05,25
1719464524001,119.35,50
1719464524001,119.35,50
1719464524001,119.35,50
1719464527399,118.5,225
1719464527399,118.5,225
1719464528484,118.15,75
1719464528484,118.15,75
1719464528484,118.15,75
1719464530920,118.6,125
1719464530920,118.6,125
1719464534095,118.3,25
1719464534095,118.3,25
1719464535848,118.7,75
1719464535848,118.7,75
1719464535848,118.7,75
1719464540782,119.0,25
1719464540782,119.0,25
1719464541194,119.0,25
1719464541194,119.0,25
1719464541194,119.0,25
1719464541194,119.0,25
1719464546402,119.65,25
1719464547254,119.4,150
1719464547254,119.4,150
1719464547254,119.4,150
1719464550549,120.25,25
1719464550549,120.25,25
1719464550988,120.1,25
1719464550988,120.1,25
1719464553519,119.8,25
1719464553804,119.7,25
1719464555858,119.45,25
1719464555858,119.45,25
1719464556377,119.3,25
1719464557282,119.95,25
1719464557282,119.95,25
1719464557282,119.95,25
1719464557282,119.95,25
1719464557282,119.95,25
1719464563006,119.7,25
1719464563006,119.7,25
1719464564550,119.95,25
1719464564872,119.9,275
1719464564872,119.9,275
1719464567069,119.9,300
1719464567069,119.9,300
1719464567069,119.9,300
1719464569818,120.0,50
1719464569818,120.0,50
1719464571082,119.85,25
1719464571525,120.3,50
1719464571525,120.3,50
1719464573284,120.0,1500
1719464573451,119.9,25
1719464573451,119.9,25
1719464574526,119.95,25
1719464574526,119.95,25
1719464576086,120.3,200
1719464577016,120.25,75
1719464577578,120.0,50
1719464578130,120.05,50
1719464578130,120.05,50
1719464580065,120.4,100
1719464580065,120.4,100
1719464581656,120.0,50
1719464582636,120.1,25
1719464583768,120.2,25
1719464583768,120.2,25
1719464584878,119.6,175
1719464584878,119.6,175
1719464584878,119.6,175
1719464588458,120.5,25
1719464589334,120.4,25
1719464589660,120.6,25
1719464590549,120.8,25
1719464590883,122.0,25
1719464590883,122.0,25
1719464592090,122.75,200
1719464592090,122.75,200
1719464593437,122.45,25
1719464594259,122.25,75
1719464594259,122.25,75
1719464595454,121.9,100
1719464595454,121.9,100
1719464597626,121.7,50
1719464597626,121.7,50
1719464597626,121.7,50
1719464599236,122.65,75
1719464599661,123.0,500
1719464601030,124.3,175
1719464602003,125.35,25
1719464602511,125.65,25
1719464602511,125.65,25
1719464603380,125.4,25
1719464603814,125.85,25
1719464603814,125.85,25
1719464605615,124.9,25
1719464606078,125.15,25
1719464606225,125.15,25
1719464607471,127.85,50
1719464607642,127.5,25
1719464608620,127.8,25
1719464609319,127.7,25
1719464610700,129.9,50
1719464610881,130.3,25
1719464611182,129.85,25
1719464611798,131.55,25
1719464611964,134.4,50
1719464612417,135.35,75
1719464612894,139.0,925
1719464613926,142.85,300
1719464614362,141.25,300
1719464614362,141.25,300
1719464614530,141.8,300
1719464616390,137.85,25
1719464616968,137.0,225
1719464618328,136.75,75
1719464619348,134.45,100
1719464619701,134.7,25
1719464619701,134.7,25
1719464620986,134.45,25
1719464622441,134.6,100
1719464622818,133.65,75
1719464623366,133.1,25
1719464624395,132.55,50
1719464624395,132.55,50
1719464625610,132.4,50
1719464626198,132.0,25
1719464626479,133.3,25
1719464627301,133.45,25
1719464627651,134.1,150
1719464628431,132.15,50
1719464629322,130.85,25
1719464629565,131.8,150
1719464630474,131.3,25
1719464631172,131.85,100
1719464631325,131.7,25
1719464632076,131.75,50
1719464632076,131.75,50
1719464633620,133.1,50
1719464633620,133.1,50
1719464634569,134.0,25
1719464635254,135.5,125
1719464636205,136.8,75
1719464636581,137.0,25
1719464637620,137.4,25
1719464637840,136.75,100
1719464637876,136.1,100
1719464639176,136.4,100
1719464639751,135.25,25
1719464640435,135.8,25
1719464640435,135.8,25
1719464640987,135.45,50
1719464640987,135.45,50
1719464642349,135.8,25
1719464642349,135.8,25
1719464643142,134.6,25
1719464644309,134.5,25
1719464645284,134.0,25
1719464645941,134.75,50
1719464646614,133.75,150
1719464647421,132.35,25
1719464647823,133.0,25
1719464648581,132.45,25
1719464648879,133.35,125
1719464648879,133.35,125
1719464650240,134.1,150
1719464650240,134.1,150
1719464651248,134.95,100
1719464652177,135.1,175
1719464652177,135.1,175
1719464652714,133.7,25
1719464653628,135.0,25
1719464653628,135.0,25
1719464655376,134.9,25
1719464656033,135.4,100
1719464656411,134.95,175
1719464656411,134.95,175
1719464657782,135.0,25
1719464658694,135.65,200
1719464659416,133.6,25
1719464659663,133.75,50
1719464660191,132.5,150
1719464660902,132.9,25
1719464661289,133.45,25
1719464662046,134.1,25
1719464663030,133.6,50
1719464664466,136.0,25
1719464664466,136.0,25
1719464665195,136.2,125
1719464666057,134.45,150
1719464666361,134.3,25
1719464667121,134.75,175
1719464667121,134.75,175
1719464667121,134.75,175
1719464669966,134.8,25
1719464670543,134.1,25
1719464670771,133.95,25
1719464670771,133.95,25
1719464671616,133.6,325
1719464671616,133.6,325
1719464672746,133.6,250
1719464673250,133.55,50
1719464673250,133.55,50
1719464675522,133.0,25
1719464675863,132.85,50
1719464676197,133.4,100
1719464676197,133.4,100
1719464678095,133.45,200
1719464678365,133.4,50
1719464678977,134.15,25
1719464680460,135.0,25
1719464680460,135.0,25
1719464680460,135.0,25
1719464682584,134.65,25
1719464683461,135.0,25
1719464684408,134.15,100
1719464684408,134.15,100
1719464684408,134.15,100
1719464686365,133.95,25
1719464686561,134.4,75
1719464686561,134.4,75
1719464687762,135.25,25
1719464689439,134.35,25
1719464689439,134.35,25
1719464690541,134.9,25
1719464690833,134.9,50
1719464691273,135.6,25
1719464691593,136.0,25
1719464691593,136.0,25
1719464693119,135.65,25
1719464694476,137.2,75
1719464695450,138.1,225
1719464695895,137.9,100
1719464696384,138.35,50
1719464696553,138.15,25
1719464696553,138.15,25
1719464698205,138.5,25
1719464699440,140.0,25
1719464699772,140.65,25
1719464700571,140.7,25
1719464700849,140.4,225
1719464700849,140.4,225
1719464701620,141.7,150
1719464702691,142.8,25
1719464702828,142.6,50
1719464703669,142.2,50
1719464704522,143.0,200
1719464705640,142.25,75
1719464706140,141.5,25
1719464706681,140.55,50
1719464707514,140.95,50
1719464707805,140.9,25
1719464708310,141.2,25
1719464709224,140.35,25
1719464709348,140.7,25
1719464710272,139.1,25
1719464710887,139.5,150
1719464711341,139.05,275
1719464712523,138.3,125
1719464713005,139.3,100
1719464714232,139.05,25
1719464714232,139.05,25
1719464715510,136.4,25
1719464715510,136.4,25
1719464716647,137.4,100
1719464716647,137.4,100
1719464717674,137.9,25
1719464718611,137.75,25
1719464718611,137.75,25
1719464720052,138.25,25
1719464720101,137.75,50
1719464720101,137.75,50
1719464721435,138.45,75
1719464721844,139.05,25
1719464723677,140.3,125
1719464724341,139.8,200
1719464724537,138.6,25
1719464725285,139.05,25
1719464725285,139.05,25
1719464727342,139.5,25
1719464727342,139.5,25
1719464728817,140.4,100
1719464729269,140.75,125
1719464730190,138.6,25
1719464730928,139.5,50
1719464731600,139.6,25
1719464732033,139.45,50
1719464732033,139.45,50
1719464733308,138.4,25
1719464734066,138.6,325
1719464734440,138.45,25
1719464734891,138.8,25
1719464735851,138.25,25
1719464735851,138.25,25
1719464737337,138.45,25
1719464738599,138.35,25
1719464738913,137.5,25
1719464739436,137.25,75
1719464739836,137.8,125
1719464740613,138.2,100
1719464741115,137.65,150
1719464742469,138.05,50
1719464742469,138.05,50
1719464743454,138.15,25
1719464743533,138.0,25
1719464743533,138.0,25
1719464745476,138.1,50
1719464745476,138.1,50
1719464746445,137.65,75
1719464747190,137.0,25
1719464747502,137.0,25
1719464748292,137.5,25
1719464749399,136.4,25
1719464749511,136.0,25
1719464750024,136.25,25
1719464750744,136.05,25
1719464751474,135.75,25
1719464752281,135.4,25
1719464752281,135.4,25
1719464753591,136.45,100
1719464753591,136.45,100
1719464754838,135.5,50
1719464755206,135.1,25
1719464755870,134.75,75
1719464756333,133.8,50
1719464756333,133.8,50
1719464758243,133.95,25
1719464758384,133.95,25
1719464758578,133.9,25
1719464758578,133.9,25
1719464760047,134.1,25
1719464760807,134.25,75
1719464761009,134.25,25
1719464761009,134.25,25
1719464762515,136.05,175
1719464762847,135.95,25
1719464763070,136.15,50
1719464764418,136.4,25
1719464764441,136.35,200
1719464764972,136.45,200
1719464765512,137.5,50
1719464766539,137.3,25
1719464766806,137.5,25
1719464766806,137.5,25
1719464768453,137.25,25
1719464768817,136.7,25
1719464768817,136.7,25
1719464770245,134.55,325
1719464770245,134.55,325
1719464771636,134.5,25
1719464771911,135.15,200
1719464771911,135.15,200
1719464773387,134.1,75
1719464773387,134.1,75
1719464775114,135.3,100
1719464775512,135.85,25
1719464775512,135.85,25
1719464777067,136.1,50
1719464777213,136.4,100
1719464777621,136.05,25
1719464778002,135.65,25
1719464778937,136.25,200
1719464779444,136.0,25
1719464817332,135.75,75
1719464817332,135.75,75
1719464817332,135.75,75
1719464819852,135.95,25
1719464820440,135.85,50
1719464821067,135.75,250
1719464821067,135.75,250
1719464822481,134.45,100
1719464822746,135.05,50
1719464822746,135.05,50
1719464824650,136.25,25
1719464825401,136.25,25
1719464826129,136.1,100
1719464826129,136.1,100
1719464827585,136.4,50
1719464829041,135.2,50
1719464829419,134.65,25
1719464829611,134.2,200
1719464830664,133.1,25
1719464830664,133.1,25
1719464831476,132.3,25
1719464832274,132.85,25
1719464832603,131.9,25
1719464832603,131.9,25
1719464834187,132.55,25
1719464834187,132.55,25
1719464836703,134.7,75
1719464837261,133.1,25
1719464837261,133.1,25
1719464838173,133.15,75
1719464838173,133.15,75
1719464840283,132.55,25
1719464840623,132.75,125
1719464840623,132.75,125
1719464842349,133.1,100
1719464842349,133.1,100
1719464843207,132.55,50
1719464843207,132.55,50
1719464844576,132.3,100
1719464845681,131.65,25
1719464845833,131.9,25
1719464845833,131.9,25
1719464845833,131.9,25
1719464848087,132.55,25
1719464848087,132.55,25
1719464848087,132.55,25
1719464848087,132.55,25
1719464851316,132.05,50
1719464851530,131.8,50
1719464852161,132.35,25
1719464852161,132.35,25
1719464853201,131.9,50
1719464854196,130.65,25
1719464854196,130.65,25
1719464854968,131.5,25
1719464854968,131.5,25
1719464856656,131.0,50
1719464857775,129.7,75
1719464858319,130.2,50
1719464859107,130.4,125
1719464859107,130.4,125
1719464859598,130.0,25
1719464859598,130.0,25
1719464861282,130.6,25
1719464862224,131.1,25
1719464862901,131.15,50
1719464863506,131.95,75
1719464864033,132.5,25
1719464864033,132.5,25
1719464865539,132.15,25
1719464866125,132.7,25
1719464866511,132.35,25
1719464867385,130.9,125
1719464867639,130.6,50
1719464867639,130.6,50
1719464867639,130.6,50
1719464869927,130.75,25
1719464870254,130.95,25
1719464870254,130.95,25
1719464872825,131.5,25
1719464874331,130.0,25
1719464874331,130.0,25
1719464874841,130.65,75
1719464875441,130.2,25
1719464876115,130.85,25
1719464876837,130.1,25
1719464877506,130.45,25
1719464877589,130.55,25
1719464878074,130.55,25
1719464879510,131.1,100
1719464880074,131.75,25
1719464880074,131.75,25
1719464880074,131.75,25
1719464881883,131.85,25
1719464882339,131.95,25
1719464882969,131.7,25
1719464883492,131.8,25
1719464883865,131.75,25
1719464883865,131.75,25
1719464885378,132.6,25
1719464886223,132.7,25
1719464886223,132.7,25
1719464887636,132.6,25
1719464887972,132.7,75
1719464888491,132.15,25
1719464889124,132.25,25
1719464889124,132.25,25
1719464890547,132.2,25
1719464890802,132.8,25
1719464891514,133.2,25
1719464891819,133.85,75
1719464893344,133.4,25
1719464894357,134.6,25
1719464894357,134.6,25
1719464895157,133.9,25
1719464895157,133.9,25
1719464896282,134.0,25
1719464897115,133.7,75
1719464897605,134.35,25
1719464897605,134.35,25
1719464899418,133.9,25
1719464899468,134.2,25
1719464899822,134.05,25
1719464900850,134.6,25
1719464901307,134.7,25
1719464901307,134.7,25
1719464902915,134.0,25
1719464904107,133.55,25
1719464904107,133.55,25
1719464904695,132.2,75
1719464905073,131.75,25
1719464905797,130.95,75
1719464906509,130.55,25
1719464906509,130.55,25
1719464908939,131.6,25
1719464909355,131.25,25
1719464909522,131.05,25
1719464910518,128.8,50
1719464910936,128.8,50
1719464911403,128.95,25
1719464912733,129.65,325
1719464912733,129.65,325
1719464913483,129.6,25
1719464913483,129.6,25
1719464915010,130.45,225
1719464915322,130.5,25
1719464916065,130.4,50
1719464916266,130.45,50
1719464917500,131.9,300
1719464918416,131.25,25
1719464919150,130.9,25
1719464919754,130.7,50
1719464919754,130.7,50
1719464921117,130.95,25
1719464922406,131.9,25
1719464922406,131.9,25
1719464923321,131.4,25
1719464923787,131.75,25
1719464923787,131.75,25
1719464925214,132.25,25
1719464925777,131.9,100
1719464926535,131.75,25
1719464926535,131.75,25
1719464928545,132.7,25
1719464928878,132.15,75
1719464929898,131.95,25
1719464930986,133.0,25
1719464931547,132.85,25
1719464932410,132.1,150
1719464932589,132.75,50
1719464932589,132.75,50
1719464933975,133.25,25
1719464933975,133.25,25
1719464933975,133.25,25
1719464936502,133.95,25
