time,price,volume
1719461502904,33.5,100
1719461503939,33.25,50
1719461504105,33.1,50
1719461504948,33.4,25
1719461505318,33.45,25
1719461505929,33.25,25
1719461506106,33.15,25
1719461506944,33.1,50
1719461507265,33.1,650
1719461507969,33.65,25
1719461508711,33.4,125
1719461508970,33.3,650
1719461509941,33.4,25
1719461510119,33.25,25
1719461511096,33.3,475
1719461511321,33.2,100
1719461511956,33.6,25
1719461512719,33.0,100
1719461512968,33.2,25
1719461513956,33.45,25
1719461514327,33.45,300
1719461515142,33.3,50
1719461515328,33.3,100
1719461515976,34.0,75
1719461516522,34.35,25
1719461516954,34.35,75
1719461517980,33.8,25
1719461519164,32.85,50
1719461519316,32.9,25
1719461519970,33.45,25
1719461520542,33.25,250
1719461520977,33.2,25
1719461521573,33.1,50
1719461521979,32.8,200
1719461522730,32.6,50
1719461522927,32.65,25
1719461523962,32.25,100
1719461524146,31.9,25
1719461524957,31.75,25
1719461525944,31.8,75
1719461526173,31.55,100
1719461526971,31.45,50
1719461527345,31.0,50
1719461527970,31.0,25
1719461528542,31.1,75
1719461528958,31.25,350
1719461529755,31.4,50
1719461529972,31.5,100
1719461530971,31.55,75
1719461531357,31.3,100
1719461532156,31.25,25
1719461532563,31.45,25
1719461532964,31.5,25
1719461533976,31.5,25
1719461534969,31.6,25
1719461535176,31.35,75
1719461535953,31.4,25
1719461536366,31.45,50
1719461536984,31.3,175
1719461537360,31.4,25
1719461537964,31.6,25
1719461538562,31.65,50
1719461538971,31.65,25
1719461539972,31.35,25
1719461540970,31.1,450
1719461541558,30.8,150
1719461541924,30.95,50
1719461542969,30.8,100
1719461543173,30.4,50
1719461543949,30.2,75
1719461544778,30.0,25
1719461544984,30.1,50
1719461546183,29.25,25
1719461546393,29.25,25
1719461546977,29.85,200
1719461547986,30.3,275
1719461548978,30.75,400
1719461549187,30.45,25
1719461550173,30.6,50
1719461550398,30.45,100
1719461550942,30.7,75
1719461551559,30.5,200
1719461551938,30.55,25
1719461552562,30.75,25
1719461552952,30.4,25
1719461553790,30.45,25
1719461554003,30.65,25
1719461554966,31.0,150
1719461555192,31.0,25
1719461555981,31.0,400
1719461556389,30.85,25
1719461556981,30.8,25
1719461557378,31.0,25
1719461557948,31.0,25
1719461558414,31.15,50
1719461558914,31.05,25
1719461559789,30.8,25
1719461559935,30.8,125
1719461560994,31.15,25
1719461561205,31.1,25
1719461561977,30.9,300
1719461562214,30.8,25
1719461562976,30.55,350
1719461563401,30.1,25
1719461563982,30.25,75
1719461564628,30.0,75
1719461564980,29.8,400
1719461565804,29.95,25
1719461565974,30.05,25
1719461567194,29.65,50
1719461567194,29.65,50
1719461567964,29.75,225
1719461568384,29.8,25
1719461568993,29.9,250
1719461569629,29.85,25
1719461569991,29.7,100
1719461570791,29.9,50
1719461570993,29.95,25
1719461572132,30.4,50
1719461572395,30.35,25
1719461572991,30.05,25
1719461574018,30.0,50
1719461574987,30.3,25
1719461575628,30.35,450
1719461575981,30.65,50
1719461577231,31.0,25
1719461577989,31.0,325
1719461578437,31.0,400
1719461579018,31.0,75
1719461579624,31.05,25
1719461580004,31.05,50
1719461580838,30.8,25
1719461580989,30.8,25
1719461581494,30.7,75
1719461581997,30.7,25
1719461582236,30.65,650
1719461582990,31.1,25
1719461583441,30.9,25
1719461584013,31.25,25
1719461584638,30.9,25
1719461585079,30.75,25
1719461585856,30.5,25
1719461586005,30.45,25
1719461586869,30.6,525
1719461586995,30.6,75
1719461588066,30.3,25
1719461588998,30.35,25
1719461589639,30.45,75
1719461590021,30.25,25
1719461590986,29.95,25
1719461591256,29.9,200
1719461591992,29.85,25
1719461592663,29.75,50
1719461592999,29.75,25
1719461593838,30.2,25
1719461594010,30.2,50
1719461595066,30.3,25
1719461596008,30.45,25
1719461596269,30.75,600
1719461596999,30.6,450
1719461597658,30.7,25
1719461598006,31.0,25
1719461598671,30.95,100
1719461598999,31.1,50
1719461600011,31.1,850
1719461600269,31.25,75
1719461600990,31.05,100
1719461601276,31.1,75
1719461601989,31.0,25
1719461602447,30.75,150
1719461602999,30.8,50
1719461603486,30.75,75
1719461603938,30.6,25
1719461604456,30.5,25
1719461604996,30.6,125
1719461605687,31.15,25
1719461605992,31.2,25
1719461606647,31.1,325
1719461607203,30.7,250
1719461608092,30.25,1350
1719461609008,30.55,100
1719461609451,30.55,50
1719461609970,30.7,100
1719461610619,30.3,25
1719461610981,30.75,25
1719461611368,30.7,75
1719461611897,30.75,25
1719461611974,30.7,25
1719461613019,30.6,25
1719461613257,30.65,25
1719461613949,30.65,25
1719461614355,30.65,25
1719461614970,30.6,50
1719461615658,30.35,50
1719461615936,30.5,25
1719461617085,30.4,25
1719461618022,30.3,50
1719461618110,30.15,25
1719461619012,30.35,25
1719461619493,30.55,25
1719461619877,30.5,25
1719461620694,30.8,200
1719461621009,30.85,75
1719461621907,31.05,200
1719461621971,31.0,50
1719461623068,30.9,25
1719461623783,31.25,25
1719461624493,31.95,50
1719461625018,32.0,25
1719461626096,32.0,25
1719461627056,31.8,25
1719461627311,31.95,25
1719461628029,32.55,75
1719461628525,32.45,25
1719461628995,32.25,25
1719461629484,32.15,25
1719461630014,32.25,300
1719461630629,32.4,250
1719461631031,32.35,25
1719461631947,31.8,250
1719461632016,31.8,25
1719461633025,32.7,25
1719461633105,32.75,75
1719461634031,32.5,25
1719461634306,32.55,25
1719461635018,32.45,250
1719461635511,32.45,25
1719461636006,32.4,200
1719461636522,32.6,25
1719461637002,32.45,25
1719461637660,32.3,25
1719461638018,32.45,25
1719461638705,32.1,25
1719461639020,32.0,300
1719461640029,32.3,25
1719461640309,32.2,150
1719461641017,32.2,25
1719461641564,32.1,25
1719461642043,31.7,25
1719461642685,31.8,25
1719461643036,31.95,25
1719461643684,32.05,225
1719461643986,31.9,25
1719461644706,32.1,100
1719461644949,32.0,25
1719461646030,31.75,875
1719461646149,31.8,175
1719461646943,32.25,25
1719461647532,32.1,125
1719461648051,31.75,500
1719461648536,32.0,50
1719461649031,32.1,25
1719461649700,32.05,25
1719461650038,32.1,25
1719461650741,32.0,200
1719461651049,32.05,25
1719461651892,32.1,50
1719461652033,32.1,100
1719461653146,32.5,25
1719461653232,32.45,25
1719461654053,33.0,150
1719461654349,33.2,100
1719461655050,33.15,25
1719461655534,32.9,25
1719461656040,32.9,25
1719461656748,32.8,25
1719461657022,32.75,250
1719461657757,32.95,25
1719461657977,32.65,200
1719461659052,31.8,150
1719461659124,31.8,100
1719461660017,32.45,25
1719461660313,32.35,25
1719461661030,32.2,25
1719461661328,32.05,25
1719461662009,31.7,25
1719461662753,31.45,25
1719461663053,31.3,25
1719461663930,31.45,100
1719461664039,31.4,25
1719461665052,30.8,25
1719461665541,31.25,25
1719461666037,31.3,25
1719461666556,31.3,25
1719461667060,31.65,25
1719461667768,31.95,100
1719461668053,32.05,25
1719461669009,32.15,100
1719461670039,32.35,75
1719461670182,32.4,25
1719461671024,32.1,25
1719461671298,32.0,25
1719461671558,32.0,25
1719461672038,31.9,75
1719461672369,31.85,25
1719461673053,31.7,50
1719461673554,31.6,25
1719461674012,31.4,25
1719461674749,31.25,25
1719461675064,31.15,25
1719461675688,31.45,25
1719461676023,31.6,75
1719461676902,31.75,50
1719461677045,31.85,50
1719461677988,31.85,25
1719461678005,31.75,150
1719461679049,31.55,125
1719461679148,31.5,25
1719461680029,31.1,150
1719461680586,31.1,25
1719461681029,31.5,25
1719461681562,31.5,25
1719461682064,31.9,25
1719461682759,31.45,150
1719461683055,31.6,25
1719461684004,32.25,25
1719461684060,32.3,75
1719461685068,31.95,225
1719461685177,31.85,25
1719461686037,32.0,25
1719461686204,32.0,25
1719461687012,31.9,150
1719461687195,31.8,50
1719461688046,31.65,25
1719461688400,31.6,25
1719461689043,31.35,25
1719461689397,31.45,75
1719461690013,31.9,75
1719461690574,31.95,25
1719461691009,32.25,25
1719461691380,32.25,25
1719461692046,31.95,25
1719461692609,31.95,50
1719461692998,31.75,150
1719461693618,31.75,25
1719461694006,31.95,25
1719461694765,31.9,25
1719461695029,31.9,175
1719461695821,31.9,25
1719461696070,31.85,25
1719461696811,31.95,75
1719461697053,31.95,25
1719461697815,32.1,150
1719461698078,31.95,25
1719461698764,31.5,50
1719461699076,31.15,175
1719461699225,31.15,25
1719461700053,31.2,75
1719461701084,31.65,25
1719461701225,31.9,25
1719461701577,31.9,125
1719461702065,32.05,25
1719461702418,32.75,200
1719461703072,32.15,25
1719461703417,31.9,25
1719461704086,32.2,250
1719461704617,32.1,25
1719461705078,31.8,25
1719461705784,31.7,50
1719461706076,31.6,75
1719461706824,31.35,125
1719461707077,31.15,25
1719461708042,30.55,25
1719461708042,30.55,25
1719461709063,30.9,25
1719461710266,31.4,125
1719461711089,31.9,25
1719461711234,31.9,25
1719461712026,31.6,225
1719461712231,31.55,25
1719461713081,31.6,25
1719461713209,31.55,25
1719461713980,31.2,250
1719461714347,31.2,200
1719461715067,31.15,125
1719461715316,31.3,25
1719461716039,31.1,25
1719461716438,31.05,25
1719461717007,31.15,50
1719461717428,31.0,50
1719461717999,31.3,25
1719461718425,31.2,25
1719461719097,31.3,100
1719461719645,31.65,100
1719461720095,32.1,75
1719461720644,32.2,25
1719461721093,32.05,125
1719461721825,31.95,325
1719461722095,31.8,100
1719461723091,31.7,25
1719461723410,31.6,75
1719461724071,31.95,25
1719461724855,32.05,250
1719461725107,32.15,25
1719461725819,32.1,25
1719461726041,32.1,25
1719461726845,32.15,100
1719461727090,31.75,50
1719461728087,31.7,100
1719461729049,31.5,50
1719461729257,31.6,25
1719461730070,32.1,25
1719461730455,31.85,25
1719461731096,31.75,125
1719461731565,32.1,100
1719461731872,32.25,25
1719461732095,32.25,25
1719461733091,33.25,25
1719461733268,33.05,200
1719461734108,34.0,600
1719461734867,34.5,25
1719461735293,34.9,125
1719461736087,35.45,100
1719461736485,35.95,25
1719461737097,35.3,100
1719461738105,34.65,100
1719461738288,34.35,250
1719461739104,33.5,25
1719461739676,33.65,175
1719461740095,33.6,25
1719461741306,33.75,25
1719461742068,33.65,25
1719461742652,33.4,25
1719461743105,33.65,25
1719461743680,33.6,50
1719461744083,33.8,25
1719461744903,33.85,100
1719461745104,34.1,125
1719461746096,34.3,50
1719461746287,34.25,25
1719461747098,34.45,25
1719461747697,34.7,225
1719461748083,34.65,100
1719461748888,34.5,25
1719461749080,34.75,50
1719461750101,34.55,25
1719461750278,34.4,25
1719461751102,34.6,25
1719461751498,35.1,25
1719461752109,35.25,25
1719461752903,35.35,25
1719461753099,35.55,50
1719461754098,35.15,25
1719461754517,35.05,125
1719461755114,35.15,25
1719461755899,35.15,25
1719461756117,35.2,25
1719461757090,35.15,150
1719461757315,34.9,50
1719461758076,34.75,50
1719461758526,34.75,25
1719461759103,34.95,100
1719461759715,35.0,25
1719461760109,34.75,50
1719461761120,34.75,250
1719461761558,34.85,50
1719461762111,35.45,25
1719461762504,35.3,50
1719461763123,35.35,25
1719461763933,35.05,250
1719461764105,35.1,25
1719461765316,35.3,25
1719461765515,35.15,50
1719461766118,34.8,25
1719461766924,34.85,25
1719461767119,34.95,25
1719461768099,34.65,25
1719461768316,34.45,200
1719461769126,34.85,100
1719461769539,34.8,25
1719461770100,34.55,100
1719461770944,34.95,25
1719461771338,35.1,25
1719461772138,34.3,25
1719461772341,34.0,100
1719461773133,34.35,100
1719461773928,34.05,150
1719461774115,34.05,25
1719461775322,33.95,75
1719461775768,34.05,25
1719461776139,33.95,100
1719461776940,34.15,25
1719461777137,34.15,100
1719461778135,34.0,50
1719461779106,34.15,50
1719461779537,34.15,50
1719461780143,34.2,100
1719461780720,34.2,25
1719461781139,34.6,25
1719461781758,34.2,75
1719461782142,34.7,50
1719461782921,34.55,25
1719461783104,34.4,100
1719461784148,34.95,25
1719461785116,34.75,25
1719461785342,34.85,25
1719461786121,35.2,250
1719461786746,36.15,50
1719461787121,36.0,25
1719461787745,36.8,25
1719461788128,37.4,25
1719461793139,35.9,25
1719461793771,35.9,50
1719461794134,36.1,25
1719461794972,35.95,25
1719461795136,35.9,150
1719461796188,36.3,25
1719461797144,35.9,50
1719461797564,35.85,25
1719461798345,36.55,100
1719461798960,36.95,50
1719461799156,36.55,50
1719461799972,36.4,125
1719461800144,36.2,25
1719461801178,36.3,100
1719461802143,36.2,25
1719461802385,36.35,25
1719461803141,36.4,75
1719461803781,36.8,25
1719461804349,36.45,50
1719461804981,36.35,75
1719461805144,36.2,25
1719461806154,36.55,25
1719461806342,36.15,25
1719461807143,36.65,50
1719461807580,36.4,25
1719461808142,36.35,100
1719461808784,36.25,50
1719461809121,36.3,150
1719461809781,36.3,25
1719461810149,35.85,50
1719461810987,36.8,75
1719461811160,36.6,25
1719461812078,36.45,25
1719461812397,36.25,125
1719461817603,35.0,25
1719461818154,35.1,50
1719461819005,35.05,50
1719461860120,34.2,250
1719461862058,34.5,50
1719461862180,34.45,25
1719461863072,34.45,100
1719461863158,34.45,25
1719461863969,34.2,25
1719461864185,34.2,25
1719461865180,34.5,25
1719461865272,34.35,25
1719461873195,33.6,100
1719461873297,33.6,25
1719461874165,33.4,25
1719461874456,33.35,100
1719461875193,32.75,25
1719461875664,33.2,225
1719461876348,32.95,25
1719461877073,32.95,75
1719461877181,32.9,25
1719461878174,32.85,25
1719461878482,32.95,25
1719461879173,32.8,125
1719461879676,32.85,25
1719461880153,32.75,50
1719461881271,32.5,25
1719461881551,32.4,50
1719461882195,32.05,25
1719461882506,32.1,25
1719461883194,32.4,100
1719461884100,32.8,25
1719461884208,32.85,25
1719461885284,32.85,25
1719461886152,33.05,225
1719461886514,33.3,75
1719461887206,33.15,25
1719461887893,33.15,125
1719461888194,33.05,25
1719461888898,33.15,150
1719461889183,33.25,25
1719461890114,32.8,25
1719461890187,33.0,50
1719461891103,32.75,200
1719461892188,32.3,125
1719461892520,32.0,100
1719461893179,32.3,25
1719461893697,32.2,25
1719461894197,32.3,25
1719461894913,32.4,100
1719461895197,32.3,175
1719461895844,32.1,25
1719461896189,32.2,25
1719461897189,32.2,75
1719461898204,32.45,25
1719461899109,32.0,100
1719461899199,32.05,25
1719461900292,32.5,150
1719461901198,32.65,50
1719461901312,32.7,25
1719461902190,32.65,25
1719461902734,33.05,25
1719461903163,33.3,25
1719461903910,33.35,50
1719461904195,33.1,100
1719461904944,33.0,50
1719461905191,32.95,25
1719461906114,32.9,25
1719461906207,32.75,500
1719461906540,32.5,25
1719461907206,32.55,25
1719461907726,32.85,50
1719461908193,32.8,25
1719461908940,32.55,75
1719461909182,32.45,25
1719461910202,32.45,25
1719461911132,31.85,50
1719461911212,31.85,50
1719461911568,31.9,50
1719461912333,32.2,25
1719461913189,32.2,625
1719461913739,32.15,25
1719461914213,31.75,100
1719461915160,31.9,100
1719461916167,31.7,150
1719461917222,31.7,25
1719461917312,31.75,50
1719461918218,31.9,25
1719461918515,31.7,50
1719461919219,31.75,100
1719461919741,31.75,25
1719461920211,31.9,200
1719461920744,32.05,25
1719461921228,32.4,25
1719461921737,32.5,25
1719461922190,32.5,25
1719461922967,32.3,75
1719461923180,32.25,100
1719461924141,32.4,25
1719461924168,32.55,50
1719461925209,32.5,25
1719461926205,33.1,25
1719461927200,32.95,25
1719461927359,32.95,125
1719461928160,32.95,25
1719461928754,33.0,50
1719461929215,32.55,150
1719461929952,32.65,25
1719461930148,32.8,25
1719461930967,33.0,25
1719461931234,33.15,50
1719461932211,32.75,50
1719461933153,32.65,25
1719461933153,32.65,25
1719461934174,32.45,50
1719461935182,32.45,25
1719461935582,32.65,50
1719461936188,32.8,50
1719461936974,32.4,25
1719461937185,32.3,25
1719461937965,32.6,100
1719461938232,32.45,50
1719461939182,32.65,25
1719461939205,32.65,25
1719461940421,32.9,225
1719461940585,33.0,50
1719461941240,33.15,50
1719461941504,32.9,250
1719461941982,32.85,75
1719461942170,32.7,25
1719461942982,32.75,25
1719461943217,32.9,25
1719461944217,32.8,50
1719461944991,32.9,25
1719461945232,32.9,100
1719461946230,33.1,325
1719461946367,33.05,50
1719461947181,33.0,50
1719461947384,33.15,25
1719461948237,33.45,25
1719461948604,33.3,25
1719461949235,33.45,75
1719461949786,33.45,25
1719461950206,33.55,50
1719461950807,33.55,50
1719461951220,33.55,200
1719461952017,33.9,25
1719461952230,34.0,25
1719461953204,33.95,50
1719461954235,33.9,25
1719461954393,34.1,50
1719461955220,33.7,25
1719461955576,33.95,25
1719461956226,34.15,25
1719461956577,34.1,100
1719461957231,33.9,125
1719461957952,34.15,75
1719461958239,34.15,25
1719461959227,34.65,50
1719461960428,35.35,350
1719461960598,35.4,125
1719461961234,35.7,100
1719461962026,36.1,150
1719461962242,36.3,25
1719461963244,36.65,100
1719461964233,35.9,25
1719461964602,35.8,25
1719461965242,36.2,50
1719461965619,36.15,50
1719461966236,35.4,25
1719461967026,35.4,125
1719461967442,35.35,25
1719461968029,35.15,25
1719461968225,35.35,25
1719461969004,35.35,25
1719461969257,35.4,150
1719461970242,35.8,25
1719461970633,35.45,50
1719461971225,35.65,450
1719461971579,35.8,50
1719461971824,35.95,25
1719461972234,35.8,25
1719461973013,36.15,25
1719461973208,35.7,50
1719461974233,35.6,375
1719461975226,35.7,200
1719461976230,35.45,50
1719461977220,35.3,25
1719461978173,34.95,150
1719461978445,35.2,25
1719461979255,34.75,50
1719461979633,34.7,25
1719461980228,35.1,50
1719461981050,34.95,100
1719461981220,35.1,50
1719461982006,34.9,50
1719461982237,35.0,75
1719461983244,35.6,25
1719461984249,36.4,325
1719461985245,36.4,200
1719461985622,35.85,50
1719461986261,36.0,25
1719461986851,36.35,600
1719461987441,36.15,50
1719461988251,36.25,50
1719461989277,36.15,100
1719461990232,36.15,975
1719461990673,35.95,75
1719461991262,36.0,25
1719461991836,36.0,25
1719461992269,36.1,50
1719461992859,35.95,450
1719461993237,35.75,25
1719461994055,36.05,25
1719461994263,36.25,25
1719461995064,35.95,125
1719461995256,36.05,100
1719461996274,36.1,25
1719461997253,35.0,100
1719461997473,35.1,25
1719461998223,35.15,25
1719461998634,35.05,50
1719461999264,35.15,25
1719462000077,35.2,25
1719462000252,35.25,50
1719462001263,35.5,25
1719462001576,35.55,100
1719462002288,36.1,25
1719462003463,36.0,25
1719462003886,35.65,100
1719462004275,35.75,25
1719462005205,36.2,525
1719462006256,36.35,100
1719462006892,36.35,25
1719462007243,37.0,25
1719462008487,37.25,25
1719462009267,36.95,50
1719462010312,36.8,25
1719462011283,36.35,25
1719462011901,36.05,125
1719462012473,36.0,25
1719462013271,36.3,75
1719462013313,36.45,25
1719462014261,36.05,50
1719462014703,36.1,250
1719462015273,35.95,25
1719462016106,36.05,25
1719462016471,36.1,25
1719462017230,36.1,75
1719462017518,36.15,50
1719462018275,36.25,25
1719462019052,36.25,50
1719462019280,36.2,75
1719462020487,36.65,25
1719462020530,36.45,25
1719462021283,36.45,400
1719462022129,35.55,150
1719462022269,35.45,25
1719462023322,35.1,125
1719462023465,35.3,300
1719462024278,35.1,25
1719462024733,34.6,150
1719462025284,34.55,100
1719462025896,34.8,175
1719462026282,34.8,25
1719462026937,34.8,25
1719462027283,34.75,150
1719462028123,34.55,50
1719462028289,34.6,100
1719462029277,34.9,75
1719462029476,34.75,250
1719462030291,34.9,25
1719462030721,35.2,50
1719462031261,35.4,75
1719462031558,35.4,25
1719462031929,35.6,100
1719462032305,35.6,25
1719462033140,35.55,25
1719462033288,35.7,25
1719462034133,35.6,25
1719462034272,35.55,75
1719462035344,35.35,25
1719462036274,35.6,50
1719462036696,35.65,100
1719462037258,35.3,25
1719462038142,35.05,50
1719462038282,35.1,125
1719462039334,35.45,25
1719462039436,35.3,175
1719462040268,35.5,25
1719462040549,35.85,25
1719462041250,35.25,75
1719462041670,35.1,125
1719462042282,34.75,575
1719462043282,35.1,325
1719462044346,34.45,200
1719462045308,34.85,75
1719462046285,34.8,75
1719462046947,34.95,150
1719462047284,34.85,25
1719462048132,34.9,25
1719462048292,35.0,25
1719462049293,35.1,50
1719462049296,35.0,25
1719462050284,35.65,50
1719462050547,35.8,25
1719462051288,35.7,75
1719462051948,35.9,50
1719462052477,36.05,25
1719462053160,36.45,25
1719462053280,36.45,25
1719462054289,36.2,50
1719462054739,35.8,25
1719462055295,35.65,25
1719462056172,35.45,25
1719462056291,35.4,25
1719462057357,35.25,100
1719462058367,35.1,25
1719462059282,34.8,125
1719462059740,34.95,25
1719462060510,35.2,100
1719462061305,35.45,25
1719462061577,35.75,75
1719462062296,35.9,25
1719462062765,35.9,25
1719462063269,35.6,50
1719462064293,35.2,25
1719462065457,35.05,25
1719462065551,35.0,25
1719462066311,35.1,25
1719462066976,35.05,25
1719462067289,35.1,25
1719462068274,35.25,25
1719462068372,35.25,125
1719462069279,35.4,25
1719462069585,35.3,25
1719462070302,35.1,25
1719462070791,34.95,25
1719462071290,35.0,25
1719462072170,35.1,50
1719462072283,35.05,25
1719462073197,35.1,25
1719462073287,35.1,25
1719462074381,35.35,100
1719462074503,35.25,25
1719462075280,35.15,25
1719462076003,35.05,25
1719462076307,35.15,25
1719462076962,35.1,25
1719462077307,35.0,25
1719462078173,35.3,150
1719462078329,35.25,100
1719462079355,35.2,100
1719462080301,35.15,50
1719462080362,35.15,50
1719462081314,35.15,25
1719462081556,35.05,1025
1719462082311,34.75,150
1719462083002,33.8,25
1719462083315,33.95,50
1719462084321,34.15,75
1719462084597,33.85,25
1719462085312,33.95,25
1719462086020,33.9,25
1719462086302,33.85,125
1719462087318,34.25,25
1719462087545,34.3,25
1719462088486,34.55,700
1719462088966,34.7,75
1719462089320,34.3,125
1719462090269,34.4,50
1719462090397,34.35,50
1719462091263,34.35,25
1719462091526,34.3,25
1719462091526,34.3,25
1719462092286,34.3,25
1719462092814,34.45,75
1719462093340,34.45,25
1719462094015,34.1,25
1719462094281,34.05,125
1719462095313,33.6,50
1719462096229,33.85,25
1719462096411,33.8,75
1719462097326,33.75,25
1719462097818,33.75,25
1719462098310,33.55,25
1719462099186,33.65,25
1719462099186,33.65,25
1719462100431,34.1,125
1719462101321,33.8,25
1719462101411,33.75,25
1719462102316,34.0,25
1719462102827,33.85,75
1719462103275,33.8,25
1719462104000,34.0,100
1719462104339,33.95,250
1719462105217,34.05,25
1719462105323,33.85,25
1719462106342,33.8,50
1719462106617,33.75,25
1719462107329,33.8,25
1719462108020,33.9,25
1719462108288,34.1,50
1719462109242,34.55,25
1719462109314,34.45,125
1719462110337,34.9,175
1719462110592,35.25,700
1719462111344,35.1,75
1719462112250,34.9,25
1719462112340,34.95,25
1719462113442,35.15,25
1719462113466,35.1,300
1719462114308,34.8,25
1719462114852,34.85,25
1719462115299,35.0,50
1719462116029,34.85,75
1719462116280,34.75,25
1719462117338,34.2,125
1719462117448,34.35,50
1719462118325,34.2,25
1719462118654,34.15,25
1719462119328,33.7,75
1719462119865,33.75,25
1719462120285,33.95,175
1719462121253,33.75,50
1719462121326,33.7,50
1719462121531,33.6,25
1719462122334,33.1,475
1719462122475,33.1,150
1719462123343,33.35,400
1719462123647,33.45,50
1719462124344,33.3,25
1719462125069,33.4,100
1719462125347,33.25,25
1719462126337,33.6,50
1719462127331,33.45,50
1719462127471,33.5,50
1719462128347,33.35,25
1719462128870,33.35,75
1719462129533,33.35,50
1719462130211,33.35,100
1719462130338,33.15,50
1719462131271,33.15,25
1719462131278,33.15,25
1719462132314,33.3,25
1719462132391,33.3,50
1719462133331,32.85,25
1719462134089,33.45,400
1719462134299,33.4,75
1719462135346,33.6,25
1719462136270,33.6,50
1719462136489,33.6,375
1719462137314,33.35,25
1719462137489,33.5,100
1719462138343,33.4,50
1719462138893,33.1,25
1719462139342,33.1,50
1719462139841,32.85,75
1719462140281,32.65,100
1719462141093,32.8,50
1719462141339,32.7,500
1719462142261,32.65,75
1719462142341,32.45,25
1719462143475,32.3,275
1719462144350,32.3,650
1719462144460,32.3,300
1719462145333,32.1,25
1719462145706,32.3,25
1719462146305,32.4,25
1719462147100,32.7,100
1719462147357,33.0,75
1719462148290,33.25,50
1719462148356,33.6,75
1719462149117,33.25,50
1719462149337,33.15,25
1719462150332,33.4,75
1719462151301,33.2,75
1719462151548,33.0,100
1719462152345,32.75,100
1719462152488,32.95,25
1719462153306,33.0,25
1719462153477,33.05,75
1719462154361,33.25,50
1719462154657,33.25,50
1719462155350,33.35,25
1719462156100,33.5,25
1719462156367,33.45,50
1719462157309,33.35,100
1719462158096,33.35,100
1719462158314,33.0,300
1719462159358,33.15,25
1719462160284,32.9,25
1719462160488,32.95,25
1719462161290,32.75,25
1719462161737,32.9,375
1719462162367,32.7,325
1719462162943,32.7,25
1719462163357,32.65,25
1719462164081,32.6,50
1719462164336,32.4,25
1719462165326,32.25,50
1719462166392,32.6,25
1719462166548,32.65,25
1719462167366,32.2,25
1719462167737,32.2,50
1719462168365,32.45,150
1719462169122,32.15,25
1719462169324,32.15,300
1719462170378,31.65,1200
1719462170729,31.9,300
1719462171378,31.95,25
1719462171922,32.1,75
1719462172366,32.25,25
1719462173142,32.35,75
1719462173378,32.65,25
1719462174311,33.0,25
1719462174565,33.1,75
1719462175369,33.5,50
1719462175541,33.6,50
1719462176327,33.0,100
1719462176511,32.95,25
1719462176698,32.95,200
1719462177383,32.5,725
1719462177937,32.2,50
1719462178326,31.95,75
1719462179135,31.9,25
1719462179351,31.9,400
1719462180357,32.0,275
1719462181359,31.75,25
1719462181561,31.6,25
1719462182348,31.7,25
1719462182549,31.75,25
1719462183367,31.7,575
1719462183765,31.65,25
1719462184339,31.65,25
1719462185162,31.55,100
1719462185372,31.6,25
1719462186371,31.3,50
1719462187369,31.15,150
1719462188369,30.8,25
1719462189373,31.05,50
1719462189578,31.3,25
1719462190392,31.0,25
1719462190776,30.9,25
1719462191353,31.1,50
1719462192191,31.7,75
1719462192392,31.75,25
1719462193375,31.25,25
1719462194387,31.3,150
1719462194532,31.3,75
1719462195356,31.15,50
1719462195521,31.15,25
1719462196389,31.3,350
1719462196777,31.2,50
1719462197350,31.25,25
1719462197970,31.5,100
1719462198369,31.2,25
1719462199153,31.25,25
1719462199362,31.3,100
1719462200395,31.3,25
1719462201361,31.45,500
1719462202349,31.9,75
1719462203402,32.5,25
1719462204375,33.5,1525
1719462204578,33.45,75
1719462205372,33.05,50
1719462205589,33.1,50
1719462206395,33.25,50
1719462206602,33.25,50
1719462207383,33.35,100
1719462207801,33.0,25
1719462208381,32.85,25
1719462208991,32.4,50
1719462209382,32.55,50
1719462210197,32.65,225
1719462210377,32.6,125
1719462211393,32.25,400
1719462211526,32.2,225
1719462212406,31.9,50
1719462213409,32.55,25
1719462213573,32.65,25
1719462214316,32.5,25
1719462214815,32.2,150
1719462215389,32.25,750
1719462216176,32.1,25
1719462216377,32.15,25
1719462217168,32.35,50
1719462217350,32.5,300
1719462218372,32.4,25
1719462219378,32.75,25
1719462220314,32.95,25
1719462220624,32.75,75
1719462221339,32.8,25
1719462221628,32.8,150
1719462222359,32.5,25
1719462223015,32.65,25
1719462223399,32.65,175
1719462224213,32.7,25
1719462224372,32.7,75
1719462225377,32.55,175
1719462225432,32.65,25
1719462226416,32.8,25
1719462227443,32.4,25
1719462228401,32.6,25
1719462229019,32.75,50
1719462229347,32.6,25
1719462230438,32.3,450
1719462231444,32.15,425
1719462232412,32.0,25
1719462233384,32.1,200
1719462233577,32.25,25
1719462234378,32.2,50
1719462234613,32.35,25
1719462235361,32.3,25
1719462235642,32.3,300
1719462236343,32.0,325
1719462236617,32.15,150
1719462236829,32.1,125
1719462237351,32.1,25
1719462238243,31.7,25
1719462238417,31.75,25
1719462239424,32.0,25
1719462240410,32.15,250
1719462240438,32.2,75
1719462241410,32.45,25
1719462241573,32.6,25
1719462241625,32.7,25
1719462242413,32.25,200
1719462242651,32.35,25
1719462243388,32.8,75
1719462243662,32.7,25
1719462243824,32.7,25
1719462244404,32.95,25
1719462245011,32.95,100
1719462245354,33.05,100
1719462246357,33.0,25
1719462247425,33.05,25
1719462247446,33.15,275
1719462248426,33.5,150
1719462248592,33.5,25
1719462249406,33.25,125
1719462249675,33.0,50
1719462250421,33.15,25
1719462250668,33.15,75
1719462251405,33.1,100
1719462251878,33.25,25
1719462252424,33.05,50
1719462252882,32.7,25
1719462253393,32.7,25
1719462254084,32.9,25
1719462254372,33.0,150
1719462255260,33.0,25
1719462255414,33.15,50
1719462256297,32.85,25
1719462256400,32.8,25
1719462257063,32.9,100
1719462257389,33.05,150
1719462258293,32.9,125
1719462258348,32.85,25
1719462259402,32.95,25
1719462259651,33.0,50
1719462260417,32.9,75
1719462260673,32.95,200
1719462261398,32.95,25
1719462262053,33.05,25
1719462262364,33.0,100
1719462263225,33.05,50
1719462263419,33.15,75
1719462264389,33.6,50
1719462264618,33.3,75
1719462265434,33.25,50
1719462265611,33.35,100
1719462266442,33.25,25
1719462266845,33.5,25
1719462267388,33.5,25
1719462268085,33.3,75
1719462268428,33.25,50
1719462269252,33.3,25
1719462269438,33.4,25
1719462270415,33.4,50
1719462270696,33.4,75
1719462271425,33.3,25
1719462271511,33.25,25
1719462271685,33.3,50
1719462272479,33.6,25
1719462273090,33.45,125
1719462273432,33.3,25
1719462274404,33.55,50
1719462274496,33.45,250
1719462275409,33.15,50
1719462275507,33.45,25
1719462276417,33.3,200
1719462276558,33.4,50
1719462277428,33.6,25
1719462277870,34.05,75
1719462278630,34.0,50
1719462279310,33.95,100
1719462279432,34.1,25
1719462280362,34.25,100
1719462280877,34.4,225
1719462281420,34.55,200
1719462282490,34.55,100
1719462283424,34.3,150
1719462283685,34.1,50
1719462284403,33.9,25
1719462285105,33.75,25
1719462285397,33.6,200
1719462286493,34.05,100
1719462286644,34.05,375
1719462287437,34.15,25
1719462287896,34.05,50
1719462288405,34.05,400
1719462289339,34.25,25
1719462290404,34.75,25
1719462290717,35.05,125
1719462291445,35.2,25
1719462292328,35.6,25
1719462292585,35.6,50
1719462293441,35.1,50
1719462293928,35.0,75
1719462294443,34.6,700
1719462295533,34.75,325
1719462295634,34.65,150
1719462296397,34.4,25
1719462296736,34.5,50
1719462297337,34.5,50
1719462297921,34.55,225
1719462298438,34.65,75
1719462328471,36.1,50
1719462328773,36.25,675
1719462329473,36.25,425
1719462330670,36.2,25
1719462331599,36.05,25
1719462332446,35.75,25
1719462333197,35.6,25
1719462333672,35.65,25
1719462334549,35.55,50
1719462335463,35.75,125
1719462335891,35.6,50
1719462336439,35.7,100
1719462337535,35.65,25
1719462337657,35.45,150
1719462338454,34.9,25
1719462338795,35.1,625
1719462339407,35.3,25
1719462339814,35.5,25
1719462340676,35.4,50
1719462340793,35.4,125
1719462341450,35.05,25
1719462341962,35.05,25
1719462342445,35.2,50
1719462348767,34.95,50
1719462349382,35.1,50
1719462350011,35.25,1150
1719462350474,35.2,25
1719462351486,35.15,25
1719462352373,35.1,25
1719462352483,35.0,1200
1719462353391,35.0,75
1719462353682,35.05,200
1719462354477,34.65,25
1719462354597,34.75,50
1719462355476,35.05,150
1719462355829,35.0,350
1719462356473,34.9,100
1719462356813,34.95,175
1719462357683,35.2,100
1719462357839,35.1,50
1719462358473,34.8,250
1719462359234,34.95,25
1719462359463,34.95,25
1719462360219,34.9,25
1719462360480,34.7,1075
1719462361566,34.9,75
1719462361604,34.75,25
1719462362624,34.6,100
1719462362691,34.6,175
1719462363450,34.6,650
1719462363829,34.65,25
1719462364475,34.6,75
1719462364844,34.0,75
1719462365469,34.05,125
1719462366048,34.05,25
1719462366469,33.95,25
1719462367254,33.45,150
1719462367665,33.35,50
1719462368479,33.6,25
1719462369464,33.6,75
1719462370454,34.0,25
1719462370640,34.05,75
1719462371455,34.2,25
1719462371657,34.3,25
1719462372487,34.65,75
1719462372652,34.8,475
1719462373482,34.6,125
1719462373867,34.8,50
1719462405494,37.9,50
1719462406123,38.15,50
1719462406707,38.15,50
1719462407324,38.55,50
1719462407509,38.9,25
1719462408520,40.45,75
1719462408703,40.85,25
1719462409522,40.2,75
1719462412714,40.0,25
1719462413119,39.75,25
1719462413501,39.65,350
1719462414510,40.2,100
1719462414731,40.35,25
1719462415717,41.65,25
1719462416129,41.95,200
1719462416520,42.4,25
1719462417525,42.55,75
1719462417747,42.7,100
1719462418725,42.1,125
1719462419529,43.1,25
1719462420719,44.1,25
1719462421129,44.9,50
1719462421561,44.25,25
1719462422728,46.55,25
1719462423523,45.5,50
1719462424547,45.15,25
1719462425735,44.55,25
1719462425941,44.25,200
1719462426531,43.75,400
1719462427354,44.3,25
1719462427726,43.25,200
1719462428542,42.95,200
1719462428725,43.25,125
1719462429516,44.2,25
1719462429952,43.4,25
1719462430522,43.15,50
1719462431157,43.55,100
1719462431730,43.9,25
1719462432362,44.0,50
1719462432525,43.7,25
1719462433535,43.15,200
1719462433939,42.9,250
1719462434739,43.9,450
1719462434961,43.65,50
1719462435536,44.4,25
1719462436152,44.25,75
1719462436511,43.95,25
1719462437375,44.1,50
1719462437529,44.45,25
1719462438564,44.1,250
1719462438728,44.15,25
1719462439520,44.1,25
1719462439967,43.5,25
1719462440520,43.3,25
1719462441360,43.95,25
1719462441545,43.85,25
1719462442528,43.75,125
1719462442773,43.95,25
1719462443730,44.05,75
1719462443970,43.7,125
1719462444546,44.25,25
1719462445383,44.85,200
1719462445554,44.95,25
1719462446746,45.2,50
1719462446965,45.0,100
1719462447540,44.2,25
1719462447974,44.2,25
1719462448547,44.25,75
1719462449379,43.7,50
1719462449744,43.8,50
1719462450553,43.7,25
1719462450781,43.2,50
1719462451579,42.9,25
1719462451787,42.95,50
1719462452541,42.5,25
1719462452975,42.3,625
1719462453751,43.0,25
1719462454160,43.4,425
1719462454543,43.25,25
1719462455543,43.45,50
1719462456520,43.55,100
1719462456574,43.3,50
1719462457542,43.55,100
1719462457779,43.55,50
1719462458753,43.1,75
1719462459005,42.95,125
1719462459547,43.1,100
1719462460005,43.25,350
1719462460548,43.4,25
1719462461002,43.3,25
1719462461542,42.95,25
1719462462382,43.7,25
1719462462755,43.9,50
1719462463539,44.4,50
1719462463806,44.7,25
1719462464554,44.4,25
1719462465406,44.45,425
1719462465536,44.6,25
1719462466742,46.1,25
1719462466992,46.3,25
1719462467555,47.3,175
1719462468618,48.25,50
1719462468763,47.9,75
1719462469560,47.45,25
1719462470006,48.1,75
1719462470554,48.3,75
1719462471624,48.65,50
1719462471739,48.55,25
1719462472565,50.2,75
1719462473213,50.2,25
1719462473539,50.1,25
1719462474752,48.7,75
1719462475014,48.1,75
1719462475553,48.6,25
1719462476429,49.8,100
1719462476754,49.55,100
1719462477550,50.4,25
1719462478032,50.15,250
1719462478553,49.05,50
1719462479752,48.7,200
1719462479836,48.55,25
1719462480553,50.4,25
1719462481428,52.1,75
1719462481564,51.8,75
1719462482768,53.8,50
1719462483035,53.85,100
1719462483559,53.45,25
1719462486238,52.5,25
1719462486566,52.2,25
1719462487633,52.45,25
1719462487755,52.2,75
1719462488575,51.3,25
1719462488843,51.7,25
1719462489576,52.4,25
1719462490041,51.95,50
1719462490755,51.05,25
1719462491255,51.9,25
1719462491563,52.15,50
1719462492563,52.1,25
1719462492840,52.0,150
1719462493759,50.7,100
1719462494248,51.3,75
1719462494558,51.0,50
1719462495567,51.0,25
1719462495650,50.75,25
1719462496569,50.9,25
1719462497236,50.85,100
1719462497778,50.15,25
1719462498574,49.9,75
1719462498858,49.55,25
1719462499577,48.35,25
1719462500067,48.6,25
1719462500782,49.15,50
1719462501573,49.55,25
1719462501863,50.0,50
1719462502572,50.15,25
1719462503264,50.4,25
1719462503572,50.05,25
1719462509771,51.5,25
1719462510077,51.0,25
1719462510567,50.7,25
1719462511270,51.05,25
1719462511576,51.5,25
1719462512771,51.2,25
1719462512872,51.3,25
1719462513595,52.0,50
1719462514294,52.45,25
1719462514578,52.3,50
1719462515583,51.65,50
1719462515680,51.5,275
1719462516582,51.95,125
1719462517278,51.8,25
1719462517774,51.3,25
1719462518590,51.2,25
1719462519063,50.45,25
1719462519591,50.65,150
1719462520579,51.55,25
1719462520685,51.55,25
1719462521573,50.6,150
1719462522121,49.95,25
1719462522580,50.05,50
1719462523498,49.45,25
1719462523767,49.2,25
1719462524571,50.05,25
1719462524904,50.0,25
1719462525608,49.5,100
1719462526090,49.45,150
1719462526580,49.75,25
1719462527308,50.0,25
1719462527590,50.1,25
1719462528581,48.7,25
1719462528713,48.7,25
1719462531500,49.65,50
1719462531594,49.5,50
1719462532583,49.35,25
1719462533082,49.75,25
1719462533586,49.45,25
1719462534593,49.9,25
1719462534715,49.85,50
1719462535601,49.95,50
1719462536312,50.15,25
1719462536784,49.7,25
1719462545788,50.6,50
1719462546110,50.4,25
1719462546618,49.95,75
1719462547601,49.85,50
1719462548782,50.0,25
1719462549601,50.2,25
1719462550128,49.8,25
1719462550596,50.45,25
1719462551542,50.6,25
1719462551804,50.65,25
1719462552927,50.9,100
1719462553796,50.8,50
1719462553919,51.15,50
1719462554610,51.05,25
1719462555133,51.9,25
1719462555607,51.85,25
1719462556338,52.2,25
1719462556796,52.4,600
1719462557601,52.1,100
1719462557947,52.35,150
1719462558605,52.15,50
1719462559157,51.8,50
1719462559801,51.85,50
1719462560157,51.65,25
1719462560601,51.45,25
1719462561547,52.15,25
1719462561611,52.1,200
1719462562606,52.25,25
1719462562958,51.75,125
1719462563805,51.25,25
1719462564155,51.65,25
1719462564607,51.45,25
1719462565356,51.35,50
1719462565603,51.3,25
1719462566583,50.85,25
1719462566756,51.0,75
1719462567820,51.6,25
1719462568171,51.65,150
1719462569618,51.5,125
1719462575812,50.8,25
1719462576178,50.75,150
1719462576613,50.35,25
1719462577183,49.8,25
1719462601588,54.25,50
1719462601625,53.95,75
1719462603823,52.0,50
1719462604649,51.65,25
1719462605429,51.9,50
1719462605619,52.05,25
1719462606430,51.7,275
1719462606636,51.4,50
1719462607837,51.6,25
1719462608019,51.3,50
1719462608646,52.1,25
1719462609231,51.7,50
1719462609615,51.25,25
1719462610224,51.05,25
1719462610621,51.2,100
1719462611627,51.35,75
1719462612817,51.8,25
1719462613048,51.85,100
1719462613635,51.35,125
1719462614444,51.75,100
1719462614644,51.95,50
1719462615644,52.0,150
1719462616631,51.75,25
1719462617056,51.45,175
1719462617831,51.35,550
1719462618224,51.35,25
1719462618633,51.45,25
1719462619659,50.45,50
1719462620841,50.2,25
1719462621053,50.4,25
1719462621636,49.95,25
1719462622451,49.8,25
1719462622618,49.9,25
1719462623665,49.9,100
1719462624653,49.2,25
1719462625261,49.35,225
1719462625653,49.4,50
1719462626468,49.55,25
1719462626658,49.75,50
1719462627859,50.45,200
1719462628639,51.45,25
1719462629050,51.25,25
1719462629651,51.6,25
1719462630254,51.5,50
1719462630634,51.55,25
1719462631567,52.15,50
1719462631683,52.15,25
1719462632847,52.8,50
1719462633055,52.9,450
1719462633647,52.95,25
1719462634286,54.1,25
1719462634645,53.5,25
1719462635654,54.3,50
1719462635892,54.2,100
1719462636666,53.7,25
1719462637061,53.6,25
1719462637657,53.8,475
1719462638081,53.9,25
1719462638869,53.4,25
1719462639275,53.3,25
1719462639644,52.8,25
1719462640272,53.05,50
1719462640685,53.25,25
1719462641472,53.15,175
1719462641651,53.35,150
1719462642660,52.6,50
1719462642878,52.9,25
1719462643647,52.2,125
1719462644092,51.8,475
1719462644650,51.95,25
1719462645096,52.55,50
1719462645649,52.3,25
1719462646272,53.0,25
1719462646664,52.9,25
1719462647483,53.35,50
1719462647844,52.95,200
1719462648673,53.25,25
1719462648886,53.65,25
1719462649648,53.55,50
1719462650092,52.8,25
1719462650669,52.65,50
1719462651099,52.75,550
1719462651652,53.15,100
1719462652284,53.35,25
1719462652673,53.15,25
1719462653285,53.1,75
1719462653632,53.15,300
1719462657854,53.6,25
1719462657916,53.85,25
1719462658651,54.2,25
1719462659303,54.8,1000
1719462659682,55.9,25
1719462660866,56.7,25
1719462660906,56.9,25
1719462661589,57.2,25
1719462661671,57.2,25
1719462662662,57.05,50
1719462663930,58.0,100
1719462664672,56.65,25
1719462665536,57.3,50
1719462665866,58.05,25
1719462666525,57.8,25
1719462666666,57.8,25
1719462667671,57.85,225
1719462668102,57.7,25
1719462668669,57.6,25
1719462669527,58.15,150
1719462669870,57.1,575
1719462670675,56.65,25
1719462671335,57.15,25
1719462671673,57.25,50
1719462672540,56.95,25
1719462672869,57.25,25
1719462673666,57.75,75
1719462673924,57.35,25
1719462674692,57.35,25
1719462675132,57.25,25
1719462675671,57.1,25
1719462676137,56.75,225
1719462676883,56.65,25
1719462677143,56.8,25
1719462677673,56.1,25
1719462678142,56.5,75
1719462678678,55.55,50
1719462679332,55.8,150
1719462679675,56.4,50
1719462680536,57.15,50
1719462680871,57.5,150
1719462681678,58.85,125
1719462682178,60.6,200
1719462682868,59.95,25
1719462683750,58.15,75
1719462684679,58.15,50
1719462685149,57.45,25
1719462685883,58.35,25
1719462686549,58.65,475
1719462686676,58.65,925
1719462687678,58.55,50
1719462688151,58.7,50
1719462688891,58.35,50
1719462689365,57.95,50
1719462689688,58.05,25
1719462690684,58.45,25
1719462691574,59.3,100
1719462691889,58.65,25
1719462691966,58.6,25
1719462692690,58.5,25
1719462693360,57.75,25
1719462693687,57.75,575
1719462694569,57.5,25
1719462694683,57.9,25
1719462695876,57.65,25
1719462695964,57.55,25
1719462696695,57.7,25
1719462697155,58.2,125
1719462697677,58.45,25
1719462702894,59.45,25
1719462703590,59.15,100
1719462703684,59.05,150
1719462704790,59.5,450
1719462705690,59.35,750
1719462706183,58.9,25
1719462706684,59.4,175
1719462735710,64.1,25
1719462736712,63.45,25
1719462737919,62.9,25
1719462738234,62.75,75
1719462738718,63.5,150
1719462739438,63.5,25
1719462739708,63.45,25
1719462740904,63.55,25
1719462741707,63.1,100
1719462742034,63.0,25
1719462742909,63.4,50
1719462743712,63.45,25
1719462744706,63.4,25
1719462744854,63.75,25
1719462745716,63.75,250
1719462746049,64.0,25
1719462746725,63.75,25
1719462747458,63.65,25
1719462747921,63.6,50
1719462748722,64.05,25
1719462748867,64.0,25
1719462749721,64.25,25
1719462750052,63.95,100
1719462750715,63.8,50
1719462751253,63.85,50
1719462751577,63.75,50
1719462751723,63.9,25
1719462752667,64.7,50
1719462752930,65.4,25
1719462753736,66.15,50
1719462754468,65.65,50
1719462754732,64.95,175
1719462755719,65.65,25
1719462755855,65.7,25
1719462756928,66.65,50
1719462757453,67.15,25
1719462757724,66.95,25
1719462758726,66.0,25
1719462759055,66.0,25
1719462759733,65.6,25
1719462760470,65.25,100
1719462760918,64.85,25
1719462761477,65.45,250
1719462761736,65.55,100
1719462762716,65.45,75
1719462763091,65.65,50
1719462763736,65.2,75
1719462764272,65.1,350
1719462764731,64.65,75
1719462765484,64.85,100
1719462765728,64.55,25
1719462766484,64.8,25
1719462766726,64.75,125
1719462767690,64.55,50
1719462767930,64.55,150
1719462768734,64.3,50
1719462769082,65.6,175
1719462769735,65.1,25
1719462770278,65.05,25
1719462770740,65.1,150
1719462771492,66.7,50
1719462771922,68.25,75
1719462772725,68.8,50
1719462773298,70.1,50
1719462773725,69.4,400
1719462774931,68.65,75
1719462775733,68.0,200
1719462776488,68.5,150
1719462776733,67.9,225
1719462777505,66.95,25
1719462777934,67.2,25
1719462778730,66.75,25
1719462778902,66.7,200
1719462779738,67.2,250
1719462780108,67.25,25
1719462780930,67.8,50
1719462781292,68.1,25
1719462781592,69.1,100
1719462781738,68.45,25
1719462782741,68.55,50
1719462783934,69.4,25
1719462784504,70.6,50
1719462784729,70.05,25
1719462785734,70.25,50
1719462786124,69.9,25
1719462786735,70.65,25
1719462787512,71.2,225
1719462787946,70.75,25
1719462788747,70.3,25
1719462789112,70.25,50
1719462789950,71.55,50
1719462790319,72.1,25
1719462790750,72.15,25
1719462791752,72.3,100
1719462791914,71.7,50
1719462792944,71.4,50
1719462793324,71.45,25
1719462793731,71.25,25
1719462794740,71.1,100
1719462795945,71.05,25
1719462796742,71.15,875
1719462797536,70.6,100
1719462797741,70.7,75
1719462798937,69.55,75
1719462799739,70.3,25
1719462800330,70.75,25
1719462800760,71.8,25
1719462801519,71.95,575
1719462801952,71.45,25
1719462802777,71.4,25
1719462803147,72.05,175
1719462803762,71.4,50
1719462804541,71.7,50
1719462804966,70.7,125
1719462805762,71.1,50
1719462805951,70.9,25
1719462806969,69.5,25
1719462807537,69.15,225
1719462807754,69.3,125
1719462808773,69.15,25
1719462808944,69.15,25
1719462809981,67.65,25
1719462810347,68.05,75
1719462810762,68.1,650
1719462811591,67.55,25
1719462811768,67.35,50
1719462812164,67.2,75
1719462812980,66.85,900
1719462813759,68.1,50
1719462814765,67.45,150
1719462815354,67.65,25
1719462815973,67.7,50
1719462816773,68.1,25
1719462817775,67.6,25
1719462817963,67.1,25
1719462818971,67.25,25
1719462819585,66.75,25
1719462819785,66.25,200
1719462820567,65.45,25
1719462820762,65.45,25
1719462821586,65.05,25
1719462821770,65.25,250
1719462822977,65.45,800
1719462823183,66.1,25
1719462823773,65.7,50
1719462824764,65.9,25
1719462825967,66.0,500
1719462826383,65.7,600
1719462826768,65.65,25
1719462827775,66.7,75
1719462827957,66.45,25
1719462828958,65.55,25
1719462829373,65.8,125
1719462829772,66.1,25
1719462830595,66.95,25
1719462830781,66.75,100
1719462831779,66.3,75
1719462831982,66.45,25
1719462832767,67.7,25
1719462833397,67.4,25
1719462833949,66.8,25
1719462834606,67.4,50
1719462834753,67.25,25
1719462835761,67.45,25
1719462836178,66.6,225
1719462836769,67.0,25
1719462837399,67.2,25
1719462837756,67.1,25
1719462838400,67.45,25
1719462838775,67.25,50
1719462839595,68.15,150
1719462839982,68.6,25
1719462840773,68.7,125
1719462841213,68.45,50
1719462841584,68.4,25
1719462841765,68.35,25
1719462842409,68.6,25
1719462842768,68.85,25
1719462843566,68.8,25
1719462843966,68.45,75
1719462844768,68.95,100
1719462845005,68.95,25
1719462845784,68.4,25
1719462846606,67.45,50
1719462846779,67.7,25
1719462848023,66.65,350
1719462848793,66.8,125
1719462849227,66.8,75
1719462849804,66.3,25
1719462850410,66.35,175
1719462850775,67.0,25
1719462852009,68.2,25
1719462852783,67.45,100
1719462853624,67.35,25
1719462853807,67.45,50
1719462854780,66.9,250
1719462854828,66.85,25
1719462855776,67.8,125
1719462856218,67.9,25
1719462856780,67.15,25
1719462857417,67.45,25
1719462857789,67.4,125
1719462858419,67.45,50
1719462858794,66.85,75
1719462859636,67.35,200
1719462859793,67.8,25
1719462860772,67.75,50
1719462861047,67.85,250
1719462861997,68.25,25
1719462862431,68.5,100
1719462862788,68.15,375
1719462863645,68.65,100
1719462863772,68.55,75
1719462864851,68.65,125
1719462864991,68.8,25
1719462865775,69.7,25
1719462866441,68.85,50
1719462866790,68.9,100
1719462867790,68.55,25
1719462868049,68.95,250
1719462868785,69.2,25
1719462869448,68.15,25
1719462870001,67.85,25
1719462870644,67.75,50
1719462870811,67.7,25
1719462871642,68.1,25
1719462871765,68.5,25
1719462872051,68.2,25
1719462872788,67.8,25
1719462873262,67.95,50
1719462874001,68.2,50
1719462874465,67.85,250
1719462874805,68.05,50
1719462875798,68.15,175
1719462876655,68.7,25
1719462876794,68.5,100
1719462877660,68.6,250
1719462877785,68.8,125
1719462878869,69.0,75
1719462879802,68.85,25
1719462880067,68.9,25
1719462881000,69.0,25
1719462881466,69.85,25
1719462881820,69.4,25
1719462882654,69.7,25
1719462882801,69.55,150
1719462883882,69.55,25
1719462884881,69.3,50
1719462886007,68.6,50
1719462886269,69.15,25
1719462886797,69.05,25
1719462887789,69.5,50
1719462888845,68.85,25
1719462889086,68.6,25
1719462889785,68.9,25
1719462890482,69.7,75
1719462890781,69.55,125
1719462891654,69.2,25
1719462891800,69.35,50
1719462892685,69.75,25
1719462892806,69.9,25
1719462893805,69.8,25
1719462894089,69.45,25
1719462894806,69.75,25
1719462895483,70.55,25
1719462895813,70.2,50
1719462896488,70.7,25
1719462896817,70.8,50
1719462897685,71.1,25
1719462897815,71.25,75
1719462898803,73.55,225
1719462899020,74.2,75
1719462899273,74.1,75
1719462899817,73.8,25
1719462900826,74.6,75
1719462900912,74.7,50
1719462901588,73.25,200
1719462902018,72.55,75
1719462902505,72.05,150
1719462902834,71.65,25
1719462903821,70.75,25
1719462904096,70.6,75
1719462905001,69.6,25
1719462905906,68.85,25
1719462906813,70.25,25
1719462907505,71.25,100
1719462908016,71.0,25
1719462908924,70.75,50
1719462909805,71.1,25
1719462910328,70.7,75
1719462910829,70.35,50
1719462911703,69.75,25
1719462912038,70.4,25
1719462912804,70.4,125
1719462912913,70.15,100
1719462913817,70.55,175
1719462914102,70.1,25
1719462914838,69.85,25
1719462915312,70.45,125
1719462915821,70.95,25
1719462916532,71.05,125
1719462916842,70.35,25
1719462917715,69.85,125
1719462917840,69.6,100
1719462918800,70.75,50
1719462918912,70.7,75
1719462919810,71.1,100
1719462920122,71.0,50
1719462920797,70.85,125
1719462921538,71.6,25
1719462922032,72.6,50
1719462922718,72.85,200
1719462922808,72.85,25
1719462923929,72.55,25
1719462924819,72.05,75
1719462925332,72.1,25
1719462925826,71.95,225
1719462926539,71.45,75
1719462926831,71.45,25
1719462927813,71.05,25
1719462928822,70.85,75
1719462928949,70.95,25
1719462929834,70.55,50
1719462930337,70.5,50
1719462930833,70.2,250
1719462931593,70.95,25
1719462931833,70.9,25
1719462932933,70.8,75
1719462933838,71.2,25
1719462934141,71.6,50
1719462934804,71.65,175
1719462935528,71.3,75
1719462935832,71.3,25
1719462936817,72.55,25
1719462937839,73.65,75
1719462938157,74.4,50
1719462939033,75.2,25
1719462939838,75.75,100
1719462940845,75.2,25
1719462941842,76.45,25
1719462941961,76.1,250
1719462942844,77.65,500
1719462943563,78.6,50
1719462943852,78.65,450
1719462944859,79.55,25
1719462945157,78.85,50
1719462945841,78.25,50
1719462946389,78.1,50
1719462946840,77.4,50
1719462947580,75.95,25
1719462947837,76.45,100
1719462948570,76.4,25
1719462949067,75.8,25
1719462949843,75.75,25
1719462950837,73.9,25
1719462950990,74.05,100
1719462951847,74.5,25
1719462952176,73.9,75
1719462952851,74.05,100
1719462953576,74.6,200
1719462953855,74.0,25
1719462954845,74.3,25
1719462955852,74.8,25
1719462956177,74.75,125
1719462957049,74.0,25
1719462957589,73.2,150
1719462957893,73.4,50
1719462958856,72.7,25
1719462959861,71.8,25
1719462959982,71.95,75
1719462960839,73.55,25
1719462961374,74.85,25
1719462961583,74.6,25
1719462962057,75.55,25
1719462962568,75.4,25
1719462962854,75.1,50
1719462963797,73.3,25
1719462963863,73.3,25
1719462964843,73.0,100
1719462964966,73.05,200
1719462966018,73.15,25
1719462966589,73.1,25
1719462966824,72.85,100
1719462967596,72.45,50
1719462967848,72.25,25
1719462968869,71.35,25
1719462969994,72.8,525
1719462970847,73.65,150
1719462971390,73.85,50
1719462971848,73.7,25
1719462972589,74.15,25
1719462972851,74.3,50
1719462973844,74.35,25
1719462974931,74.15,25
1719462975855,74.35,250
1719462976868,73.7,100
1719462977214,74.2,25
1719462977844,73.75,25
1719462978407,73.9,350
1719462979055,73.0,25
1719462979583,72.75,50
1719462979853,72.85,25
1719462980601,72.9,150
1719462980844,73.0,75
1719462981602,73.55,25
1719462981850,73.75,25
1719462982634,73.4,50
1719462982823,73.3,25
1719462983598,72.7,100
1719462983858,72.7,25
1719462984806,72.8,325
1719462984875,72.6,25
1719462986012,72.05,125
1719462986044,72.05,75
1719462986861,71.65,50
1719462987019,71.95,75
1719462987873,71.7,150
1719462988219,71.75,25
1719462988858,71.1,50
1719462989421,71.55,25
1719462990066,71.3,25
1719462990833,71.2,50
1719462990876,71.1,250
1719462991571,71.1,250
1719462991820,70.75,25
1719462991936,70.8,75
1719462993069,71.3,75
1719462993856,71.45,25
1719462994232,71.5,75
1719462994874,71.3,75
1719462995638,71.35,50
1719462995869,71.15,175
1719462996628,71.6,25
1719462996860,72.0,25
1719462997632,71.9,50
1719462997866,71.7,25
1719462998866,71.75,75
1719462999040,71.8,100
1719462999868,72.0,50
1719463000441,72.0,175
1719463000875,71.7,25
1719463001662,70.85,75
1719463001881,70.65,25
1719463002825,70.9,250
1719463002879,71.1,25
1719463003872,70.9,25
1719463004047,70.65,25
1719463004872,71.3,50
1719463005435,71.15,50
1719463005874,71.0,25
1719463006639,71.15,50
1719463006869,70.75,25
1719463007631,71.55,50
1719463008084,71.7,125
1719463008645,72.35,75
1719463008843,72.55,25
1719463009646,72.75,25
1719463009859,73.0,25
1719463010860,73.4,200
1719463011866,73.35,150
1719463012256,73.0,250
1719463012893,72.35,225
1719463013257,72.7,25
1719463013892,72.9,50
1719463014464,73.4,900
1719463014859,73.1,25
1719463015889,72.8,25
1719463016873,73.2,25
1719463017897,74.0,250
1719463018265,74.2,125
1719463018893,74.5,25
1719463019672,75.0,75
1719463019872,75.05,50
1719463020874,75.85,25
1719463021581,76.5,50
1719463021868,76.5,275
1719463022079,76.95,100
1719463022900,76.3,100
1719463023081,76.65,25
1719463023882,76.2,575
1719463024084,76.8,1175
1719463024884,76.4,25
1719463025272,76.45,100
1719463025874,76.85,25
1719463026475,76.55,25
1719463026879,76.6,25
1719463027878,77.1,25
1719463029091,78.25,25
1719463029276,78.2,25
1719463029890,78.25,50
1719463030694,79.4,25
1719463030897,79.8,225
1719463031693,80.25,50
1719463031898,80.8,75
1719463032898,81.35,1400
1719463033901,78.55,25
1719463034090,78.5,50
1719463035090,76.4,50
1719463035690,75.1,175
1719463035889,75.25,1500
1719463036910,74.4,25
1719463037890,75.1,175
1719463038297,74.3,175
1719463038890,73.95,25
1719463039509,74.6,400
1719463039898,74.6,50
1719463040892,74.9,25
1719463041893,74.15,25
1719463042893,73.85,50
1719463044127,73.7,50
1719463044897,75.05,25
1719463045514,74.5,50
1719463045897,74.5,200
1719463046713,74.55,50
1719463046899,74.15,75
1719463047719,75.0,25
1719463047892,75.0,25
1719463048921,74.55,50
1719463049903,74.05,50
1719463050103,74.1,100
1719463050891,73.95,150
1719463051128,73.9,25
1719463051581,73.2,25
1719463051905,72.9,25
1719463052721,72.5,50
1719463052906,71.85,450
1719463053931,72.25,25
1719463054904,72.55,250
1719463055116,72.35,75
1719463055916,72.6,50
1719463056319,72.95,25
1719463056915,72.6,175
1719463057528,72.25,50
1719463057903,71.75,25
1719463058716,71.1,25
1719463058922,71.25,25
1719463059932,71.8,25
1719463060926,71.4,25
1719463061906,72.35,25
1719463062338,72.55,50
1719463062915,72.25,100
1719463063326,72.25,300
1719463063892,71.65,150
1719463064748,71.45,125
1719463064897,71.4,150
1719463065538,71.15,25
1719463065917,71.0,100
1719463066923,71.15,25
1719463067937,72.0,25
1719463068955,72.2,25
1719463069923,72.6,25
1719463070324,72.7,50
1719463070923,73.4,50
1719463071529,72.75,25
1719463071921,73.1,25
1719463072740,73.2,200
1719463072928,72.65,75
1719463073950,71.9,25
1719463074949,72.45,150
1719463075910,72.45,100
1719463076171,72.5,25
1719463076924,72.7,50
1719463077170,72.85,50
1719463077922,73.15,25
1719463078565,73.25,300
1719463078914,72.85,25
1719463079913,72.35,25
1719463079962,72.2,250
1719463080949,71.45,125
1719463081579,72.5,75
1719463081966,72.45,100
1719463082127,72.35,25
1719463082917,72.9,25
1719463083171,73.05,25
1719463083904,73.5,50
1719463084372,74.7,100
1719463084929,73.8,225
1719463085554,74.7,25
1719463085924,74.0,25
1719463086581,73.35,250
1719463086936,73.35,25
1719463087766,73.8,25
1719463087932,74.45,50
1719463089181,72.7,25
1719463089938,72.85,50
1719463090780,73.3,75
1719463090942,73.45,25
1719463091781,73.6,25
1719463091920,73.9,25
1719463092979,73.15,25
1719463093977,73.65,75
1719463094938,74.35,25
1719463094999,74.05,75
1719463095926,74.65,125
1719463096180,74.75,25
1719463096911,74.55,25
1719463097777,74.0,25
1719463097938,73.95,25
1719463098796,73.5,25
1719463098939,73.55,25
1719463099957,73.45,125
1719463100946,73.65,50
1719463101192,74.0,50
1719463102149,73.9,25
1719463102608,74.0,350
1719463102942,74.15,25
1719463103599,74.05,25
1719463103930,73.8,175
1719463104836,73.9,200
1719463104945,74.1,75
1719463105808,74.1,25
1719463105947,73.95,50
1719463106925,74.25,25
1719463107933,73.5,325
1719463108003,73.5,25
1719463108185,73.6,50
1719463108946,73.65,50
1719463109201,73.5,50
1719463109895,72.95,25
1719463110410,73.05,25
1719463110929,73.7,100
1719463111586,73.65,25
1719463111632,73.6,25
1719463111936,73.2,25
1719463112621,72.95,325
1719463112910,72.8,125
1719463113224,72.9,25
1719463113941,72.75,50
1719463114434,72.3,50
1719463114945,72.25,25
1719463115430,72.3,50
1719463115941,72.05,150
1719463116831,72.45,125
1719463116949,72.5,200
1719463117825,72.8,300
1719463117946,72.95,25
1719463118829,72.85,25
1719463118932,73.0,75
1719463119918,73.1,100
1719463120020,73.3,75
1719463120953,74.0,25
1719463121240,74.3,50
1719463121940,75.6,25
1719463122635,76.65,25
1719463122945,76.7,25
1719463124021,77.3,25
1719463125050,76.45,100
1719463125145,76.5,25
1719463125942,77.05,150
1719463126247,77.0,1500
1719463126988,78.0,50
1719463127836,78.05,25
1719463127958,77.75,25
1719463128939,76.95,75
1719463129039,76.55,150
1719463130047,75.15,25
1719463130945,74.9,25
1719463131253,75.0,25
1719463131927,75.4,50
1719463132649,75.3,50
1719463132949,75.25,25
1719463133945,75.45,25
1719463134052,75.25,75
1719463134949,74.95,325
1719463135050,74.95,25
1719463135945,75.05,25
1719463136049,75.15,100
1719463136944,76.3,25
1719463137061,76.25,25
1719463137969,75.65,100
1719463138262,75.85,25
1719463138937,76.0,25
1719463139457,77.3,100
1719463139936,77.05,325
1719463140669,77.1,325
1719463140959,77.4,25
1719463141599,77.6,200
1719463141870,77.5,25
1719463141970,77.35,300
1719463142943,77.45,50
1719463143074,76.85,950
1719463143953,76.6,25
1719463144068,76.7,175
1719463144970,75.55,25
1719463145065,75.6,50
1719463146039,76.05,725
1719463146484,76.35,25
1719463146957,76.75,25
1719463147483,76.25,50
1719463147955,76.65,75
1719463148490,76.7,25
1719463148959,76.95,75
1719463149962,76.4,75
1719463150882,75.85,175
1719463150961,75.7,125
1719463152085,76.4,500
1719463152943,76.05,25
1719463153093,76.15,125
1719463153967,77.55,25
1719463154313,77.25,25
1719463154965,77.75,1225
1719463155701,77.95,50
1719463155959,77.3,50
1719463156887,77.9,25
1719463156975,77.35,25
1719463157902,77.2,25
1719463157957,76.9,75
1719463158974,76.1,25
1719463159100,76.0,425
1719463159976,76.6,25
1719463160085,76.45,75
1719463160969,76.95,50
1719463161110,76.9,50
1719463161504,77.0,25
1719463161958,77.4,25
1719463162499,77.45,50
1719463162950,77.3,50
1719463163906,77.45,25
1719463163981,77.45,50
1719463164967,77.5,25
1719463165979,77.55,25
1719463166096,77.65,25
1719463166980,77.35,50
1719463167123,77.1,25
1719463167982,77.2,100
1719463168122,77.15,25
1719463168976,76.95,25
1719463169323,76.55,200
1719463169985,75.75,25
1719463170319,76.8,25
1719463170966,76.05,400
1719463171579,76.8,25
1719463171723,76.8,25
1719463171998,76.3,125
1719463172745,76.55,25
1719463172987,76.8,100
1719463173992,76.75,100
1719463174974,76.45,100
1719463175927,75.8,25
1719463175977,75.3,25
1719463176975,76.25,50
1719463177974,76.15,25
1719463178111,75.55,25
1719463178547,75.35,425
1719463178980,76.2,25
1719463179344,75.6,25
1719463180177,74.8,50
1719463180727,75.3,25
1719463180980,76.1,25
1719463181984,77.1,25
1719463182128,77.1,25
1719463182993,77.3,25
1719463183123,77.65,25
1719463183989,77.05,50
1719463184530,77.05,25
1719463184977,77.75,50
1719463185740,76.8,25
1719463185991,76.45,200
1719463186750,75.9,25
1719463186998,75.45,150
1719463187739,75.85,100
1719463187995,75.9,150
1719463188749,75.5,25
1719463188965,75.35,75
1719463189989,75.2,25
1719463190987,74.4,25
1719463191150,74.2,75
1719463191987,74.8,75
1719463192336,74.8,125
1719463192978,74.6,325
1719463193356,74.45,100
1719463194000,74.75,125
1719463194330,74.35,25
1719463194979,74.75,25
1719463195546,74.45,175
1719463195998,73.95,175
1719463196553,74.45,75
1719463196994,74.6,100
1719463197568,74.55,350
1719463197994,74.35,50
1719463199000,75.0,25
1719463199748,75.0,25
1719463200002,74.8,50
1719463200977,74.9,25
1719463201155,75.25,25
1719463201574,74.95,50
1719463201954,75.55,50
1719463202156,75.65,25
1719463202995,75.05,25
1719463203154,74.55,100
1719463203991,73.75,25
1719463204563,74.65,25
1719463204971,75.2,25
1719463205553,74.35,50
1719463205997,74.1,50
1719463206753,74.15,25
1719463207003,74.05,25
1719463207967,75.5,125
1719463209003,74.6,150
1719463209968,74.35,25
1719463211040,76.15,50
1719463211375,76.15,100
1719463211992,76.8,125
1719463212404,77.3,100
1719463212963,77.15,75
1719463213594,77.05,50
1719463213988,76.7,50
1719463214792,76.8,25
1719463214984,76.25,75
1719463215966,76.0,125
1719463215992,76.0,50
1719463216986,76.35,25
1719463218009,76.1,25
1719463218172,75.55,50
1719463219002,75.25,50
1719463219183,75.75,100
1719463220010,75.65,200
1719463220190,75.6,25
1719463221012,76.1,75
1719463221171,76.1,225
1719463222012,75.8,25
1719463222195,76.3,25
1719463222610,76.5,25
1719463223011,76.35,25
1719463223783,76.35,25
1719463223997,76.65,25
1719463225014,77.7,25
1719463226016,78.0,175
1719463226204,78.6,25
1719463227001,77.95,50
1719463227203,78.65,175
1719463228029,79.75,25
1719463228198,79.4,250
1719463229006,79.0,25
1719463229605,77.7,125
1719463230021,77.25,25
1719463230629,77.2,25
1719463231005,76.2,25
1719463231561,76.15,100
1719463232011,77.1,125
1719463232204,77.35,150
1719463233010,76.75,200
1719463233809,76.15,100
1719463234004,75.95,50
1719463235023,76.2,250
1719463235416,75.8,50
1719463236016,75.15,50
1719463237004,75.7,25
1719463237213,75.6,50
1719463238018,75.75,50
1719463238230,75.55,75
1719463239013,75.65,50
1719463239218,75.8,25
1719463239632,75.4,150
1719463240016,75.2,25
1719463240616,75.35,50
1719463241007,74.95,25
1719463241845,75.0,50
1719463242016,74.9,75
1719463243025,74.3,25
1719463243222,74.45,50
1719463243998,74.7,675
1719463244226,74.2,50
1719463245027,74.95,25
1719463246015,74.9,25
1719463246346,75.3,25
1719463247025,75.8,25
1719463247431,75.35,225
1719463248040,75.5,50
1719463248444,75.1,50
1719463249003,75.05,25
1719463249626,74.85,25
1719463250030,74.75,25
1719463250599,75.4,50
1719463251005,75.15,25
1719463251812,75.05,25
1719463252029,74.95,25
1719463253030,75.7,25
1719463253205,76.35,25
1719463254023,75.8,250
1719463254244,75.7,225
1719463255031,75.25,25
1719463255443,76.25,50
1719463256022,75.55,25
1719463256461,75.65,25
1719463257004,75.05,275
1719463257640,74.75,75
1719463258034,74.55,25
1719463258652,74.3,100
1719463259041,74.15,75
1719463259856,74.65,75
1719463260021,74.7,25
1719463261066,74.75,75
1719463261572,75.35,25
1719463262069,76.6,100
1719463262240,76.75,25
1719463263004,76.6,25
1719463263261,76.15,25
1719463264000,75.1,725
1719463264255,75.15,50
1719463264936,75.3,200
1719463265450,75.9,25
1719463266025,76.1,25
1719463266650,76.05,175
1719463267032,76.1,25
1719463267653,76.15,250
1719463268007,76.2,25
1719463268671,76.45,50
1719463269034,76.05,25
1719463270069,75.65,25
1719463271027,75.75,25
1719463271272,76.25,25
1719463272034,76.25,125
1719463272274,75.55,25
1719463273034,75.75,50
1719463273271,75.95,25
1719463274048,75.8,150
1719463274464,76.4,75
1719463275029,77.05,25
1719463275675,77.6,100
1719463276035,78.55,50
1719463277033,81.6,25
1719463277099,82.1,25
1719463278042,81.0,25
1719463278496,80.4,25
1719463279045,82.1,25
1719463279696,81.9,425
1719463280045,81.1,25
1719463281088,79.7,100
1719463282049,79.15,125
1719463282279,79.5,25
1719463283046,79.0,125
1719463283515,78.9,25
1719463284231,78.25,100
1719463284696,77.95,150
1719463285050,77.5,100
1719463286042,77.55,125
1719463286109,77.8,50
1719463287046,78.0,200
1719463287296,77.8,25
1719463288044,76.9,50
1719463288504,76.7,25
1719463289059,77.1,25
1719463290105,78.2,75
1719463291089,78.25,75
1719463291593,78.1,25
1719463292050,77.95,75
1719463292314,78.5,125
1719463293059,78.25,50
1719463293726,78.15,25
1719463294050,78.2,25
1719463294915,77.75,50
1719463295054,78.1,25
1719463296064,78.4,50
1719463296117,78.55,25
1719463297120,77.95,75
1719463298045,78.6,50
1719463298323,79.2,25
1719463299059,79.55,25
1719463299527,79.0,450
1719463300061,79.2,50
1719463300521,79.45,25
1719463301017,79.3,25
1719463301916,79.4,25
1719463302065,79.55,25
1719463303125,78.45,75
1719463304026,78.7,25
1719463304333,78.45,50
1719463305036,78.05,125
1719463305336,78.0,150
1719463306073,78.1,125
1719463306307,78.05,50
1719463307041,77.8,50
1719463307525,77.45,25
1719463308050,77.2,50
1719463308936,77.85,50
1719463309056,78.0,50
1719463310039,77.5,100
1719463310135,77.1,75
1719463311075,77.9,25
1719463311351,77.85,150
1719463312087,78.25,125
1719463312329,78.65,25
1719463313063,79.15,25
1719463313530,79.0,25
1719463314059,78.5,25
1719463315150,78.75,25
1719463316071,78.45,25
1719463316333,78.5,25
1719463317034,78.6,50
1719463317343,78.3,25
1719463318058,78.0,75
1719463318735,77.5,50
1719463319281,77.4,100
1719463319944,78.05,75
1719463320046,78.3,25
1719463321166,78.65,25
1719463321593,78.2,25
1719463322038,78.75,200
1719463322355,79.0,100
1719463323068,79.9,175
1719463323359,79.05,25
1719463324067,78.9,50
1719463324554,79.0,25
1719463325057,79.1,200
1719463326066,79.05,50
1719463327060,78.55,25
1719463327559,78.6,50
1719463328067,77.55,25
1719463329067,78.2,50
1719463330069,78.3,25
1719463330155,78.5,400
1719463331075,77.65,25
1719463331357,77.6,50
1719463332077,78.05,50
1719463332365,78.6,25
1719463333051,77.7,25
1719463333368,77.55,25
1719463334081,77.7,25
1719463334355,78.0,25
1719463335059,77.45,25
1719463335389,77.65,75
1719463335775,77.15,25
1719463336084,77.5,75
1719463336974,77.9,75
1719463337083,77.9,675
1719463338065,77.8,25
1719463338377,77.75,50
1719463339067,77.6,150
1719463339370,77.35,25
1719463340016,77.25,175
1719463359225,80.75,50
1719463360084,81.5,25
1719463360219,81.2,425
1719463361055,80.85,150
1719463361623,81.15,50
1719463362105,80.4,25
1719463362630,79.75,100
1719463363084,79.35,75
1719463363818,78.85,25
1719463364106,79.1,100
1719463364819,79.7,75
1719463365094,79.8,50
1719463366109,79.75,50
1719463366222,79.7,100
1719463367091,79.7,25
1719463367231,79.45,25
1719463368087,79.4,50
1719463368439,79.8,75
1719463369057,80.35,25
1719463369440,80.45,50
1719463370071,80.15,25
1719463370447,80.0,275
1719463371091,80.5,1800
1719463371651,80.9,50
1719463372100,80.7,75
1719463372850,81.1,100
1719463373098,80.55,25
1719463374097,81.0,100
1719463374243,81.3,25
1719463376098,80.6,25
1719463376454,80.55,250
1719463377651,80.45,25
1719463378083,80.15,25
1719463379108,79.6,25
1719463380111,78.65,25
1719463380458,78.5,50
1719463411319,72.65,150
1719463411601,72.85,25
1719463412114,73.15,25
1719463412501,73.2,25
1719463413116,73.2,450
1719463413507,73.4,125
1719463414115,73.8,100
1719463414921,73.9,25
1719463415120,73.5,25
1719463416329,73.45,50
1719463416513,73.25,25
1719463422132,72.6,25
1719463422733,72.15,50
1719463423105,72.1,25
1719463424114,71.5,25
1719463425134,71.95,75
1719463425332,71.45,100
1719463426119,71.2,50
1719463426727,71.55,25
1719463427323,71.35,50
1719463428147,70.0,25
1719463429139,67.3,50
1719463429933,66.4,875
1719463430324,67.55,50
1719463431142,67.35,25
1719463431553,67.6,25
1719463432146,67.0,50
1719463432938,64.4,25
1719463433121,65.25,50
1719463434346,66.55,25
1719463434553,65.8,25
1719463435150,66.15,25
1719463436147,66.25,25
1719463437326,66.15,25
1719463437561,65.85,25
1719463438134,66.35,25
1719463438954,66.35,25
1719463439139,66.25,125
1719463440135,66.65,25
1719463440556,66.85,25
1719463441333,67.2,50
1719463441575,67.3,75
1719463441756,68.0,50
1719463442132,67.4,50
1719463443152,68.55,25
1719463444140,68.85,225
1719463444363,68.35,25
1719463445146,68.7,25
1719463445370,69.2,25
1719463446147,68.85,75
1719463446582,68.4,25
1719463447150,68.2,25
1719463447766,68.6,25
1719463448349,68.55,175
1719463448960,68.15,50
1719463449148,68.3,25
1719463450143,68.45,100
1719463450366,68.65,1325
1719463451138,68.55,25
1719463451577,68.05,25
1719463452148,68.1,25
1719463452576,68.75,25
1719463453153,68.55,25
1719463453784,68.45,25
1719463454157,68.75,75
1719463455190,69.85,50
1719463456157,69.6,75
1719463457154,69.8,100
1719463457380,69.8,125
1719463458154,69.5,50
1719463458578,69.55,50
1719463459150,69.55,50
1719463459590,68.45,75
1719463460146,68.55,25
1719463460995,68.05,25
1719463461163,68.2,25
1719463462121,68.15,50
1719463462409,68.3,50
1719463463139,68.45,25
1719463466154,68.15,25
1719463466782,68.65,75
1719463467155,68.85,25
1719463468152,69.55,25
1719463468381,69.4,25
1719463469136,69.65,150
1719463469388,69.5,200
1719463470161,69.65,50
1719463470792,70.85,25
1719463471318,71.4,25
1719463471583,70.5,25
1719463472149,71.05,25
1719463472205,71.2,250
1719463473163,71.2,25
1719463473615,71.35,75
1719463474171,71.8,325
1719463474815,71.15,50
1719463475150,70.85,375
1719463476206,71.35,100
1719463477151,71.7,250
1719463477418,71.45,275
1719463478135,70.1,25
1719463478609,69.9,25
1719463479159,69.35,50
1719463480020,69.2,50
1719463480159,69.35,75
1719463481149,68.75,25
1719463481629,68.45,25
1719463482157,68.45,100
1719463483021,68.15,100
1719463483165,68.15,200
1719463484155,68.15,75
1719463484432,68.25,25
1719463485144,67.9,50
1719463485617,67.95,75
1719463486157,68.1,50
1719463486830,68.1,250
1719463487165,67.4,800
1719463488240,67.95,50
1719463489154,67.5,100
1719463489837,67.9,275
1719463490148,67.95,25
1719463491236,67.35,25
1719463492170,66.9,50
1719463492840,66.65,50
1719463493159,67.05,75
1719463495171,67.15,250
1719463496048,67.35,25
1719463496140,67.6,25
1719463497157,67.2,25
1719463497443,67.5,25
1719463498162,67.8,50
1719463498660,67.4,200
1719463499169,67.25,25
1719463500180,67.45,25
1719463500262,67.55,25
1719463501171,67.25,125
1719463501584,67.25,25
1719463501651,67.1,75
1719463502163,66.9,50
1719463502667,66.95,25
1719463503178,67.1,900
1719463504235,66.5,50
1719463505182,66.8,25
1719463505674,66.15,500
1719463506182,64.25,25
1719463507068,64.2,25
1719463507188,64.55,25
1719463508170,65.7,225
1719463508665,65.35,175
1719463509180,66.05,25
1719463510170,65.65,100
1719463510471,65.7,75
1719463511182,64.75,250
1719463512080,64.45,100
1719463512159,64.5,50
1719463513189,64.85,1150
1719463513684,64.9,25
1719463514165,64.9,25
1719463515088,64.75,25
1719463515181,64.4,25
1719463516276,64.25,50
1719463517186,64.3,25
1719463517476,64.25,75
1719463518188,64.35,225
1719463518886,64.3,25
1719463519180,64.55,25
1719463520201,66.0,100
1719463520301,65.75,25
1719463521203,66.25,75
1719463521690,66.55,50
1719463522165,66.35,25
1719463523194,67.2,50
1719463523481,67.35,75
1719463524194,67.35,275
1719463524685,68.35,25
1719463525197,68.6,125
1719463526188,67.95,25
1719463526303,68.0,25
1719463527191,68.15,25
1719463527705,68.3,25
1719463528193,68.55,25
1719463529202,68.65,25
1719463529300,68.8,25
1719463530199,69.0,25
1719463530901,69.8,25
1719463531378,70.0,250
1719463531556,69.8,100
1719463532188,70.9,25
1719463532514,70.55,25
1719463533196,69.7,25
1719463533917,69.4,200
1719463534194,69.5,25
1719463535201,69.8,650
1719463535503,70.25,25
1719463536199,70.45,150
1719463537125,71.75,50
1719463537206,71.9,75
1719463538211,70.95,100
1719463538911,70.95,50
1719463539205,71.0,50
1719463540190,70.45,50
1719463540490,70.7,25
1719463541188,71.2,50
1719463542118,69.9,100
1719463542377,70.3,50
1719463543191,71.0,25
1719463543520,70.85,25
1719463544191,70.6,50
1719463544732,70.8,25
1719463545177,70.9,50
1719463545913,71.2,75
1719463546192,71.5,25
1719463547323,71.1,100
1719463548206,71.55,200
1719463548932,72.1,200
1719463549201,72.45,125
1719463550201,72.7,50
1719463550529,72.45,25
1719463551208,72.7,25
1719463552147,72.0,500
1719463552209,71.95,275
1719463553199,71.45,100
1719463553949,70.8,75
1719463554209,70.6,25
1719463555202,69.4,75
1719463555551,69.95,350
1719463556218,70.4,50
1719463556756,70.1,25
1719463557206,69.6,50
1719463558202,70.25,50
1719463558354,70.3,50
1719463559227,70.35,225
1719463559540,70.75,75
1719463560196,70.0,25
1719463560738,69.8,25
1719463561205,69.6,100
1719463561607,69.4,25
1719463561750,69.25,125
1719463562203,69.65,75
1719463562974,69.95,25
1719463563218,69.7,25
1719463564147,68.75,25
1719463564412,68.85,50
1719463565226,68.6,225
1719463565566,68.8,250
1719463566198,69.0,25
1719463566965,68.05,25
1719463567206,67.75,75
1719463568208,68.5,25
1719463568371,68.6,200
1719463569182,68.5,25
1719463569370,68.25,25
1719463570214,67.95,75
1719463570775,67.5,25
1719463571224,67.65,50
1719463572225,68.15,25
1719463573224,67.15,25
1719463573575,66.85,50
1719463574221,67.1,25
1719463575224,67.45,25
1719463575395,67.65,25
1719463576219,67.3,25
1719463576773,67.4,25
1719463577209,67.8,75
1719463578223,67.15,50
1719463578362,67.05,100
1719463579213,66.4,200
1719463579789,66.4,75
1719463580215,66.25,25
1719463581226,66.35,50
1719463582238,66.4,25
1719463582582,66.0,50
1719463583200,65.65,50
1719463584000,65.0,50
1719463584222,64.75,25
1719463585231,64.55,150
1719463585375,64.5,50
1719463586219,65.3,25
1719463586992,65.85,150
1719463587235,65.8,25
1719463588235,65.9,25
1719463588597,66.2,25
1719463589225,66.15,50
1719463590207,66.55,25
1719463591213,66.55,25
1719463591574,66.6,25
1719463591783,66.45,25
1719463592218,66.0,125
1719463593221,66.3,75
1719463594259,65.9,25
1719463594602,66.05,50
1719463595225,66.0,50
1719463596004,65.65,75
1719463596219,65.75,25
1719463597228,65.65,50
1719463597599,65.6,50
1719463598196,65.45,25
1719463599220,65.0,175
1719463600236,66.0,50
1719463600826,65.15,25
1719463601144,64.95,75
1719463602246,65.3,250
1719463610239,67.95,400
1719463611437,68.25,200
1719463612043,67.95,75
1719463612208,68.05,25
1719463613209,67.9,275
1719463613825,67.85,25
1719463614230,67.9,50
1719463615118,67.75,50
1719463616247,68.1,100
1719463616831,68.5,25
1719463617271,68.65,25
1719463618053,68.15,25
1719463618244,68.3,25
1719463619244,67.45,125
1719463619853,67.2,25
1719463620241,67.05,25
1719463621219,66.6,25
1719463621608,66.75,50
1719463622260,66.45,900
1719463623058,65.95,50
1719463623237,66.0,250
1719463624250,66.2,50
1719463624855,65.95,25
1719463625243,65.75,100
1719463626059,65.6,175
1719463626208,65.5,125
1719463627248,66.1,50
1719463627680,66.0,25
1719463628267,66.2,75
1719463628858,66.5,125
1719463629241,66.5,100
1719463630251,66.75,25
1719463630475,67.25,200
1719463631237,66.9,75
1719463632077,66.85,25
1719463632231,66.8,125
1719463633252,67.1,50
1719463633588,67.05,75
1719463634248,66.8,25
1719463635060,66.8,150
1719463635219,66.7,25
1719463636264,67.0,25
1719463636691,67.1,25
1719463637226,67.8,25
1719463638085,67.8,200
1719463638260,67.7,25
1719463639272,67.5,175
1719463639308,67.7,250
1719463640218,68.05,225
1719463640703,68.2,25
1719463641251,68.6,325
1719463641880,68.8,25
1719463642236,68.65,25
1719463643073,68.75,25
1719463643246,68.75,50
1719463644275,69.25,25
1719463644475,68.6,25
1719463645273,69.15,50
1719463645910,68.75,25
1719463646226,69.0,25
1719463647276,68.1,25
1719463647501,67.8,275
1719463668945,64.35,75
1719463669284,64.4,25
1719463670327,64.55,50
1719463671288,64.55,100
1719463671733,65.15,25
1719463672233,65.3,75
1719463672941,65.65,200
1719463673264,65.7,25
1719463674149,66.7,50
1719463674300,66.75,75
1719463675273,65.9,25
1719463675349,65.65,125
1719463676275,65.2,25
1719463676712,65.4,25
1719463688288,66.1,75
1719463689263,65.3,25
1719463748314,68.1,75
1719463748656,68.0,25
1719463749332,68.35,100
1719463750002,68.3,25
1719463750321,68.45,25
1719463751329,68.35,200
1719463751467,68.25,200
1719463752292,69.2,25
1719463753211,69.15,25
1719463753295,69.2,50
1719463754314,69.15,175
1719463754842,68.65,75
1719463755332,68.7,25
1719463756311,68.85,150
1719463756481,68.85,125
1719463761338,71.1,50
1719463761487,71.35,25
1719463762326,71.4,225
1719463762898,71.35,25
1719463763337,71.35,75
1719463764339,70.9,125
1719463764484,70.95,25
1719463765349,70.5,50
1719463765895,70.75,175
1719463766520,69.6,25
1719463767083,69.25,150
1719463767345,69.1,25
1719463768318,68.9,75
1719463768703,69.25,175
1719463769347,69.6,350
1719463770065,69.65,100
1719463770330,69.8,25
1719463771077,69.55,25
1719463771338,69.4,300
1719463776333,71.15,125
1719463776899,71.6,250
1719463777348,72.1,25
1719463778109,71.3,25
1719463778318,71.35,125
1719463779338,71.95,50
1719463779508,72.0,100
1719463781117,70.7,100
1719463781344,70.75,25
1719463782317,70.95,25
1719463783335,70.9,50
1719463783909,71.3,25
1719463784347,71.25,25
1719463784906,71.2,75
1719463785329,70.85,25
1719463786118,70.7,100
1719463786340,70.35,275
1719463787347,70.8,125
1719463787508,71.05,75
1719463788301,70.8,50
1719463788722,71.0,75
1719463789337,71.15,100
1719463789908,70.85,100
1719463790342,71.6,175
1719463791359,71.9,75
1719463792357,71.15,125
1719463792720,71.05,150
1719463793336,71.15,100
1719463793931,72.15,50
1719463794359,72.3,25
1719463795126,71.85,25
1719463795360,71.9,125
1719463796359,71.7,25
1719463796541,71.65,25
1719463797307,71.25,25
1719463797727,71.0,25
1719463798321,71.5,75
1719463799120,71.2,75
1719463799355,71.05,500
1719463800353,70.55,25
1719463801351,70.5,125
1719463801585,70.6,25
1719463802922,70.25,25
1719463803363,70.0,25
1719463804153,70.6,200
1719463804307,70.75,300
1719463805350,70.45,25
1719463805525,70.25,25
1719463806342,69.8,25
1719463806751,70.0,25
1719463807343,70.15,25
1719463807747,70.35,1025
1719463808360,70.35,50
1719463808931,70.65,25
1719463809371,70.35,25
1719463810075,70.65,75
1719463810355,70.85,50
1719463811359,71.15,25
1719463811730,71.5,50
1719463812361,71.1,25
1719463815970,73.2,50
1719463816373,73.15,75
1719463817366,71.6,150
1719463817384,71.9,25
1719463818355,72.0,25
1719463818780,71.4,50
1719463819370,71.45,25
1719463820391,71.15,375
1719463821360,71.55,25
1719463821973,71.6,25
1719463822380,71.7,225
1719463823356,71.65,50
1719463824376,72.25,175
1719463824584,72.2,25
1719463825378,72.0,75
1719463825786,71.9,25
1719463826378,71.95,200
1719463826985,71.9,75
1719463827352,71.6,25
1719463828375,71.0,50
1719463829383,70.55,75
1719463829796,70.6,75
1719463830385,69.9,25
1719463831385,70.55,100
1719463831546,70.4,25
1719463832373,70.85,25
1719463832792,71.15,100
1719463833388,70.9,25
1719463834194,70.55,75
1719463834314,70.45,50
1719463835375,70.65,100
1719463835791,70.95,25
1719463836953,70.65,75
1719463837376,70.15,25
1719463838003,69.6,25
1719463838374,70.15,25
1719463839192,70.25,250
1719463839380,70.3,50
1719463840381,70.0,25
1719463840605,70.0,25
1719463841382,69.35,25
1719463842024,69.1,50
1719463842394,69.0,500
1719463843200,68.5,100
1719463843372,68.6,50
1719463844390,68.15,25
1719463844623,68.45,75
1719463845386,68.75,25
1719463846224,68.85,25
1719463846367,69.0,150
1719463847382,69.5,25
1719463847818,69.8,50
1719463848379,69.65,125
1719463849210,69.25,25
1719463849381,69.0,25
1719463850408,69.15,450
1719463851399,68.95,50
1719463852030,68.85,250
1719463852377,69.0,375
1719463853222,68.95,25
1719463853394,68.9,600
1719463854385,68.45,100
1719463854844,68.3,25
1719463855345,68.25,50
1719463856438,68.25,25
1719463856592,68.2,50
1719463857392,68.2,200
1719463858027,69.05,50
1719463858386,69.05,50
1719463859386,70.95,75
1719463859638,70.75,25
1719463860600,71.35,25
1719463861251,70.5,300
1719463861396,70.75,150
1719463861604,71.0,25
1719463862381,71.65,50
1719463862658,71.95,350
1719463863394,71.55,125
1719463864259,71.45,200
1719463864384,71.55,250
1719463865334,71.4,25
1719463865648,70.9,25
1719463866372,70.6,50
1719463867231,70.4,50
1719463867295,70.6,25
1719463868445,70.3,50
1719463869396,70.35,50
1719463869620,70.25,50
1719463870408,70.45,25
1719463871045,70.45,25
1719463871392,70.5,50
1719463872370,70.95,25
1719463872446,70.8,25
1719463873393,70.75,25
1719463874048,70.95,25
1719463874354,70.85,100
1719463875402,70.35,250
1719463876353,69.65,50
1719463876673,69.7,375
1719463877405,71.0,625
1719463878069,70.9,25
1719463878406,71.15,25
1719463879431,71.1,25
1719463879469,71.0,250
1719463880401,71.3,50
1719463880872,71.6,50
1719463881422,71.35,25
1719463882391,71.6,50
1719463925424,71.15,25
1719463925895,71.15,25
1719463926434,71.45,25
1719463927436,71.6,25
1719463927533,71.55,100
1719463928613,71.2,50
1719463929444,70.85,25
1719463930409,72.1,50
1719463931415,71.9,25
1719463931532,71.5,75
1719463932434,72.0,50
1719463932923,71.95,25
1719463933443,72.75,50
1719463934153,72.9,75
1719463934431,72.6,50
1719463935367,73.2,25
1719463935541,75.35,50
1719463936438,73.75,50
1719463936977,72.9,50
1719463937448,72.1,100
1719463938366,72.3,25
1719463938453,72.55,25
1719463939430,72.4,25
1719463944418,72.05,50
1719463945443,71.7,25
1719463945505,71.85,25
1719463946445,72.0,200
1719463946771,72.05,25
1719463947439,71.8,25
1719463947971,71.75,50
1719463948417,71.8,50
1719463949452,71.55,25
1719463952968,71.05,25
1719463953448,70.95,50
1719463954390,71.2,150
1719463954407,71.0,50
1719463955460,70.45,100
1719463955782,70.55,25
1719463956454,70.3,25
1719463957194,69.65,200
1719463957452,70.0,75
1719463958443,69.55,100
1719463958593,69.3,500
1719463959456,69.8,25
1719463959996,69.35,175
1719463960454,69.2,25
1719463961458,68.7,75
1719463962450,69.0,25
1719463962805,69.0,25
1719463963492,68.75,25
1719463964213,68.75,925
1719463964457,68.65,25
1719463965391,69.75,25
1719463965463,69.8,50
1719463966446,69.85,50
1719463966810,69.8,25
1719463967450,70.8,200
1719463968366,70.4,25
1719463968462,70.8,75
1719463969459,70.1,25
1719463970455,70.15,25
1719463970988,70.0,75
1719463971462,69.65,25
1719463972417,69.85,125
1719463972465,69.85,100
1719463973399,69.45,100
1719463973819,69.8,50
1719463974463,70.0,50
1719463975210,69.8,25
1719463975455,69.8,50
1719463976471,70.0,25
1719463977432,70.2,125
1719463978449,70.45,50
1719463978820,70.5,250
1719463979470,71.1,25
1719463980207,71.5,25
1719463980480,71.2,25
1719463981555,70.9,25
1719463981622,70.7,25
1719463982465,70.85,100
1719463983001,71.15,25
1719463983453,71.05,125
1719463984464,70.25,25
1719463984592,70.05,50
1719463985459,70.3,175
1719463986173,70.65,25
1719463986477,70.25,50
1719463987424,70.3,125
1719463987450,70.15,25
1719463988458,69.9,25
1719463988834,70.25,25
1719463989470,69.85,400
1719463990436,69.9,50
1719463990461,69.8,100
1719463991475,70.25,50
1719463991633,70.0,25
1719463992450,69.95,25
1719463992811,70.05,25
1719463993448,69.9,175
1719463994053,69.3,25
1719463994478,69.0,25
1719463995461,69.45,50
1719463995861,69.8,25
1719463996481,69.65,25
1719463997244,69.2,25
1719463997473,69.2,25
1719463998478,69.35,25
1719463999477,69.0,50
1719464000060,68.6,100
1719464000493,68.65,1675
1719464001484,67.9,150
1719464001664,68.05,75
1719464002475,68.85,75
1719464003248,68.9,50
1719464004464,68.15,50
1719464005425,67.85,50
1719464005664,68.0,50
1719464006469,67.5,25
1719464006875,68.2,375
1719464007500,68.35,50
1719464008263,68.05,25
1719464008457,68.35,25
1719464009482,68.1,75
1719464010466,68.25,25
1719464011599,68.35,25
1719464011847,68.15,500
1719464012478,68.05,25
1719464013085,68.4,25
1719464013490,68.15,25
1719464015703,68.3,25
1719464016488,68.4,25
1719464016688,68.2,25
1719464017511,69.25,25
1719464018035,69.25,75
1719464018486,69.4,25
1719464019489,69.15,75
1719464020489,69.35,25
1719464021680,69.95,50
1719464022098,70.25,25
1719464022499,70.5,75
1719464023478,70.35,25
1719464025485,69.35,50
1719464026089,69.15,25
1719464026416,68.9,25
1719464027310,68.75,25
1719464027501,68.85,125
1719464028308,69.0,25
1719464028486,68.85,25
1719464029486,68.85,25
1719464030482,69.15,25
1719464030708,69.25,125
1719464031450,69.05,75
1719464031901,68.9,25
1719464032509,68.85,25
1719464033309,68.55,25
1719464033499,68.5,25
1719464034506,68.35,25
1719464035489,68.05,50
1719464035712,68.15,75
1719464036456,67.8,25
1719464036901,67.85,25
1719464037490,67.85,25
1719464038128,67.65,50
1719464038508,67.85,200
1719464039330,67.0,25
1719464039520,67.0,150
1719464040500,67.05,25
1719464041581,67.25,25
1719464042110,66.85,25
1719464042495,66.85,50
1719464043532,66.85,25
1719464044504,66.45,25
1719464044735,66.1,25
1719464045501,66.1,75
1719464046327,66.7,25
1719464046508,66.8,125
1719464047547,66.55,25
1719464048492,66.35,25
1719464048933,66.45,25
1719464049501,66.35,50
1719464049908,66.4,25
1719464050480,65.9,25
1719464051350,65.8,75
1719464051510,65.75,50
1719464052339,65.85,25
1719464052527,65.7,25
1719464053327,66.15,50
1719464053505,65.95,50
1719464054535,66.85,25
1719464055476,67.65,250
1719464055732,67.7,25
1719464056504,68.35,100
1719464057129,68.5,50
1719464057500,68.65,25
1719464058352,68.6,25
1719464058508,68.1,50
1719464059564,67.85,25
1719464060517,67.2,25
1719464060730,66.95,25
1719464061527,67.0,25
1719464062160,66.75,100
1719464062489,66.9,175
1719464063338,66.25,25
1719464063463,66.3,25
1719464064512,65.65,25
1719464074490,66.15,75
1719464074927,66.2,100
1719464075504,66.25,25
1719464076360,66.25,25
1719464076526,66.25,250
1719464077560,66.65,25
1719464078546,66.25,50
1719464079517,66.15,325
1719464079952,66.2,25
1719464080533,66.05,50
1719464081376,66.45,25
1719464081525,66.2,75
1719464082398,65.6,25
1719464082523,65.75,25
1719464083571,65.75,50
1719464083778,65.3,75
1719464084539,65.35,150
1719464085394,64.25,50
1719464085523,64.25,75
1719464086587,64.65,25
1719464087540,64.85,125
1719464088192,64.45,25
1719464088532,64.2,25
1719464089582,64.6,25
1719464090726,65.1,25
1719464091197,65.1,50
1719464091495,65.0,25
1719464092401,66.15,25
1719464092527,66.4,75
1719464093545,67.1,25
1719464093787,67.2,25
1719464094545,67.9,25
1719464094993,68.05,50
1719464095530,67.5,50
1719464096407,67.75,25
1719464096502,67.75,175
1719464097547,67.7,150
1719464097606,67.7,50
1719464098532,67.3,250
1719464098797,67.1,1000
1719464099556,66.6,25
1719464100410,66.7,25
1719464100553,66.95,100
1719464101601,66.55,200
1719464101623,66.5,75
1719464102595,67.35,25
1719464120643,68.45,25
1719464121559,68.5,25
1719464122258,68.25,25
1719464122558,67.95,25
1719464123480,68.05,50
1719464123658,67.75,25
1719464124539,67.7,200
1719464124839,67.75,325
1719464125564,68.1,100
1719464126244,68.35,25
1719464126553,67.75,50
1719464127449,68.0,50
1719464127561,67.95,50
1719464128513,67.9,25
1719464128642,68.0,25
1719464129524,68.1,50
1719464129651,68.1,200
1719464130530,68.4,25
1719464130863,68.3,25
1719464163490,67.15,25
1719464167566,67.05,75
1719464168102,66.95,150
1719464168561,67.2,25
1719464169518,67.55,25
1719464169518,67.55,25
1719464170577,67.5,50
1719464170691,67.5,25
1719464171580,67.75,75
1719464171721,67.85,25
1719464172577,67.75,25
1719464173139,67.5,50
1719464173550,68.05,25
1719464174585,67.4,25
1719464175559,67.8,25
1719464175737,67.65,25
1719464176584,66.85,25
1719464177593,67.05,300
1719464178595,67.5,50
1719464179118,67.0,125
1719464179577,67.15,150
1719464180594,67.85,50
1719464181579,68.2,25
1719464181700,68.1,75
1719464182585,68.4,275
1719464183102,68.0,125
1719464183595,68.55,50
1719464205565,67.65,25
1719464206612,67.8,25
1719464206714,67.65,25
1719464207611,68.3,25
1719464207951,68.4,250
1719464208457,68.5,25
1719464209163,68.4,250
1719464209572,68.15,125
1719464210588,68.6,200
1719464211782,68.4,25
1719464212002,68.35,25
1719464212593,68.25,275
1719464213604,67.9,25
1719464214580,67.9,25
1719464214782,68.1,25
1719464215603,68.05,150
1719464215753,67.95,25
1719464216607,68.4,250
1719464217175,68.9,150
1719464217611,68.8,50
1719464218613,69.25,25
1719464218791,69.15,225
1719464219597,70.6,25
1719464220192,70.4,25
1719464220608,70.55,25
1719464221627,70.3,25
1719464221812,70.05,25
1719464222610,70.1,50
1719464223223,70.25,25
1719464223605,70.5,25
1719464224607,70.35,25
1719464224806,70.25,50
1719464225598,70.5,25
1719464226230,70.8,50
1719464226618,70.95,25
1719464228618,72.05,25
1719464229407,72.35,25
1719464229593,72.45,50
1719464230625,73.15,25
1719464231011,73.05,50
1719464232416,73.6,125
1719464232629,73.35,25
1719464233627,72.5,250
1719464233830,72.9,25
1719464234630,72.95,25
1719464235221,72.65,400
1719464235625,72.1,25
1719464236441,72.75,350
1719464236644,73.15,200
1719464237614,72.45,200
1719464237839,72.55,25
1719464238604,73.15,100
1719464239024,72.6,25
1719464239596,72.4,25
1719464240234,72.8,175
1719464240626,72.4,75
1719464241625,72.65,25
1719464242621,72.35,200
1719464242833,72.15,250
1719464243615,72.2,50
1719464244212,72.7,50
1719464244625,72.9,25
1719464245408,73.0,25
1719464245619,73.25,50
1719464246643,73.2,50
1719464247614,74.95,50
1719464248055,75.65,50
1719464248625,77.75,100
1719464249635,78.25,25
1719464249855,77.5,25
1719464250636,76.85,50
1719464251459,77.6,50
1719464251635,77.45,50
1719464252652,77.4,25
1719464253652,78.45,50
1719464253851,78.65,50
1719464254640,78.65,150
1719464255266,77.7,25
1719464255828,77.6,75
1719464256634,77.9,175
1719464256860,77.8,50
1719464257633,78.55,25
1719464258249,79.0,600
1719464258635,79.5,75
1719464259636,79.0,25
1719464259864,78.6,200
1719464260642,77.85,25
1719464261480,77.3,175
1719464261642,77.55,225
1719464262639,78.15,50
1719464262863,78.1,150
1719464263642,78.55,200
1719464264074,78.75,725
1719464264629,78.7,50
1719464265466,79.15,175
1719464265638,78.75,25
1719464266683,78.3,25
1719464267663,78.2,375
1719464267875,78.1,1275
1719464268629,78.45,100
1719464269482,78.5,75
1719464269641,78.9,50
1719464270640,77.85,100
1719464270670,77.75,175
1719464271655,77.95,25
1719464271887,78.15,25
1719464272638,77.35,25
1719464272889,77.8,25
1719464273656,77.75,250
1719464274481,77.45,25
1719464274653,77.4,25
1719464275645,77.8,50
1719464275892,77.6,25
1719464284701,77.85,25
1719464285644,77.45,25
1719464285890,77.6,100
1719464286634,77.65,475
1719464286904,77.3,25
1719464287621,77.85,25
1719464288318,77.55,25
1719464288654,77.8,25
1719464289526,77.65,125
1719464289647,77.75,25
1719464290647,77.7,25
1719464291378,78.85,25
1719464291657,79.15,25
1719464292650,80.15,25
1719464292717,80.05,25
1719464293662,80.0,25
1719464294327,79.75,50
1719464294659,80.6,200
1719464295660,79.0,25
1719464295719,79.3,50
1719464296657,78.85,50
1719464296932,78.6,125
1719464297663,78.95,50
1719464298538,78.8,25
1719464298656,78.65,100
1719464299640,79.3,50
1719464299922,79.25,50
1719464300664,78.75,25
1719464300930,78.6,250
1719464301666,78.45,25
1719464301919,78.2,100
1719464302657,78.4,25
1719464303150,78.9,25
1719464303668,78.85,50
1719464304542,79.0,200
1719464304657,78.9,25
1719464305725,79.2,300
1719464306663,78.1,75
1719464306935,78.3,200
1719464307657,79.5,50
1719464308342,79.25,25
1719464308664,79.6,75
1719464309661,80.4,150
1719464309744,80.95,25
1719464310666,81.35,25
1719464310957,80.7,25
1719464311609,80.6,25
1719464311674,80.7,25
1719464312556,80.75,100
1719464312667,81.0,50
1719464313678,81.2,200
1719464313761,81.45,25
1719464314882,82.5,25
1719464314967,82.5,75
1719464315661,82.55,25
1719464316664,82.05,50
1719464317680,82.85,25
1719464317961,82.75,25
1719464318681,81.8,50
1719464318969,82.2,75
1719464319681,82.4,150
1719464320374,83.25,25
1719464320680,82.65,25
1719464321766,83.4,50
1719464322685,82.7,25
1719464322975,82.55,125
1719464323668,84.15,50
1719464324175,83.25,50
1719464324664,83.5,175
1719464325182,82.9,125
1719464325672,82.25,50
1719464326378,82.6,75
1719464326685,82.45,75
1719464327586,80.8,50
1719464327685,80.75,50
1719464328686,79.6,175
1719464328972,79.4,75
1719464329695,78.5,175
1719464330386,79.2,25
1719464330688,80.0,25
1719464367694,80.75,50
1719464367836,80.4,25
1719464368669,80.7,200
1719464369039,80.75,25
1719464369696,80.35,50
1719464370035,80.6,200
1719464370904,80.85,25
1719464371596,80.95,25
1719464371681,80.8,25
1719464372702,80.75,25
1719464373055,81.0,25
1719464373692,81.15,150
1719464375621,80.75,25
1719464375696,81.0,25
1719464376709,80.7,25
1719464376867,80.65,50
1719464377710,80.85,250
1719464378052,80.8,25
1719464378665,81.05,25
1719464379041,80.4,25
1719464379699,80.4,25
1719464380062,79.95,50
1719464380715,80.35,50
1719464381279,80.6,25
1719464381714,80.65,25
1719464382466,80.0,775
1719464382708,81.2,50
1719464383699,80.2,50
1719464383849,80.2,25
1719464384707,79.45,25
1719464385075,79.2,100
1719464385707,78.8,50
1719464386475,78.8,25
1719464386719,78.3,25
1719464387717,79.15,50
1719464387875,79.0,25
1719464388705,79.15,25
1719464389468,79.65,25
1719464389717,79.35,25
1719464390720,79.6,25
1719464390876,80.1,25
1719464391697,80.2,225
1719464391881,80.1,25
1719464392708,79.55,25
1719464393074,79.7,25
1719464396717,79.9,25
1719464396865,79.8,100
1719464398087,80.95,25
1719464398698,80.65,150
1719464399475,80.1,25
1719464399717,79.95,50
1719464400727,79.05,125
1719464400891,78.9,50
1719464401730,79.15,400
1719464402101,77.75,125
1719464402729,78.1,150
1719464403510,78.75,50
1719464403714,79.0,25
1719464404688,79.35,50
1719464404922,79.45,25
1719464405737,79.9,25
1719464406102,80.5,25
1719464406726,80.75,75
1719464407104,79.95,25
1719464407714,79.75,25
1719464408729,79.6,75
1719464409731,79.85,25
1719464409911,79.95,25
1719464410712,79.2,50
1719464411110,78.8,50
1719464411722,79.1,50
1719464412719,78.45,50
1719464413723,78.5,50
1719464413912,78.6,25
1719464414708,78.4,50
1719464415119,78.85,25
1719464415727,78.95,25
1719464416110,79.0,550
1719464416726,78.85,25
1719464417116,78.8,25
1719464417702,79.1,425
1719464418526,79.35,25
1719464418717,79.1,75
1719464419734,80.1,25
1719464420752,79.7,100
1719464420901,79.65,25
1719464421732,79.35,25
1719464422110,79.6,50
1719464422718,79.35,25
1719464423327,79.65,100
1719464423721,79.2,25
1719464424331,79.75,25
1719464424735,79.75,25
1719464425728,80.2,75
1719464426743,80.6,100
1719464426943,80.25,25
1719464427756,79.75,50
1719464428534,79.8,75
1719464428716,79.8,25
1719464429736,79.65,250
1719464430321,79.6,25
1719464430732,79.45,250
1719464431747,79.75,100
1719464432751,79.8,25
1719464433335,79.8,50
1719464433924,79.9,25
1719464434546,80.75,125
1719464434735,80.45,25
1719464435727,80.85,25
1719464436135,80.7,50
1719464436731,80.2,25
1719464437722,81.35,250
1719464438731,81.9,25
1719464439138,81.95,75
1719464439750,81.4,1000
1719464440546,82.0,25
1719464440751,82.15,50
1719464441756,81.9,50
1719464442158,81.9,25
1719464442755,81.85,50
1719464443747,81.45,100
1719464444750,80.6,25
1719464445168,80.7,25
1719464445758,80.7,50
1719464446754,80.45,25
1719464446962,80.35,25
1719464447756,79.75,25
1719464448363,80.2,25
1719464448753,80.55,25
1719464449713,79.9,25
1719464449940,80.1,75
1719464450761,80.05,25
1719464451777,80.4,25
1719464453373,80.35,25
1719464453757,79.05,25
1719464466766,76.65,25
1719464467606,76.75,25
1719464467762,76.4,75
1719464468768,76.55,250
1719464469161,77.0,75
1719464469758,77.1,25
1719464470767,77.5,25
1719464470992,77.5,25
1719464471765,77.55,25
1719464472603,77.45,50
1719464472769,77.65,25
1719464473774,77.9,25
1719464474001,78.6,25
1719464474705,78.6,650
1719464475197,78.2,25
1719464475774,78.25,25
1719464476413,78.1,50
1719464476730,78.1,100
1719464477749,77.4,125
1719464478000,77.65,25
1719464478766,77.35,25
1719464479016,77.2,25
1719464479765,77.15,50
1719464508664,76.15,100
1719464508762,76.2,25
1719464509859,76.4,25
1719464510773,75.6,25
1719464511069,75.65,25
1719464511800,76.1,100
1719464512265,76.25,25
1719464519804,75.65,25
1719464520270,75.2,25
1719464520791,75.25,250
1719464521482,75.0,25
1719464521604,74.65,100
1719464521790,74.5,25
1719464522668,72.2,200
1719464523017,72.2,125
1719464523793,72.2,25
1719464524290,71.1,50
1719464524802,71.75,50
1719464525798,72.25,250
1719464526085,72.3,25
1719464526796,72.4,25
1719464527682,73.5,25
1719464527799,73.65,50
1719464528795,73.75,25
1719464529279,73.45,200
1719464529798,73.6,150
1719464530897,72.8,200
1719464531795,73.4,25
1719464532278,73.4,275
1719464532774,73.15,25
1719464536507,72.75,175
1719464536795,73.05,25
1719464537813,72.75,50
1719464538100,72.8,25
1719464538807,72.4,25
1719464539691,72.95,25
1719464539793,73.05,25
1719464540795,72.75,275
1719464541089,72.7,25
1719464541810,72.2,50
1719464542694,72.65,25
1719464542778,72.4,50
1719464543810,71.9,25
1719464544303,71.6,125
1719464544807,71.7,25
1719464545504,70.8,25
1719464545816,70.8,25
1719464546823,70.65,275
1719464547122,71.2,25
1719464547810,70.75,25
1719464548533,70.6,150
1719464548821,70.55,375
1719464549806,70.85,25
1719464563783,70.4,50
1719464564131,70.25,100
1719464564822,69.85,25
1719464565322,69.2,25
1719464565787,69.6,100
1719464566815,69.6,50
1719464566950,69.75,25
1719464567812,69.15,25
1719464568802,69.65,100
1719464569808,69.5,25
1719464570296,69.45,25
1719464570811,69.7,200
1719464571354,69.5,100
1719464571822,69.85,25
1719464572821,69.9,75
1719464573802,70.3,25
1719464574363,70.2,25
1719464574989,70.6,25
1719464575819,69.8,75
1719464575949,69.75,50
1719464576816,69.55,75
1719464577362,70.05,75
1719464577839,70.3,25
1719464586788,70.8,325
1719464587380,70.15,25
1719464587839,70.4,50
1719464588746,69.45,25
1719464589045,68.2,25
1719464589800,67.95,25
1719464590394,67.65,25
1719464590835,66.6,25
1719464592045,64.9,25
1719464592190,64.5,25
1719464592841,64.65,25
1719464593848,64.25,100
1719464595021,65.7,25
1719464595395,65.6,25
1719464595851,65.25,25
1719464596848,65.45,300
1719464597181,65.7,25
1719464597824,65.2,75
1719464598828,65.25,25
1719464600029,63.9,50
1719464600409,63.45,50
1719464600838,62.3,25
1719464601841,59.15,25
1719464602191,58.45,25
1719464603051,58.55,25
1719464603852,58.35,25
1719464604848,58.85,25
1719464605403,58.3,75
1719464605855,58.65,150
1719464607051,55.95,25
1719464607199,55.4,100
1719464608040,53.75,25
1719464608839,54.7,175
1719464609847,51.0,50
1719464610404,50.85,50
1719464611083,50.95,25
1719464611601,48.2,575
1719464611867,47.25,25
1719464611882,46.9,50
1719464611938,45.8,150
1719464611938,45.8,150
1719464612421,45.7,25
1719464612421,45.7,25
1719464626855,49.95,100
1719464627031,49.45,50
1719464627864,48.8,50
1719464628844,51.15,450
1719464629853,52.65,25
1719464630448,52.8,50
1719464630855,52.55,25
1719464632057,52.15,25
1719464632856,51.8,625
1719464633655,50.85,25
1719464633857,50.25,175
1719464634864,49.05,125
1719464635436,49.3,25
1719464636069,47.6,25
1719464636873,46.45,25
1719464637052,46.75,75
1719464637875,47.55,50
1719464638672,47.4,300
1719464639067,47.5,25
1719464639871,48.05,75
1719464640469,47.8,100
1719464640859,47.6,25
1719464641599,47.6,50
1719464641868,47.85,250
1719464642059,47.7,75
1719464642872,49.1,25
1719464643661,48.35,25
1719464644076,49.5,25
1719464644853,49.55,25
1719464645266,49.7,25
1719464645863,49.75,25
1719464646865,51.6,25
1719464647063,51.6,25
1719464647860,51.35,100
1719464648493,52.4,25
1719464648881,52.25,25
1719464650080,51.1,25
1719464650881,51.0,75
1719464651479,49.85,125
1719464651859,49.9,25
1719464652872,50.8,125
1719464653070,50.5,25
1719464654073,49.85,25
1719464654476,49.7,25
1719464654882,50.0,250
1719464655877,49.8,25
1719464656069,49.35,25
1719464656860,49.0,25
1719464657486,49.25,25
1719464657873,49.45,75
1719464658685,48.9,50
1719464658888,49.95,25
1719464659893,50.5,225
1719464660280,51.75,75
1719464660874,51.75,125
1719464661905,50.65,25
1719464662064,51.0,50
1719464662877,51.3,75
1719464663494,50.1,50
1719464663873,50.45,25
1719464664905,48.35,75
1719464666056,49.55,75
1719464666489,49.25,50
1719464666871,49.25,200
1719464667708,49.5,50
1719464667890,49.65,25
1719464668847,48.85,25
1719464669119,48.5,25
1719464669872,49.25,25
1719464670294,49.6,25
1719464670712,50.7,850
1719464670881,50.75,25
1719464671599,51.3,50
1719464671695,51.35,25
1719464671852,51.15,75
1719464672892,51.8,50
1719464673324,51.6,50
1719464673894,51.75,200
1719464674702,51.7,25
1719464674873,51.45,25
1719464675874,51.75,50
1719464676108,51.65,25
1719464676868,51.7,25
1719464677510,51.75,50
1719464677875,51.5,25
1719464678920,50.8,25
1719464679921,50.5,25
1719464680886,50.05,50
1719464681331,49.95,50
1719464681922,50.6,125
1719464682534,50.7,25
1719464682864,50.45,50
1719464683709,50.25,25
1719464683880,50.65,25
1719464685081,50.85,50
1719464685334,50.85,250
1719464685888,51.1,50
1719464686532,51.05,25
1719464686869,50.85,25
1719464687893,49.7,25
1719464688336,50.1,25
1719464688884,51.1,25
1719464689750,51.05,25
1719464689886,50.95,50
1719464690949,50.25,25
1719464691882,49.4,25
1719464692526,49.35,25
1719464692888,49.45,125
1719464693890,49.2,75
1719464694131,48.8,25
1719464694891,48.65,25
1719464695738,48.1,150
1719464695900,48.1,100
1719464696914,48.0,25
1719464697360,48.05,25
1719464697894,48.05,25
1719464698934,46.9,150
1719464699118,46.55,25
1719464702897,44.85,25
1719464703947,45.2,250
1719464704913,44.65,25
1719464705570,45.2,25
1719464705899,45.65,25
1719464708772,45.85,50
1719464708908,45.85,50
1719464709904,46.2,25
1719464710566,47.2,50
1719464710912,46.85,25
1719464711919,47.2,50
1719464712187,47.7,25
1719464713109,47.7,500
1719464713784,47.85,25
1719464713910,47.7,25
1719464714901,48.7,50
1719464715574,49.65,25
1719464715912,49.5,25
1719464716935,49.0,25
1719464717172,49.25,50
1719464717900,49.0,25
1719464718592,48.7,50
1719464718911,49.1,175
1719464719922,48.75,25
1719464720185,48.85,50
1719464720891,48.95,50
1719464721793,47.85,200
1719464721906,48.05,425
1719464723122,47.15,25
1719464723366,46.75,100
1719464723918,47.25,25
1719464725002,48.0,50
1719464725923,46.95,25
1719464726206,46.95,25
1719464726919,47.65,125
1719464727800,47.75,25
1719464727925,47.05,25
1719464728915,46.95,25
1719464729411,47.3,25
1719464729916,47.6,275
1719464730985,48.2,75
1719464731594,48.1,25
1719464731917,48.05,25
1719464732587,47.4,1500
1719464732912,47.8,25
1719464733916,49.05,25
1719464734010,49.0,25
1719464734936,48.7,75
1719464735398,48.7,50
1719464735906,48.2,100
1719464736585,48.25,25
1719464737118,48.2,25
1719464738018,48.2,25
1719464738924,49.4,50
1719464739396,49.35,50
1719464739921,48.65,25
1719464740825,49.0,450
1719464740928,49.05,125
1719464741925,49.5,25
1719464742618,48.9,25
1719464742929,48.85,75
1719464743912,49.05,50
1719464744223,49.2,25
1719464744910,49.05,175
1719464745616,49.1,50
1719464745926,48.95,200
1719464746829,49.25,75
1719464746933,49.3,100
1719464747919,49.65,925
1719464748432,49.4,75
1719464748936,49.65,50
1719464749823,50.1,75
1719464749929,49.75,25
1719464750921,50.3,25
1719464751225,50.0,25
1719464751932,49.75,25
1719464752626,49.95,25
1719464752928,49.65,25
1719464753942,50.3,50
1719464754229,50.5,25
1719464754942,50.2,25
1719464755634,50.7,125
1719464755920,51.0,725
1719464756920,52.05,150
1719464757030,52.25,50
1719464757936,51.3,1000
1719464758643,51.4,75
1719464758933,51.45,75
1719464759927,51.8,50
1719464760038,51.6,375
1719464761133,50.8,100
1719464761586,50.9,25
1719464761645,51.0,25
1719464761931,50.8,25
1719464762938,50.0,200
1719464763034,49.95,50
1719464763950,49.8,250
1719464764638,49.25,50
1719464764939,49.1,50
1719464765931,48.4,25
1719464766265,48.4,25
1719464767107,49.25,25
1719464767646,49.25,125
1719464767921,49.1,100
1719464768931,49.85,125
1719464769250,50.45,50
1719464769943,51.5,25
1719464770852,51.85,50
1719464770937,52.15,50
1719464771954,51.3,100
1719464772654,51.45,50
1719464772895,51.65,50
1719464773931,51.2,125
1719464774068,51.45,25
1719464774949,50.5,25
1719464775458,50.35,50
1719464775975,50.65,25
1719464776854,50.3,175
1719464776949,50.3,25
1719464777953,50.3,25
1719464778463,50.0,50
