time,price,volume
1719461502916,128.75,25
1719461503936,127.85,25
1719461504103,127.35,25
1719461504925,128.3,100
1719461505112,128.65,25
1719461505952,128.3,100
1719461506053,128.45,75
1719461506889,128.0,25
1719461507298,128.05,25
1719461508157,128.85,225
1719461508689,128.65,25
1719461508929,128.0,25
1719461509920,128.6,50
1719461510100,128.0,25
1719461511136,128.15,300
1719461511317,128.2,25
1719461511934,129.5,25
1719461512714,127.75,75
1719461512918,127.95,50
1719461513925,129.05,25
1719461514303,129.1,25
1719461515071,128.55,50
1719461515312,128.9,75
1719461515925,130.25,25
1719461516480,131.4,25
1719461516931,131.7,25
1719461517977,129.6,25
1719461519167,127.45,25
1719461519938,128.8,50
1719461520329,128.65,75
1719461520966,128.75,25
1719461521571,128.25,25
1719461521949,127.5,25
1719461522735,126.95,25
1719461522935,126.95,200
1719461523953,126.15,25
1719461524151,125.0,25
1719461524954,125.4,25
1719461525724,125.75,100
1719461525953,125.55,175
1719461527155,123.7,50
1719461527155,123.7,50
1719461527973,122.45,25
1719461528518,122.95,75
1719461528936,123.55,125
1719461529737,123.65,50
1719461529984,123.75,25
1719461530942,123.65,75
1719461531345,123.3,50
1719461531958,123.4,75
1719461532438,123.75,50
1719461532950,124.35,50
1719461533912,124.15,25
1719461534973,124.2,25
1719461535920,123.8,75
1719461536304,124.1,125
1719461536735,123.85,200
1719461537375,123.8,25
1719461537925,124.25,25
1719461538337,124.15,25
1719461538948,124.05,25
1719461539570,123.7,50
1719461539942,123.45,100
1719461540955,122.45,450
1719461541456,121.75,150
1719461541942,122.55,50
1719461542940,122.1,50
1719461543951,120.8,50
1719461544778,120.2,25
1719461544977,120.25,25
1719461546187,118.0,225
1719461546386,118.1,50
1719461546979,119.9,25
1719461547986,120.8,75
1719461548974,121.8,100
1719461549192,121.65,25
1719461549976,121.25,25
1719461550389,121.6,50
1719461550961,121.7,25
1719461551379,120.9,50
1719461551559,121.3,50
1719461551981,121.45,50
1719461552588,121.65,125
1719461552962,120.65,75
1719461553787,120.85,50
1719461554205,121.6,25
1719461554886,122.4,25
1719461555973,122.25,25
1719461556353,122.15,225
1719461556986,121.85,225
1719461557269,122.2,450
1719461557973,122.45,100
1719461558372,122.9,50
1719461558971,122.8,25
1719461559794,122.05,25
1719461559861,122.0,100
1719461560949,122.4,25
1719461561952,121.95,25
1719461562221,121.55,25
1719461562985,121.15,25
1719461563390,119.65,100
1719461563993,119.75,100
1719461564597,119.45,25
1719461564971,118.7,100
1719461565704,118.9,50
1719461565999,119.2,125
1719461567007,119.35,25
1719461568131,119.0,25
1719461568406,119.1,50
1719461568958,119.6,25
1719461569617,119.15,25
1719461569998,118.95,25
1719461570822,119.25,25
1719461570939,119.35,50
1719461571988,120.55,25
1719461572426,120.6,100
1719461573114,119.95,25
1719461574009,119.5,25
1719461574940,120.3,325
1719461575527,120.55,25
1719461575950,121.15,75
1719461576944,122.0,125
1719461577244,122.2,50
1719461577974,122.3,25
1719461578432,122.1,50
1719461579014,122.25,25
1719461579580,122.7,25
1719461580152,122.6,25
1719461580846,122.0,25
1719461580846,122.0,25
1719461581565,122.1,25
1719461582011,121.95,25
1719461582188,122.0,50
1719461583003,122.6,50
1719461583406,122.45,25
1719461583991,123.1,25
1719461584620,122.25,50
1719461585091,122.15,25
1719461585861,121.5,175
1719461586009,121.25,75
1719461586796,121.25,25
1719461586954,120.95,25
1719461588009,120.85,25
1719461588954,120.25,25
1719461589562,120.65,50
1719461589970,120.45,75
1719461590753,119.85,250
1719461591259,119.4,25
1719461591995,119.2,75
1719461592660,118.95,25
1719461592988,119.15,25
1719461593634,119.1,50
1719461593989,120.1,100
1719461595011,121.0,75
1719461595950,120.9,250
1719461596209,122.05,25
1719461597008,121.65,25
1719461597603,121.85,25
1719461598012,122.2,25
1719461598639,122.0,25
1719461598970,122.45,75
1719461600009,122.35,100
1719461600246,122.55,100
1719461600999,122.45,25
1719461601196,122.45,75
1719461602008,122.05,25
1719461602455,121.55,25
1719461602982,122.1,25
1719461603352,121.55,25
1719461603942,121.2,50
1719461604354,120.45,25
1719461604875,120.95,400
1719461605681,122.7,25
1719461605966,122.7,50
1719461606660,122.75,25
1719461606979,121.95,100
1719461607873,120.4,50
1719461607933,120.3,275
1719461609008,120.95,75
1719461609274,121.1,25
1719461609971,121.5,250
1719461610545,120.2,75
1719461611183,121.9,25
1719461611574,121.75,50
1719461611770,121.7,25
1719461611770,121.7,25
1719461612998,121.15,25
1719461613996,121.45,200
1719461614270,121.35,25
1719461615009,121.05,75
1719461615697,120.4,25
1719461616011,121.1,25
1719461616868,121.1,100
1719461616979,120.65,25
1719461617935,120.05,200
1719461618054,120.0,50
1719461619028,120.25,200
1719461619271,120.55,50
1719461619951,120.75,50
1719461620453,120.8,250
1719461620855,122.0,25
1719461621534,122.6,25
1719461621953,122.3,275
1719461622760,122.1,225
1719461622942,122.1,25
1719461624014,122.85,50
1719461624501,125.0,75
1719461625008,125.1,50
1719461625888,125.25,25
1719461626019,125.5,50
1719461627051,124.5,25
1719461627298,124.65,50
1719461628025,126.0,125
1719461628522,126.25,50
1719461628988,125.85,200
1719461629515,125.35,25
1719461630017,125.75,475
1719461630612,126.0,325
1719461630943,125.75,25
1719461631944,124.15,50
1719461632029,123.95,25
1719461633008,126.05,25
1719461633008,126.05,25
1719461634015,126.0,25
1719461634320,126.15,25
1719461635031,125.95,25
1719461635410,125.6,25
1719461635957,125.95,125
1719461636440,125.9,250
1719461637019,125.7,50
1719461637676,125.75,50
1719461637890,125.8,75
1719461638688,125.0,550
1719461638949,124.5,25
1719461639911,125.0,25
1719461640082,125.55,50
1719461641016,125.15,75
1719461641533,125.15,25
1719461642037,123.85,50
1719461642708,124.5,25
1719461642954,125.0,50
1719461643559,125.0,25
1719461643890,124.5,25
1719461644660,125.45,25
1719461645003,124.5,75
1719461645720,124.35,75
1719461646138,124.4,175
1719461647032,125.0,200
1719461647483,124.95,25
1719461647997,123.85,25
1719461648503,124.45,100
1719461648941,125.25,200
1719461649514,124.5,25
1719461649999,124.6,75
1719461650700,124.6,50
1719461651020,124.8,125
1719461651696,125.05,25
1719461651976,124.9,50
1719461652947,127.05,25
1719461653135,126.45,200
1719461654030,127.15,50
1719461654326,128.0,250
1719461655044,127.5,100
1719461655506,127.2,25
1719461655981,127.0,200
1719461656747,127.15,100
1719461656776,126.95,50
1719461657667,127.1,250
1719461657987,126.45,25
1719461658932,124.9,75
1719461659053,124.5,150
1719461660001,125.75,25
1719461660151,125.55,75
1719461660842,125.05,25
1719461661326,124.45,25
1719461661979,123.95,25
1719461662749,122.75,25
1719461663050,122.55,25
1719461663927,123.25,25
1719461664050,123.0,150
1719461665042,122.0,50
1719461665356,122.35,25
1719461665997,123.45,25
1719461666513,123.2,25
1719461667057,123.9,50
1719461667689,124.1,25
1719461668044,125.15,25
1719461669019,125.2,100
1719461670027,125.8,25
1719461671023,125.2,100
1719461671133,125.25,50
1719461671520,125.15,25
1719461671993,125.4,25
1719461672319,124.9,25
1719461673060,124.65,25
1719461673542,124.5,25
1719461674016,123.65,75
1719461674785,123.55,25
1719461675047,123.3,125
1719461675675,124.25,75
1719461676044,124.5,50
1719461676725,125.0,175
1719461677032,125.0,50
1719461677968,125.25,1125
1719461678019,125.0,400
1719461679007,124.05,500
1719461679007,124.05,500
1719461679917,123.2,25
1719461680331,123.2,25
1719461681028,123.6,25
1719461681505,124.0,25
1719461682041,125.0,25
1719461682653,124.15,25
1719461682978,124.15,25
1719461683758,125.45,25
1719461683935,126.0,25
1719461685056,125.05,25
1719461685056,125.05,25
1719461686030,125.45,25
1719461686157,125.5,100
1719461686988,125.45,25
1719461687081,125.2,50
1719461688040,124.55,100
1719461688409,124.25,25
1719461689041,124.15,125
1719461689394,123.85,50
1719461689992,125.4,25
1719461690394,125.55,50
1719461690933,126.35,25
1719461691373,126.15,25
1719461692082,125.6,25
1719461692584,125.65,25
1719461692970,125.1,25
1719461693613,125.0,50
1719461693884,125.25,25
1719461694696,125.7,25
1719461694995,125.65,25
1719461695814,125.65,400
1719461695991,125.55,25
1719461696806,125.9,50
1719461696944,125.45,25
1719461697800,126.05,25
1719461698062,125.55,25
1719461698814,124.0,25
1719461699064,123.2,25
1719461699213,123.4,25
1719461699941,124.25,25
1719461701083,125.5,25
1719461701216,126.05,25
1719461701538,125.95,25
1719461702209,126.55,50
1719461703064,126.25,25
1719461703425,125.8,25
1719461704069,126.45,300
1719461704595,126.35,25
1719461704965,125.15,25
1719461705788,124.9,25
1719461706038,125.15,50
1719461706806,124.2,25
1719461707071,123.8,25
1719461708007,122.35,150
1719461708070,122.15,25
1719461709043,122.8,100
1719461709986,123.7,25
1719461710255,124.45,50
1719461710942,125.35,25
1719461710942,125.35,25
1719461712070,125.05,25
1719461712165,125.0,200
1719461713055,124.9,100
1719461713240,124.65,25
1719461714051,123.85,25
1719461714438,123.8,100
1719461715075,123.85,25
1719461715390,123.65,25
1719461716076,123.75,25
1719461716349,123.7,125
1719461717020,123.8,25
1719461717432,123.45,75
1719461718081,124.35,50
1719461718446,123.8,125
1719461719059,124.1,125
1719461719495,124.4,50
1719461719946,126.45,25
1719461720617,126.45,25
1719461721092,126.15,25
1719461721813,125.95,25
1719461722090,125.9,50
1719461723091,125.5,50
1719461723383,125.25,25
1719461724070,125.8,25
1719461724791,126.6,25
1719461725116,126.4,50
1719461725812,126.6,25
1719461726073,126.65,125
1719461726828,126.65,50
1719461726935,126.25,25
1719461728099,125.95,100
1719461729009,125.1,75
1719461729268,125.6,25
1719461730076,126.8,25
1719461730454,126.45,50
1719461731024,125.85,25
1719461731525,126.85,25
1719461731878,127.7,25
1719461732021,127.6,100
1719461733069,130.3,25
1719461734100,131.7,175
1719461734810,132.9,50
1719461735296,133.6,25
1719461736094,135.2,50
1719461736484,136.8,50
1719461737073,135.5,25
1719461738078,133.15,75
1719461739669,131.35,25
1719461740084,130.95,25
1719461741097,131.35,25
1719461741293,131.0,75
1719461742091,130.85,25
1719461742596,129.75,200
1719461743107,130.8,125
1719461743644,130.2,75
1719461744098,131.15,25
1719461744893,130.9,225
1719461745111,131.75,75
1719461746106,131.5,400
1719461746259,132.0,50
1719461747105,132.0,25
1719461747624,133.35,400
1719461748094,133.15,25
1719461748900,132.9,25
1719461749295,133.85,25
1719461750100,133.05,25
1719461750294,133.1,25
1719461751105,133.55,25
1719461751480,135.15,25
1719461752108,135.0,25
1719461752701,135.45,75
1719461753113,135.7,75
1719461754111,134.55,50
1719461754317,134.2,25
1719461755113,134.75,50
1719461755888,134.6,50
1719461756088,134.7,75
1719461757057,134.85,25
1719461758095,133.7,50
1719461758493,133.4,25
1719461759303,133.75,25
1719461759709,134.3,125
1719461760118,133.7,50
1719461761123,133.9,100
1719461761560,134.0,25
1719461762112,135.55,25
1719461762464,135.45,125
1719461763081,135.95,25
1719461763923,134.65,25
1719461764062,134.95,50
1719461765308,135.2,25
1719461765523,135.1,25
1719461766122,134.3,125
1719461766909,134.45,25
1719461767094,134.75,25
1719461768088,134.15,50
1719461768316,133.75,25
1719461769121,134.35,175
1719461769527,134.05,50
1719461770063,133.8,25
1719461770946,134.85,25
1719461771279,134.65,125
1719461772100,132.85,100
1719461772333,132.0,25
1719461773125,133.1,25
1719461773919,132.8,25
1719461774098,132.35,25
1719461775220,132.5,25
1719461775542,132.75,25
1719461776114,132.6,25
1719461776844,132.6,275
1719461777139,133.1,75
1719461778123,132.65,50
1719461779067,132.5,75
1719461779536,132.85,25
1719461780140,132.7,150
1719461780708,132.5,75
1719461781127,133.75,25
1719461781675,132.4,25
1719461782136,134.2,25
1719461782948,133.4,25
1719461783084,133.05,25
1719461783966,134.65,25
1719461784107,134.85,100
1719461785070,134.4,25
1719461785253,134.0,125
1719461786109,135.4,75
1719461786742,137.8,150
1719461787130,137.05,100
1719461787763,139.1,25
1719461788127,140.0,25
1719461788970,139.15,75
1719461789134,139.0,25
1719461789973,139.95,25
1719461793029,137.65,25
1719461793572,136.6,50
1719461794124,137.0,250
1719461794953,137.2,25
1719461795086,136.6,125
1719461796103,137.15,25
1719461797118,136.75,1125
1719461797570,136.5,25
1719461798319,138.4,100
1719461798780,138.75,175
1719461799182,138.05,75
1719461799951,137.45,50
1719461800135,137.1,75
1719461801174,137.55,75
1719461802079,137.25,50
1719461802355,137.45,25
1719461803074,137.75,25
1719461803763,138.35,50
1719461813145,136.65,25
1719461813781,137.0,25
1719461814093,136.95,25
1719461817607,134.05,125
1719461818124,134.55,75
1719461819001,134.35,25
1719461860156,132.0,25
1719461862003,132.95,25
1719461862113,132.8,25
1719461863025,132.6,25
1719461863158,133.05,25
1719461863943,132.55,50
1719461864143,132.25,25
1719461864882,132.8,25
1719461865188,133.0,100
1719461873182,130.85,75
1719461874133,130.45,50
1719461874441,130.6,75
1719461875163,129.25,25
1719461875679,129.7,300
1719461876150,129.5,25
1719461877042,129.65,25
1719461877192,129.35,25
1719461878174,129.7,300
1719461878490,129.3,125
1719461879085,129.25,25
1719461879654,129.0,25
1719461880134,129.65,50
1719461881082,129.1,25
1719461881161,129.1,25
1719461881561,129.05,175
1719461882323,127.45,25
1719461882478,127.6,25
1719461883166,128.3,50
1719461884084,129.35,25
1719461884161,129.4,25
1719461885246,129.5,25
1719461886183,129.45,25
1719461886511,130.0,25
1719461887193,129.85,350
1719461887792,130.0,200
1719461888210,129.55,100
1719461888694,129.75,50
1719461889190,130.4,50
1719461890107,129.25,50
1719461890168,129.75,25
1719461891063,129.25,75
1719461892101,128.8,50
1719461892519,127.3,25
1719461893153,128.1,25
1719461893605,127.8,25
1719461894187,127.95,200
1719461894880,127.85,25
1719461895193,127.85,50
1719461895875,127.5,50
1719461896188,127.7,25
1719461896907,128.0,25
1719461897112,128.0,200
1719461898179,128.2,100
1719461898918,127.0,500
1719461899176,127.5,25
1719461900277,128.2,75
1719461901155,128.8,125
1719461901291,128.95,25
1719461902189,128.8,150
1719461902702,129.95,50
1719461903210,130.55,25
1719461903899,130.2,125
1719461904187,130.0,25
1719461904917,129.15,125
1719461905161,129.35,25
1719461906127,128.95,200
1719461906308,128.7,25
1719461907137,128.15,75
1719461907680,128.35,25
1719461908100,128.9,125
1719461908927,128.2,25
1719461909156,128.3,25
1719461909807,128.45,25
1719461910186,128.15,75
1719461911134,126.7,25
1719461911204,126.4,25
1719461911528,125.95,75
1719461912353,127.35,25
1719461913186,127.4,25
1719461913703,127.4,25
1719461914189,126.55,50
1719461915199,126.5,50
1719461916221,126.15,75
1719461917213,125.7,25
1719461917346,126.25,25
1719461918173,126.15,125
1719461918483,126.0,150
1719461919132,126.5,200
1719461919622,126.0,75
1719461920144,126.45,25
1719461920707,126.9,25
1719461921207,128.0,425
1719461921742,128.5,50
1719461922173,128.2,50
1719461922955,127.95,25
1719461923174,128.0,75
1719461924093,128.4,50
1719461924203,128.45,100
1719461925232,128.25,25
1719461926159,130.0,25
1719461927193,129.3,50
1719461927352,129.9,225
1719461928200,129.6,125
1719461928595,129.75,50
1719461929217,128.8,25
1719461929659,129.1,50
1719461930181,129.45,25
1719461930950,130.25,75
1719461931231,130.4,175
1719461932192,129.35,25
1719461933003,129.65,50
1719461933003,129.65,50
1719461934146,128.7,25
1719461935048,128.9,25
1719461935048,128.9,25
1719461936222,129.15,25
1719461936785,128.5,100
1719461937195,128.05,100
1719461937853,128.8,25
1719461938141,128.35,75
1719461939086,128.5,25
1719461939086,128.5,25
1719461940201,129.65,25
1719461940201,129.65,25
1719461941197,130.1,200
1719461941561,129.6,50
1719461941782,129.45,50
1719461942227,129.15,100
1719461942915,129.1,25
1719461943192,129.3,25
1719461943979,129.75,125
1719461944207,129.25,25
1719461944988,129.7,25
1719461945238,129.85,25
1719461946206,130.55,25
1719461947178,130.6,25
1719461947392,130.75,25
1719461948204,131.1,325
1719461948581,131.3,100
1719461949180,131.3,50
1719461949789,131.6,50
1719461950120,131.9,50
1719461950805,131.45,25
1719461951156,131.4,25
1719461951984,132.05,25
1719461952176,132.1,25
1719461953241,132.2,25
1719461954237,132.15,25
1719461954379,132.4,25
1719461955190,131.6,25
1719461955592,131.7,25
1719461956240,132.75,50
1719461956549,132.4,25
1719461957237,132.1,25
1719461957989,132.7,50
1719461958236,132.65,25
1719461959186,134.8,100
1719461960406,135.85,25
1719461960613,136.4,25
1719461961243,136.6,50
1719461962012,137.9,25
1719461962237,138.4,125
1719461963242,139.7,25
1719461964221,138.15,25
1719461964596,137.8,100
1719461965198,138.1,50
1719461965580,139.1,75
1719461966160,137.15,50
1719461967015,136.95,25
1719461967431,137.5,25
1719461968017,136.25,75
1719461968216,136.8,100
1719461969028,137.1,25
1719461969232,137.5,25
1719461970229,137.8,75
1719461970500,137.45,25
1719461971209,137.55,50
1719461971576,137.8,25
1719461971819,138.55,25
1719461972157,138.85,100
1719461973030,138.65,25
1719461973184,137.95,150
1719461974121,137.0,125
1719461975216,137.45,75
1719461976186,136.85,25
1719461977241,136.95,25
1719461978209,136.5,25
1719461978364,136.6,125
1719461979235,135.85,50
1719461979601,135.65,25
1719461980226,136.2,75
1719461981013,136.05,25
1719461981208,136.55,225
1719461981972,136.15,25
1719461982109,136.45,25
1719461983222,138.0,25
1719461984222,139.75,250
1719461985204,139.8,25
1719461985377,139.35,25
1719461986085,139.2,100
1719461986829,139.6,225
1719461987309,138.75,75
1719461988243,138.9,50
1719461989246,138.65,25
1719461990224,139.05,25
1719461990417,138.85,25
1719461991239,138.15,25
1719461991839,138.85,250
1719461992126,138.85,25
1719461992780,138.65,25
1719461993247,138.55,125
1719461994051,139.15,25
1719461994185,139.0,25
1719461995057,139.0,75
1719461995246,138.95,50
1719461996215,139.7,150
1719461997224,137.1,250
1719461997438,137.5,25
1719461998260,137.55,150
1719461998539,137.2,100
1719461999242,137.65,25
1719462000071,137.75,100
1719462000150,138.1,25
1719462001162,138.3,200
1719462001543,138.5,200
1719462002251,139.7,175
1719462003478,139.2,100
1719462003687,138.6,25
1719462004229,139.0,50
1719462005265,139.15,25
1719462006259,139.6,25
1719462006874,139.85,50
1719462007236,141.05,25
1719462008489,142.45,100
1719462009272,141.7,25
1719462010307,141.25,100
1719462011200,140.7,175
1719462011900,139.9,25
1719462012268,139.35,75
1719462013280,140.35,25
1719462013280,140.35,25
1719462014245,139.85,25
1719462014636,139.9,25
1719462015239,139.8,25
1719462016085,140.1,50
1719462016229,140.8,25
1719462017472,140.05,225
1719462017513,140.2,25
1719462018272,140.65,100
1719462019086,140.25,25
1719462019281,140.15,25
1719462020410,141.45,25
1719462020508,140.95,100
1719462021272,140.75,575
1719462022086,139.25,25
1719462022248,138.45,25
1719462023291,137.55,25
1719462023468,138.15,50
1719462024272,138.0,100
1719462024720,136.95,25
1719462025194,137.0,25
1719462025729,137.1,150
1719462026281,137.3,125
1719462026836,137.35,100
1719462027271,137.1,25
1719462028121,136.25,75
1719462028274,136.6,25
1719462029304,137.45,50
1719462030405,137.7,200
1719462030667,137.7,25
1719462031279,138.0,25
1719462031540,138.3,25
1719462031869,139.1,50
1719462032279,138.6,200
1719462033064,138.25,175
1719462033272,138.45,75
1719462034133,138.25,25
1719462034133,138.25,25
1719462035289,137.6,25
1719462036239,138.25,125
1719462036585,138.95,175
1719462037285,137.85,25
1719462038106,137.85,75
1719462038271,137.7,25
1719462039294,138.15,200
1719462039449,137.9,100
1719462040219,138.15,25
1719462040538,139.0,100
1719462041254,137.85,25
1719462041743,137.3,25
1719462042272,137.0,75
1719462043185,137.6,50
1719462044292,136.0,250
1719462045212,136.9,125
1719462046098,136.5,50
1719462046895,137.35,150
1719462047138,136.9,25
1719462048140,137.1,25
1719462048291,137.5,25
1719462049224,137.65,25
1719462049224,137.65,25
1719462050316,139.05,75
1719462050530,139.35,125
1719462051272,139.4,100
1719462051826,139.15,25
1719462052455,139.65,175
1719462053150,140.7,25
1719462053253,140.6,50
1719462054301,140.3,50
1719462054486,139.3,50
1719462055266,138.95,25
1719462056177,138.75,25
1719462056271,138.15,25
1719462057353,137.85,25
1719462058359,137.5,25
1719462059265,136.6,50
1719462059713,136.7,25
1719462060478,137.45,50
1719462061306,138.35,25
1719462061558,138.5,50
1719462062300,139.15,25
1719462062715,139.2,250
1719462063293,138.85,25
1719462064270,137.4,75
1719462065486,136.8,25
1719462065534,136.4,100
1719462066273,136.7,25
1719462066951,136.8,25
1719462067294,136.75,25
1719462068262,137.05,125
1719462068262,137.05,125
1719462069184,137.25,175
1719462069564,137.15,25
1719462070303,136.65,25
1719462070780,136.75,25
1719462071282,136.8,25
1719462072179,136.75,100
1719462072190,136.75,50
1719462073157,136.65,25
1719462073300,136.55,25
1719462074242,137.3,25
1719462074315,137.2,50
1719462075273,137.2,125
1719462075787,136.85,25
1719462076307,137.4,25
1719462076979,137.2,25
1719462077304,136.85,50
1719462077925,137.4,25
1719462078330,137.4,25
1719462079332,137.4,50
1719462080331,136.8,50
1719462080417,136.95,50
1719462081277,137.2,25
1719462081519,137.2,850
1719462082282,135.85,25
1719462082984,134.0,25
1719462083226,134.15,50
1719462084305,134.85,25
1719462084538,134.25,150
1719462085244,134.25,25
1719462085982,134.2,25
1719462086286,134.1,25
1719462087317,134.75,125
1719462087605,135.0,25
1719462088309,135.35,50
1719462089014,135.7,25
1719462089509,134.95,50
1719462090320,135.1,25
1719462090320,135.1,25
1719462091278,134.85,50
1719462091392,134.6,75
1719462091392,134.6,75
1719462092273,134.55,50
1719462092758,135.1,25
1719462093299,135.25,50
1719462094004,133.9,25
1719462094268,134.05,25
1719462095249,133.1,75
1719462096325,133.85,100
1719462096341,133.8,775
1719462097301,133.6,150
1719462097600,133.6,1550
1719462098215,133.05,175
1719462099154,133.85,25
1719462099275,133.8,25
1719462100370,134.95,25
1719462101291,133.9,1200
1719462101381,133.6,25
1719462102241,134.05,250
1719462102636,133.9,50
1719462103255,133.85,25
1719462103904,134.4,25
1719462104332,134.3,50
1719462105214,134.75,25
1719462105341,133.75,25
1719462106250,133.8,25
1719462106371,133.6,75
1719462107319,133.45,75
1719462107744,134.35,25
1719462108247,134.2,25
1719462109158,135.7,100
1719462109317,135.05,25
1719462110271,136.7,25
1719462110413,136.35,50
1719462111339,136.7,25
1719462112207,135.85,25
1719462112282,136.4,75
1719462113304,138.05,25
1719462113304,138.05,25
1719462114275,136.25,50
1719462114851,136.35,150
1719462115246,136.2,25
1719462116061,136.0,25
1719462116317,135.8,200
1719462117334,134.8,25
1719462117334,134.8,25
1719462118035,135.05,25
1719462118595,134.65,25
1719462119331,133.6,75
1719462119597,133.0,25
1719462120269,133.8,125
1719462121224,133.8,25
1719462121281,133.75,50
1719462121545,133.4,25
1719462122151,132.1,25
1719462122447,131.75,25
1719462123241,132.8,50
1719462123590,133.2,50
1719462124262,132.85,25
1719462124773,131.95,100
1719462125325,132.6,25
1719462126316,133.05,50
1719462127318,133.05,100
1719462127318,133.05,100
1719462128302,132.3,25
1719462128829,132.05,25
1719462129336,132.3,50
1719462130260,132.15,150
1719462130532,132.1,25
1719462131245,131.7,25
1719462131353,132.05,125
1719462132305,132.2,50
1719462132407,132.0,25
1719462133295,131.15,25
1719462134035,132.9,25
1719462134313,132.85,25
1719462135191,132.95,50
1719462136335,132.9,125
1719462136496,133.15,25
1719462137220,132.65,50
1719462137362,132.75,50
1719462138276,132.55,350
1719462138879,131.3,25
1719462139302,131.65,50
1719462139807,131.5,25
1719462140214,131.15,25
1719462141058,131.05,100
1719462141279,130.9,25
1719462142216,130.8,50
1719462142308,130.35,25
1719462143489,130.65,25
1719462144314,130.45,150
1719462144478,130.65,50
1719462145353,130.45,125
1719462145662,130.55,100
1719462146173,131.25,300
1719462147083,131.65,25
1719462147332,132.6,25
1719462148266,132.8,75
1719462148313,132.65,50
1719462149097,132.8,100
1719462149283,132.8,50
1719462150323,133.1,25
1719462151356,132.5,25
1719462151489,131.75,25
1719462152204,131.5,25
1719462152452,131.6,125
1719462153276,132.0,100
1719462153477,131.8,50
1719462154341,132.3,25
1719462154648,132.35,25
1719462155339,132.55,25
1719462155994,132.9,25
1719462156278,132.6,75
1719462157315,132.65,25
1719462157916,132.65,50
1719462158357,131.55,75
1719462159286,131.95,1250
1719462159986,131.6,25
1719462161246,130.95,50
1719462161373,130.85,100
1719462162319,130.9,25
1719462162944,130.65,25
1719462163347,130.35,150
1719462164071,130.7,50
1719462164229,130.0,25
1719462165321,129.95,175
1719462166304,130.25,100
1719462166554,131.05,25
1719462167357,130.0,25
1719462167509,129.6,25
1719462168308,130.4,25
1719462169036,129.55,25
1719462169327,129.45,25
1719462170371,128.75,25
1719462170504,129.0,25
1719462171357,129.15,25
1719462171858,129.3,25
1719462172297,129.6,25
1719462173158,129.9,50
1719462173378,130.9,25
1719462174329,132.05,50
1719462174471,131.75,25
1719462175343,132.85,25
1719462175538,132.95,75
1719462176353,131.6,100
1719462176466,131.45,25
1719462176751,131.05,50
1719462177334,130.65,25
1719462177749,129.5,100
1719462178185,128.85,100
1719462179025,128.4,75
1719462179326,128.85,100
1719462180288,129.2,25
1719462181326,128.35,25
1719462181548,128.7,50
1719462182347,128.8,25
1719462182526,129.25,25
1719462183313,129.2,75
1719462183659,128.7,25
1719462184323,128.85,50
1719462185128,128.6,75
1719462185355,128.75,150
1719462186325,128.45,150
1719462187337,128.05,25
1719462188215,127.65,50
1719462189389,127.95,50
1719462189568,128.1,25
1719462190285,127.8,25
1719462190737,127.5,75
1719462191391,128.35,100
1719462192057,129.15,25
1719462192259,129.55,25
1719462193151,128.75,50
1719462194265,128.75,50
1719462194580,128.45,25
1719462195398,128.05,50
1719462195576,128.25,50
1719462196280,128.7,25
1719462196762,128.25,25
1719462197276,127.95,25
1719462197974,129.1,50
1719462198303,128.45,50
1719462198918,128.7,150
1719462199334,128.65,25
1719462200358,128.9,25
1719462201152,128.9,75
1719462201388,128.95,25
1719462202361,130.4,25
1719462203353,130.55,25
1719462204370,132.55,225
1719462204528,132.25,25
1719462205201,132.15,125
1719462205584,132.0,225
1719462206210,132.75,50
1719462206499,132.5,25
1719462207355,132.6,125
1719462207754,132.4,25
1719462208309,131.35,25
1719462208776,130.65,25
1719462209304,130.65,25
1719462210073,130.45,75
1719462210279,130.7,150
1719462211410,129.85,25
1719462211538,129.8,50
1719462212407,129.0,100
1719462213306,130.6,50
1719462213596,130.8,75
1719462214392,130.5,50
1719462214819,129.95,25
1719462215379,129.65,25
1719462216039,129.5,25
1719462216295,129.35,25
1719462217069,130.1,25
1719462217290,130.3,50
1719462218380,130.25,25
1719462219411,130.75,25
1719462220390,131.25,25
1719462220600,131.0,25
1719462221377,130.95,25
1719462221619,130.9,25
1719462222383,130.35,25
1719462222923,130.35,25
1719462223393,130.55,50
1719462224153,130.95,50
1719462224349,130.1,25
1719462225280,130.5,200
1719462225431,130.4,25
1719462226334,131.1,50
1719462227435,130.4,100
1719462228356,130.85,25
1719462228932,130.65,25
1719462228932,130.65,25
1719462230120,129.4,25
1719462231282,129.65,25
1719462232324,129.5,25
1719462233398,129.4,25
1719462234399,129.6,1225
1719462234616,130.0,25
1719462235388,129.6,25
1719462235388,129.6,25
1719462236345,129.0,25
1719462236345,129.0,25
1719462236823,128.95,25
1719462237387,128.85,25
1719462238179,128.0,100
1719462238353,128.25,25
1719462239248,128.95,25
1719462239364,129.45,25
1719462240386,129.9,25
1719462240386,129.9,25
1719462241403,130.8,25
1719462241523,130.9,25
1719462241608,130.75,75
1719462242397,130.2,25
1719462242649,130.2,25
1719462243346,131.3,25
1719462243503,131.1,25
1719462243731,131.2,75
1719462244391,131.7,25
1719462244975,131.35,25
1719462245378,131.95,75
1719462246240,131.5,25
1719462246295,131.75,50
1719462247228,132.5,25
1719462247396,132.15,25
1719462248463,133.35,25
1719462248604,133.15,50
1719462249397,132.65,25
1719462249645,132.1,300
1719462250359,132.15,25
1719462250667,132.2,50
1719462251374,131.85,25
1719462251635,131.95,175
1719462252397,131.75,50
1719462252874,130.95,50
1719462253219,130.9,25
1719462253879,131.15,25
1719462254371,131.15,75
1719462254371,131.15,75
1719462255370,131.9,25
1719462256281,131.1,25
1719462256297,131.25,200
1719462256883,131.5,25
1719462257348,131.75,25
1719462258281,131.35,25
1719462258281,131.35,25
1719462259275,131.2,50
1719462259446,131.25,75
1719462260283,131.2,25
1719462260463,131.25,25
1719462261294,131.35,175
1719462262018,131.6,25
1719462262362,131.45,25
1719462263205,131.8,25
1719462263375,131.95,25
1719462264342,132.85,250
1719462264499,132.5,75
1719462265374,132.1,25
1719462265617,132.35,25
1719462266214,132.45,25
1719462266821,132.45,50
1719462267371,133.0,50
1719462267838,133.2,50
1719462268393,132.3,25
1719462269258,132.9,25
1719462269416,133.05,375
1719462270413,132.8,25
1719462271400,132.45,25
1719462271527,132.6,75
1719462271635,132.3,25
1719462272455,133.0,75
1719462272644,133.1,25
1719462273283,132.65,200
1719462274417,133.0,25
1719462275423,132.2,50
1719462275472,132.5,200
1719462276427,132.9,25
1719462276658,133.15,275
1719462277361,133.55,25
1719462277842,134.9,100
1719462278370,134.45,50
1719462279282,134.55,825
1719462279282,134.55,825
1719462280693,135.3,50
1719462281428,136.2,125
1719462282483,135.9,50
1719462283439,135.4,25
1719462283656,135.0,50
1719462284393,134.7,100
1719462285042,134.0,250
1719462285405,134.2,125
1719462286388,134.9,25
1719462287401,134.65,125
1719462287854,134.6,50
1719462288298,134.25,25
1719462289062,134.9,100
1719462289605,135.65,75
1719462290428,136.2,25
1719462290569,136.45,25
1719462291431,137.3,100
1719462292223,138.15,75
1719462292530,138.3,150
1719462293446,137.05,25
1719462293895,136.8,25
1719462294427,135.9,25
1719462295499,136.05,200
1719462295645,135.95,25
1719462296402,135.3,50
1719462296738,135.6,25
1719462297194,135.6,25
1719462297741,135.8,150
1719462298426,135.85,25
1719462299089,136.8,25
1719462299395,136.6,25
1719462300337,137.4,175
1719462300458,137.6,200
1719462301573,136.4,25
1719462301627,136.55,250
1719462302139,136.2,75
1719462302450,136.2,350
1719462303536,136.1,100
1719462304548,136.6,225
1719462304917,136.2,25
1719462305393,136.7,25
1719462306448,137.55,25
1719462306642,137.3,125
1719462307438,136.85,50
1719462307705,136.75,25
1719462308342,137.0,25
1719462308749,136.55,25
1719462309617,136.0,50
1719462310112,135.6,25
1719462310441,135.9,25
1719462311307,136.05,200
1719462311431,136.2,25
1719462312495,139.15,100
1719462313395,140.25,25
1719462314117,139.0,25
1719462328457,141.05,125
1719462328718,140.9,25
1719462329422,140.8,25
1719462330664,141.05,225
1719462331534,140.75,25
1719462332452,140.1,25
1719462333180,139.35,25
1719462333557,139.4,100
1719462334481,139.4,25
1719462335479,139.65,25
1719462335942,139.9,200
1719462336393,139.9,1225
1719462337524,139.6,75
1719462337524,139.6,75
1719462338443,138.0,25
1719462338598,138.35,50
1719462339424,139.35,25
1719462339707,139.75,150
1719462340631,139.65,25
1719462340787,139.6,100
1719462341479,138.8,25
1719462341830,138.8,200
1719462342423,139.0,50
1719462348652,138.6,100
1719462348809,138.3,225
1719462349226,139.2,100
1719462349855,139.2,25
1719462350476,139.3,25
1719462351429,139.2,25
1719462352397,138.8,350
1719462352397,138.8,350
1719462353280,138.1,150
1719462353630,138.75,25
1719462354464,137.9,25
1719462354603,137.6,25
1719462355410,138.6,75
1719462356308,137.8,50
1719462356736,138.15,250
1719462357674,139.1,25
1719462357766,138.65,75
1719462358307,137.75,75
1719462358949,137.3,75
1719462359442,138.3,50
1719462360134,138.1,25
1719462360412,137.65,25
1719462361323,137.35,125
1719462361482,137.85,25
1719462362637,137.5,25
1719462362637,137.5,25
1719462363284,137.55,75
1719462363796,137.6,25
1719462364424,137.55,50
1719462364841,136.15,25
1719462365471,136.45,100
1719462366041,136.2,25
1719462366445,136.05,75
1719462367246,134.65,25
1719462367652,134.7,25
1719462368442,135.3,100
1719462369355,135.75,25
1719462370383,136.55,50
1719462371479,137.0,25
1719462372642,138.05,25
1719462373188,137.5,25
1719462373847,138.05,25
1719462405474,146.05,100
1719462406117,146.65,75
1719462406688,146.45,200
1719462407299,147.2,25
1719462407505,148.55,25
1719462408519,151.8,25
1719462408701,152.45,25
1719462409521,151.4,25
1719462412715,151.25,25
1719462413104,151.1,75
1719462413506,150.55,25
1719462414514,152.2,25
1719462414720,152.65,25
1719462415719,155.25,75
1719462416129,155.85,25
1719462416513,156.45,50
1719462417499,156.85,25
1719462417734,157.4,25
1719462418729,156.85,25
1719462419326,157.95,50
1719462419527,158.3,50
1719462420700,160.35,25
1719462421130,162.25,25
1719462421557,160.75,25
1719462422740,165.9,25
1719462423517,164.05,25
1719462424323,163.85,50
1719462424523,164.2,100
1719462425719,163.1,50
1719462425923,162.55,25
1719462426523,161.45,200
1719462427340,162.85,25
1719462427508,161.75,25
1719462428533,160.0,25
1719462429510,162.65,50
1719462429949,161.0,25
1719462430501,160.15,200
1719462431158,160.95,25
1719462431722,161.7,75
1719462432364,161.95,25
1719462432526,161.35,25
1719462433534,160.2,50
1719462433942,160.45,25
1719462434700,162.05,25
1719462434956,162.0,25
1719462435535,163.0,25
1719462436148,163.5,25
1719462436517,162.55,75
1719462437370,163.2,100
1719462437530,163.95,100
1719462438560,163.65,50
1719462438705,163.8,25
1719462439511,163.15,25
1719462439974,162.05,50
1719462440519,161.55,25
1719462441352,162.3,25
1719462441543,162.3,25
1719462442522,162.15,75
1719462442765,163.0,50
1719462443710,163.35,100
1719462443968,162.6,25
1719462444545,163.85,250
1719462445382,165.4,25
1719462445551,165.6,25
1719462446746,166.1,25
1719462446980,165.5,25
1719462447443,163.55,100
1719462447964,164.55,25
1719462448534,164.1,150
1719462449382,162.75,175
1719462449711,162.8,75
1719462450507,162.95,150
1719462450771,162.45,25
1719462451574,162.05,50
1719462451781,161.55,25
1719462452554,161.2,250
1719462452981,160.4,25
1719462453736,162.15,25
1719462454370,162.3,25
1719462454529,162.6,25
1719462455509,162.95,25
1719462456516,163.2,50
1719462456581,162.95,25
1719462457541,163.55,100
1719462457764,163.55,25
1719462458757,162.3,25
1719462458965,162.3,100
1719462459545,162.05,25
1719462459858,162.2,50
1719462460530,163.6,50
1719462461203,162.65,25
1719462461533,162.8,175
1719462462385,164.05,50
1719462462746,165.15,25
1719462463541,165.7,25
1719462463799,166.15,50
1719462464551,165.5,50
1719462465394,165.65,25
1719462465535,166.6,75
1719462466738,169.35,50
1719462466987,169.7,75
1719462467550,171.05,50
1719462468612,173.2,25
1719462468755,172.2,125
1719462469547,172.6,75
1719462470004,173.2,50
1719462470558,173.6,25
1719462471616,174.6,50
1719462471743,174.3,25
1719462472559,177.0,50
1719462473417,177.05,25
1719462473538,177.1,25
1719462474746,174.7,25
1719462475015,174.35,25
1719462475506,175.1,50
1719462476423,177.5,50
1719462476742,177.05,100
1719462477539,178.8,75
1719462478033,177.95,25
1719462478563,176.25,25
1719462479735,175.6,250
1719462479800,175.5,25
1719462480539,177.9,200
1719462481427,181.1,100
1719462481562,181.1,25
1719462482762,184.65,75
1719462483031,184.6,25
1719462483562,183.75,25
1719462486216,181.9,25
1719462486565,181.8,100
1719462487857,181.15,50
1719462488568,180.05,25
1719462488808,181.45,25
1719462489559,182.1,325
1719462490046,181.45,25
1719462490746,180.65,25
1719462491251,181.55,25
1719462491560,182.2,50
1719462492540,182.85,25
1719462492838,181.8,25
1719462493763,179.6,125
1719462494230,180.8,50
1719462494560,180.9,25
1719462495558,180.55,50
1719462495645,179.95,50
1719462496555,180.15,50
1719462497237,180.55,50
1719462497712,178.95,25
1719462498554,178.55,50
1719462498849,178.65,25
1719462499575,176.0,25
1719462500059,176.35,25
1719462500748,177.55,25
1719462501567,178.35,25
1719462501861,178.8,25
1719462502540,179.65,300
1719462503265,179.6,25
1719462503572,179.1,25
1719462509564,182.15,75
1719462510035,181.5,175
1719462510552,180.7,25
1719462511224,181.65,25
1719462511560,182.25,25
1719462512738,181.5,25
1719462512834,181.85,25
1719462513559,183.85,200
1719462514286,184.45,25
1719462514549,184.7,50
1719462515519,183.5,150
1719462515670,183.25,25
1719462516546,183.1,25
1719462517264,183.45,200
1719462517752,182.25,75
1719462518594,181.95,50
1719462519060,181.2,25
1719462519588,180.85,125
1719462520569,182.85,25
1719462520689,182.95,125
1719462521504,180.85,25
1719462522106,179.8,25
1719462522522,179.45,125
1719462523679,178.1,25
1719462523748,178.25,75
1719462524539,180.4,25
1719462524892,180.0,25
1719462525602,178.9,25
1719462526052,178.65,25
1719462526581,179.05,75
1719462527273,179.95,25
1719462527558,180.45,25
1719462528509,177.65,25
1719462528713,177.7,25
1719462535566,180.25,100
1719462536475,179.9,25
1719462536728,179.2,25
1719462545771,181.25,25
1719462546113,180.65,25
1719462546518,179.7,25
1719462547554,179.55,25
1719462548736,180.65,50
1719462549569,180.3,25
1719462550136,180.2,25
1719462550555,181.2,50
1719462551441,181.5,25
1719462551774,181.05,25
1719462560601,183.25,25
1719462561552,184.9,50
1719462561575,184.2,25
1719462562608,185.1,25
1719462562935,184.6,25
1719462563773,182.85,175
1719462564125,184.15,75
1719462564557,183.8,100
1719462565523,183.4,100
1719462565523,183.4,100
1719462566560,183.35,25
1719462566633,183.1,50
1719462567789,183.85,75
1719462568140,184.55,25
1719462569594,184.6,25
1719462575148,184.8,25
1719462575813,183.55,25
1719462576174,183.25,25
1719462576559,183.05,25
1719462577054,181.6,25
1719462601552,189.65,50
1719462601610,189.8,50
1719462603639,185.7,25
1719462603812,186.2,25
1719462604628,184.8,25
1719462605363,185.2,25
1719462605587,185.5,50
1719462606570,184.35,25
1719462607839,184.8,25
1719462608022,184.2,50
1719462608595,185.8,75
1719462609238,185.1,75
1719462609620,184.15,25
1719462610217,183.6,25
1719462610606,183.65,25
1719462611628,184.35,50
1719462611815,184.0,50
1719462612638,184.8,50
1719462613228,185.2,50
1719462613564,184.8,150
1719462614378,184.9,25
1719462614530,186.15,75
1719462615462,186.0,50
1719462616510,185.25,25
1719462617037,184.7,25
1719462617843,184.4,25
1719462618238,184.55,50
1719462618573,184.3,25
1719462619644,183.0,200
1719462620804,182.25,125
1719462621251,182.55,25
1719462621504,182.45,25
1719462622448,181.55,100
1719462622590,181.7,50
1719462623642,181.6,25
1719462623804,181.0,50
1719462624644,180.65,25
1719462625208,180.7,75
1719462625632,180.5,25
1719462626441,181.05,50
1719462626588,181.05,25
1719462627819,182.95,50
1719462628630,184.35,25
1719462629005,183.55,25
1719462629610,184.45,25
1719462630264,184.55,100
1719462630530,185.0,25
1719462631586,185.35,100
1719462631618,185.1,150
1719462631838,185.3,100
1719462632852,187.05,225
1719462633020,187.35,25
1719462633638,187.1,200
1719462634285,188.9,25
1719462634621,187.8,50
1719462635617,188.6,25
1719462635846,188.7,25
1719462636657,187.2,50
1719462637059,188.1,200
1719462637846,188.15,25
1719462638072,189.15,75
1719462638653,188.55,25
1719462639271,187.95,75
1719462639642,186.4,25
1719462640274,187.0,25
1719462640642,187.45,25
1719462641463,187.5,25
1719462641541,187.35,25
1719462642658,186.7,25
1719462642891,186.5,50
1719462643569,185.75,25
1719462644074,185.3,25
1719462644648,185.6,25
1719462645063,186.4,25
1719462645635,186.5,25
1719462646226,187.05,25
1719462646817,187.4,25
1719462647484,188.5,25
1719462647658,187.0,25
1719462648543,187.65,50
1719462648744,188.55,25
1719462649624,187.95,100
1719462650057,187.2,75
1719462650670,186.8,25
1719462651000,187.0,200
1719462651625,187.9,25
1719462652230,188.35,125
1719462652630,187.75,25
1719462653300,187.9,75
1719462653659,187.8,50
1719462657656,188.8,25
1719462658061,190.35,50
1719462658618,190.05,150
1719462659305,191.65,25
1719462659675,193.0,75
1719462660850,194.75,125
1719462660850,194.75,125
1719462661583,195.35,200
1719462661674,195.75,100
1719462662634,195.45,25
1719462663898,197.35,25
1719462664671,194.5,75
1719462665524,196.0,100
1719462665852,197.1,25
1719462666661,197.1,50
1719462666720,196.9,25
1719462667649,196.75,25
1719462668090,196.55,100
1719462668848,197.1,125
1719462669662,196.65,50
1719462669728,195.85,25
1719462670672,195.0,25
1719462671306,195.75,50
1719462671664,196.2,25
1719462672540,195.8,25
1719462672823,196.05,125
1719462673659,196.85,50
1719462673921,196.45,100
1719462674652,196.15,100
1719462675100,195.85,25
1719462675652,195.55,50
1719462676047,195.15,25
1719462676811,195.05,200
1719462677110,195.5,100
1719462677630,194.8,25
1719462678118,194.5,25
1719462678659,194.05,25
1719462679324,194.2,25
1719462679882,195.15,25
1719462680502,196.5,100
1719462680671,196.85,25
1719462681630,199.95,25
1719462682177,202.8,75
1719462682876,201.45,25
1719462683755,197.95,50
1719462684664,197.8,50
1719462685145,197.4,25
1719462685870,198.1,200
1719462686545,198.7,25
1719462686625,198.7,25
1719462687660,198.55,100
1719462687980,198.45,25
1719462688847,198.55,50
1719462689362,197.95,25
1719462689670,197.6,50
1719462690686,198.85,500
1719462691570,200.1,50
1719462691881,199.15,25
1719462691940,198.8,200
1719462692641,198.8,25
1719462693348,197.95,25
1719462693689,197.45,25
1719462694546,197.1,25
1719462694672,197.5,250
1719462695875,197.55,25
1719462695940,197.6,25
1719462696579,197.0,25
1719462697080,198.3,75
1719462697656,198.65,25
1719462702850,200.3,25
1719462703584,200.15,25
1719462703686,200.3,25
1719462704717,201.1,25
1719462705654,200.55,25
1719462735679,210.15,25
1719462736707,209.05,25
1719462737911,208.2,50
1719462738225,208.35,25
1719462738706,209.55,25
1719462739631,209.2,25
1719462739889,209.05,50
1719462740705,209.4,25
1719462740794,209.4,250
1719462741703,208.0,25
1719462742136,208.2,25
1719462742851,209.15,50
1719462743712,208.6,200
1719462744707,209.15,25
1719462744730,209.5,50
1719462745693,209.4,25
1719462745900,209.15,500
1719462746710,209.0,25
1719462747385,209.6,25
1719462747821,208.55,25
1719462748628,209.9,25
1719462748835,209.3,75
1719462749684,209.7,25
1719462749948,208.85,200
1719462750585,208.55,25
1719462751135,209.05,50
1719462751529,208.3,25
1719462751858,209.15,25
1719462752669,210.5,50
1719462752847,210.55,25
1719462753701,212.45,25
1719462754464,211.95,50
1719462754647,210.9,25
1719462755927,211.05,150
1719462756645,212.15,150
1719462757410,213.9,25
1719462757553,213.85,25
1719462758715,211.9,50
1719462759001,212.0,25
1719462759852,211.5,50
1719462760451,211.15,25
1719462760669,210.3,25
1719462767619,209.6,50
1719462767803,210.15,50
1719462768725,209.25,150
1719462769074,211.15,50
1719462769399,210.2,25
1719462770247,211.15,25
1719462770659,211.0,50
1719462771687,214.15,25
1719462771902,216.45,75
1719462772735,216.75,25
1719462773266,219.3,25
1719462773729,217.85,25
1719462774925,217.7,100
1719462775725,216.6,50
1719462776424,217.3,50
1719462776714,216.85,25
1719462777396,215.4,25
1719462777909,214.75,25
1719462778692,214.1,25
1719462778800,214.45,25
1719462779736,215.0,25
1719462780110,215.2,25
1719462780937,216.05,25
1719462781300,216.95,175
1719462781568,218.45,225
1719462781734,217.4,25
1719462782671,217.65,25
1719462783934,219.35,25
1719462784503,221.1,75
1719462784719,220.15,25
1719462785725,219.5,25
1719462786121,219.1,100
1719462786911,220.5,275
1719462787493,220.7,50
1719462787724,220.9,50
1719462788701,220.15,25
1719462789069,219.95,25
1719462789949,222.0,75
1719462790290,222.0,75
1719462790749,222.5,25
1719462791752,222.65,25
1719462791880,222.45,25
1719462792897,221.55,50
1719462793325,221.9,25
1719462793728,221.3,25
1719462794690,221.6,50
1719462795929,221.2,75
1719462796716,221.6,25
1719462797460,220.4,25
1719462797712,221.0,75
1719462798892,219.25,25
1719462799645,220.45,25
1719462800294,221.3,25
1719462800949,222.15,75
1719462801521,222.55,50
1719462801772,222.2,25
1719462802727,222.25,50
1719462803076,222.9,25
1719462803718,221.9,100
1719462804531,222.2,50
1719462804954,220.7,25
1719462805709,220.6,75
1719462805994,221.35,25
1719462806910,219.65,25
1719462807536,218.8,25
1719462807730,219.15,25
1719462808680,218.3,25
1719462808849,218.0,100
1719462809957,216.5,25
1719462810548,217.3,25
1719462810708,217.3,25
1719462811539,216.0,150
1719462811964,215.45,25
1719462812147,215.6,25
1719462812746,214.75,25
1719462813754,216.55,25
1719462814746,215.55,50
1719462815375,216.2,75
1719462815845,215.25,25
1719462816751,216.9,25
1719462817751,216.05,400
1719462818152,214.85,200
1719462818882,215.2,25
1719462819583,214.15,125
1719462819753,213.15,25
1719462820543,212.25,50
1719462820765,211.65,50
1719462821573,210.95,25
1719462821770,211.25,25
1719462822961,212.35,25
1719462823126,212.95,175
1719462823743,212.9,25
1719462824691,212.4,25
1719462825947,212.5,25
1719462826358,212.45,100
1719462826745,211.85,25
1719462827677,213.65,25
1719462827949,213.7,25
1719462828873,211.65,75
1719462829545,213.05,25
1719462829668,213.85,75
1719462830583,214.2,100
1719462830641,213.95,75
1719462831753,212.9,25
1719462831969,213.55,25
1719462832959,214.75,25
1719462833394,215.1,25
1719462833758,214.0,100
1719462834451,215.3,25
1719462834654,215.0,25
1719462835602,215.0,500
1719462836145,213.3,25
1719462836712,213.85,25
1719462837400,214.45,25
1719462837631,214.45,175
1719462838579,214.85,25
1719462838744,214.75,25
1719462839726,217.0,25
1719462839974,217.1,25
1719462840752,216.9,25
1719462841164,216.05,25
1719462841529,216.95,25
1719462841725,216.55,75
1719462842307,216.95,25
1719462842954,215.85,175
1719462843596,217.35,75
1719462843772,216.0,25
1719462844745,217.4,50
1719462844988,217.15,25
1719462845750,216.7,25
1719462846609,214.5,50
1719462846742,214.55,25
1719462848016,214.3,25
1719462848744,214.3,50
1719462849351,213.35,25
1719462849787,213.05,25
1719462850404,214.0,25
1719462850700,214.2,100
1719462852018,216.65,25
1719462852727,215.4,50
1719462853620,215.3,25
1719462853708,215.0,25
1719462854739,214.55,75
1719462854803,214.15,25
1719462855723,216.0,25
1719462856215,215.6,25
1719462856664,215.2,475
1719462857323,214.85,25
1719462857622,215.4,50
1719462858340,215.25,25
1719462858784,214.2,25
1719462859458,214.95,50
1719462859458,214.95,50
1719462860673,214.9,25
1719462860845,215.4,25
1719462861953,216.1,25
1719462862638,217.0,100
1719462862687,216.9,100
1719462863624,217.05,25
1719462863756,216.6,25
1719462864874,217.15,25
1719462865008,217.05,25
1719462865799,218.5,25
1719462866406,217.15,25
1719462866739,217.45,50
1719462867725,216.85,25
1719462867932,217.55,25
1719462869001,217.0,25
1719462869389,216.35,25
1719462869796,215.6,25
1719462870633,215.85,100
1719462870776,215.75,50
1719462871623,216.55,25
1719462871777,216.65,25
1719462872035,216.1,50
1719462872693,216.05,25
1719462873245,216.4,25
1719462873742,216.7,25
1719462874653,215.95,25
1719462874779,216.45,50
1719462875754,216.45,175
1719462876512,217.2,50
1719462876787,217.2,75
1719462877471,217.3,25
1719462877776,217.7,25
1719462878962,217.95,25
1719462879714,218.25,100
1719462880025,218.4,25
1719462880712,218.45,25
1719462881291,218.95,25
1719462881754,218.95,25
1719462882665,218.95,25
1719462882688,218.7,25
1719462883834,219.0,100
1719462884873,218.8,25
1719462885983,217.5,125
1719462886215,218.2,25
1719462886710,217.95,75
1719462887741,218.85,100
1719462887823,219.15,75
1719462888659,218.2,50
1719462889233,218.2,100
1719462889682,217.8,25
1719462890473,218.85,25
1719462890778,219.1,25
1719462891681,218.75,25
1719462891733,218.65,50
1719462892712,219.4,25
1719462893806,219.75,25
1719462894029,218.65,25
1719462894642,219.6,75
1719462895243,220.75,25
1719462895690,219.5,50
1719462896479,220.7,25
1719462896779,220.9,25
1719462897803,221.8,25
1719462897803,221.8,25
1719462899017,225.95,50
1719462899273,226.15,50
1719462899817,225.65,200
1719462900882,226.9,50
1719462900998,226.15,75
1719462901580,225.3,25
1719462901805,224.1,25
1719462902473,223.65,125
1719462902779,222.35,25
1719462903815,220.6,25
1719462904237,219.4,25
1719462904882,218.85,25
1719462905888,217.15,50
1719462906825,219.9,1800
1719462907407,221.6,25
1719462908011,220.9,25
1719462908908,221.05,125
1719462909675,220.95,25
1719462910234,220.8,25
1719462910819,219.9,25
1719462911649,219.4,25
1719462912019,219.75,25
1719462912813,220.15,75
1719462912886,219.8,25
1719462913736,220.35,25
1719462914318,220.15,25
1719462914808,219.3,25
1719462915298,220.6,100
1719462915814,221.0,25
1719462916561,221.65,75
1719462916819,220.55,25
1719462917711,219.85,25
1719462917818,218.95,25
1719462918817,221.0,25
1719462919127,220.7,25
1719462919784,221.15,150
1719462920169,221.5,25
1719462920888,220.4,25
1719462921516,221.6,25
1719462921743,223.45,25
1719462922595,225.05,50
1719462922819,224.0,50
1719462923423,223.3,25
1719462924830,222.75,25
1719462925443,223.45,25
1719462925752,222.85,25
1719462926339,221.65,25
1719462926606,221.55,50
1719462927811,221.65,25
1719462927855,221.7,25
1719462928745,221.0,25
1719462929130,221.8,25
1719462929820,220.05,50
1719462930412,220.25,25
1719462930714,220.45,50
1719462931450,220.5,100
1719462932941,221.0,25
1719462933534,221.45,25
1719462934134,222.0,325
1719462934712,221.95,25
1719462935454,221.75,75
1719462935724,221.75,25
1719462936714,223.2,100
1719462937994,226.0,25
1719462938351,226.85,50
1719462938815,226.35,175
1719462939836,227.6,25
1719462940775,226.7,50
1719462941828,228.15,100
1719462941910,228.85,25
1719462942836,230.05,50
1719462943551,232.0,125
1719462943844,231.65,25
1719462944828,232.35,25
1719462945134,231.75,25
1719462945744,231.05,25
1719462946380,230.5,50
1719462946808,229.35,25
1719462947538,228.0,100
1719462948043,228.3,25
1719462948761,226.85,75
1719462949785,227.15,75
1719462950819,225.0,25
1719462951162,225.95,25
1719462951807,225.8,25
1719462952101,225.2,25
1719462952817,224.35,75
1719462953645,225.0,25
1719462953847,225.0,25
1719462954751,224.65,25
1719462955715,225.3,25
1719462956151,225.35,50
1719462957057,224.5,25
1719462957583,224.0,100
1719462957876,224.0,25
1719462958678,223.05,100
1719462959768,221.55,25
1719462959934,222.2,100
1719462960838,224.55,25
1719462961383,226.5,75
1719462961383,226.5,75
1719462962023,227.25,25
1719462962794,227.1,50
1719462962809,227.1,25
1719462963713,224.55,25
1719462963856,224.25,25
1719462964821,223.5,25
1719462965146,223.3,25
1719462965995,223.65,75
1719462966536,223.9,25
1719462966788,223.25,25
1719462967750,222.85,75
1719462968807,220.85,50
1719462969635,223.2,75
1719462970199,224.55,25
1719462970833,224.75,25
1719462971582,224.95,100
1719462971671,224.5,25
1719462972471,225.05,25
1719462972840,225.5,50
1719462973638,225.25,25
1719462974890,224.8,50
1719462975737,225.3,25
1719462976001,225.15,50
1719462976806,224.75,50
1719462977054,226.25,50
1719462977891,225.6,75
1719462978387,225.05,75
1719462978784,224.0,25
1719462979484,222.75,25
1719462979695,223.25,75
1719462980438,223.75,25
1719462980832,224.05,25
1719462981385,224.15,25
1719462981786,224.6,25
1719462982462,224.35,25
1719462982804,224.2,50
1719462983585,223.05,25
1719462983585,223.05,25
1719462984499,224.3,25
1719462984499,224.3,25
1719462985818,222.3,25
1719462986183,222.7,25
1719462986849,221.7,50
1719462987198,222.7,25
1719462987879,221.75,100
1719462987960,221.85,25
1719462988851,220.8,75
1719462989398,221.85,25
1719462989983,220.9,75
1719462990633,221.35,25
1719462990633,221.35,25
1719462991522,220.9,25
1719462991728,220.45,125
1719462991911,220.8,25
1719462993067,221.15,50
1719462993190,221.6,25
1719462993822,222.0,75
1719462994372,221.65,25
1719462994836,221.45,50
1719462995460,221.4,25
1719462995460,221.4,25
1719462996823,222.7,25
1719462996823,222.7,25
1719462997627,222.3,475
1719462997844,222.1,50
1719462998857,221.8,25
1719462998931,221.5,25
1719462999779,222.15,25
1719463000439,222.2,50
1719463000763,221.55,50
1719463001656,220.35,25
1719463001667,220.7,50
1719463002837,220.8,25
1719463002837,220.8,25
1719463003878,220.65,25
1719463004175,220.25,25
1719463004857,221.75,100
1719463004974,221.05,25
1719463005881,220.85,50
1719463006349,222.0,200
1719463006886,220.7,25
1719463007653,221.3,25
1719463007913,221.6,50
1719463008612,223.35,25
1719463008679,223.4,25
1719463014524,224.65,100
1719463015478,223.5,50
1719463016769,224.55,50
1719463016994,224.5,25
1719463017796,225.35,25
1719463018139,225.45,25
1719463018775,226.25,25
1719463019626,227.0,50
1719463019800,227.45,25
1719463020874,228.35,75
1719463021361,228.8,25
1719463021869,229.3,50
1719463021922,230.5,25
1719463022851,229.1,100
1719463023205,229.3,100
1719463023850,228.75,50
1719463024233,229.3,25
1719463024862,229.6,25
1719463025240,229.5,25
1719463025784,229.1,100
1719463026417,229.4,50
1719463026787,229.0,50
1719463027872,230.35,75
1719463029028,232.05,25
1719463029401,232.9,75
1719463029853,232.4,25
1719463030687,234.1,25
1719463030870,234.9,175
1719463031881,235.85,100
1719463032769,235.55,50
1719463033866,232.75,75
1719463034278,232.05,25
1719463035085,229.6,25
1719463035669,227.2,25
1719463035889,227.45,50
1719463036907,226.4,25
1719463037898,226.95,125
1719463038500,226.15,25
1719463038741,225.25,25
1719463039499,226.2,100
1719463039725,226.35,50
1719463040873,227.1,75
1719463041880,225.25,50
1719463042753,225.3,100
1719463044114,225.1,100
1719463044675,227.2,25
1719463045479,226.25,100
1719463045566,226.35,25
1719463046640,226.15,25
1719463046831,225.75,25
1719463047697,226.35,25
1719463047827,226.75,25
1719463048655,225.85,25
1719463049847,225.65,100
1719463050103,225.9,200
1719463050804,225.4,75
1719463051293,225.0,100
1719463051448,224.55,25
1719463051893,223.65,100
1719463052630,222.15,25
1719463052856,222.25,100
1719463053941,222.6,100
1719463054788,223.3,350
1719463055066,223.4,25
1719463055842,222.75,75
1719463056297,223.25,25
1719463056824,223.2,25
1719463057629,222.85,25
1719463057858,221.5,25
1719463058677,220.95,125
1719463058841,220.95,75
1719463059914,222.1,125
1719463060808,221.35,25
1719463061621,222.7,25
1719463062299,223.0,50
1719463062653,223.1,25
1719463063341,222.6,100
1719463063813,222.15,25
1719463064690,221.8,200
1719463064762,221.05,25
1719463065577,221.2,25
1719463065577,221.2,25
1719463066883,220.95,25
1719463066883,220.95,25
1719463067472,222.3,25
1719463068893,222.6,125
1719463069038,222.8,25
1719463069886,222.8,50
1719463070032,223.1,25
1719463070659,223.9,25
1719463071431,223.45,50
1719463071753,222.6,125
1719463072361,223.65,25
1719463072361,223.65,25
1719463073438,223.05,50
1719463074830,222.45,25
1719463075891,222.7,50
1719463076069,222.8,25
1719463076912,223.25,25
1719463077320,223.6,50
1719463077388,223.75,75
1719463078397,224.4,25
1719463078838,223.1,125
1719463079690,222.85,50
1719463079690,222.85,50
1719463080438,221.95,200
1719463080982,221.6,100
1719463081501,222.4,75
1719463081634,223.1,25
1719463082092,222.4,25
1719463082874,223.0,25
1719463083100,223.7,25
1719463083880,224.15,25
1719463084547,225.75,25
1719463084654,224.95,25
1719463085537,226.15,25
1719463085889,225.7,25
1719463086530,224.2,25
1719463086530,224.2,25
1719463087543,225.1,25
1719463087852,225.15,75
1719463088772,223.25,25
1719463089201,223.25,50
1719463089655,223.4,75
1719463090776,223.6,50
1719463090916,224.1,25
1719463091682,224.1,25
1719463091914,224.8,25
1719463092807,223.6,125
1719463093659,223.85,50
1719463094107,224.95,25
1719463094914,225.65,50
1719463095198,225.2,25
1719463095860,226.0,200
1719463096166,225.9,125
1719463096865,226.05,25
1719463097705,225.15,25
1719463097822,224.6,50
1719463098534,225.0,75
1719463099008,224.45,25
1719463099940,224.35,175
1719463100173,224.05,25
1719463100675,224.05,50
1719463101284,225.2,25
1719463101781,224.5,50
1719463102690,225.05,25
1719463102690,225.05,25
1719463103677,224.9,50
1719463103677,224.9,50
1719463104845,224.65,25
1719463104906,225.1,50
1719463105669,225.45,25
1719463105907,224.95,100
1719463106881,225.45,25
1719463108124,224.25,25
1719463108124,224.25,25
1719463108546,225.1,100
1719463108546,225.1,100
1719463109824,224.2,25
1719463110354,223.45,150
1719463110909,224.8,25
1719463111540,224.9,25
1719463111540,224.9,25
1719463111725,224.8,25
1719463112635,224.0,25
1719463112728,223.8,25
1719463113128,223.85,50
1719463113921,223.75,25
1719463114431,223.0,25
1719463114589,222.8,25
1719463114589,222.8,25
1719463115946,222.7,50
1719463116827,222.75,125
1719463116949,222.95,25
1719463117351,223.0,25
1719463117851,223.7,300
1719463118461,224.8,125
1719463118943,223.55,125
1719463119641,223.65,25
1719463120018,223.9,25
1719463120885,225.45,25
1719463121446,227.85,25
1719463121831,229.0,75
1719463122818,229.8,25
1719463122883,229.5,25
1719463124001,230.5,200
1719463124091,230.5,75
1719463124863,228.9,25
1719463124971,228.85,50
1719463125798,229.85,225
1719463126169,229.8,100
1719463126935,231.1,100
1719463127836,231.75,25
1719463127928,231.1,75
1719463128852,228.8,25
1719463128992,228.95,100
1719463129746,226.6,25
1719463130242,227.6,25
1719463130771,226.5,25
1719463131434,226.15,25
1719463131830,226.1,25
1719463132448,226.45,25
1719463132698,227.05,25
1719463133938,227.4,100
1719463133938,227.4,100
1719463134690,227.95,25
1719463134960,226.55,25
1719463135889,226.8,100
1719463136130,227.7,50
1719463136884,228.0,50
1719463137091,228.0,25
1719463137864,227.9,25
1719463138159,228.3,25
1719463138482,227.65,25
1719463139490,229.9,75
1719463139946,230.3,100
1719463140673,229.25,50
1719463140910,230.15,25
1719463141514,230.45,100
1719463141788,230.5,125
1719463141925,230.55,50
1719463142912,230.2,175
1719463142912,230.2,175
1719463143852,229.1,50
1719463144009,228.65,150
1719463144882,227.55,25
1719463145213,226.95,175
1719463145801,228.7,25
1719463146378,228.4,25
1719463146688,229.25,25
1719463146688,229.25,25
1719463147926,228.85,25
1719463148693,229.05,50
1719463148915,229.2,25
1719463149918,228.65,25
1719463150628,228.45,25
1719463150628,228.45,25
1719463151947,228.5,25
1719463152841,228.05,50
1719463152841,228.05,50
1719463153867,230.4,25
1719463154072,230.0,150
1719463154507,229.3,25
1719463155831,230.05,25
1719463156842,231.0,50
1719463156842,231.0,50
1719463157643,230.05,25
1719463157937,229.3,100
1719463158959,228.4,25
1719463159075,227.75,25
1719463159891,228.65,25
1719463160170,229.1,150
1719463160671,229.3,75
1719463161492,229.8,75
1719463161850,230.2,50
1719463162558,230.0,25
1719463162950,230.3,25
1719463164078,230.15,25
1719463164955,229.9,100
1719463164955,229.9,100
1719463165930,230.85,25
1719463165930,230.85,25
1719463166671,230.1,225
1719463167125,229.45,100
1719463167915,229.9,25
1719463168147,230.3,75
1719463168877,229.7,50
1719463169223,228.9,50
1719463169894,228.45,100
1719463170397,229.4,25
1719463170985,228.0,25
1719463171521,229.3,475
1719463171790,229.3,25
1719463172666,229.2,175
1719463172666,229.2,175
1719463173877,229.55,75
1719463174411,228.9,25
1719463175809,227.5,25
1719463175809,227.5,25
1719463176973,228.85,25
1719463177135,228.3,75
1719463177235,228.1,100
1719463177873,227.95,50
1719463178500,227.25,150
1719463179074,229.0,50
1719463179470,228.2,500
1719463179971,225.35,50
1719463180966,229.05,25
1719463181913,230.25,25
1719463182070,230.2,25
1719463182955,231.1,50
1719463183273,231.5,750
1719463183884,229.95,25
1719463184422,230.1,25
1719463184989,230.75,50
1719463185637,229.4,25
1719463185967,228.75,150
1719463186715,228.4,250
1719463186903,227.75,25
1719463187910,227.75,25
1719463188421,227.95,25
1719463188876,227.6,25
1719463189642,227.7,25
1719463190847,226.3,400
1719463191330,226.1,200
1719463191820,226.35,50
1719463192187,227.0,25
1719463192996,226.6,250
1719463193498,226.75,25
1719463193920,226.55,25
1719463194238,226.05,25
1719463194910,226.95,25
1719463195463,226.85,25
1719463195947,226.15,25
1719463196553,226.65,25
1719463196943,226.5,25
1719463197747,227.25,25
1719463197990,226.8,50
1719463198832,227.35,100
1719463199064,227.0,125
1719463199954,227.35,50
1719463200903,226.9,25
1719463200903,226.9,25
1719463201522,226.95,25
1719463201978,228.15,25
1719463201978,228.15,25
1719463202969,227.8,50
1719463203213,227.15,25
1719463203828,225.55,75
1719463204513,226.65,25
1719463204513,226.65,25
1719463205399,226.2,25
1719463205670,225.9,25
1719463206675,226.4,25
1719463206675,226.4,25
1719463207855,227.8,25
1719463208927,227.1,25
1719463209130,226.85,50
1719463209674,227.1,25
1719463210867,228.9,25
1719463211284,229.35,150
1719463211942,230.55,50
1719463212341,230.0,75
1719463212941,230.75,100
1719463213779,230.55,25
1719463213997,229.7,25
1719463214791,229.9,25
1719463214869,230.25,25
1719463215474,228.75,25
1719463215474,228.75,25
1719463216856,229.55,50
1719463217991,228.7,100
1719463218165,228.2,25
1719463218527,227.85,25
1719463218527,227.85,25
1719463219978,227.65,25
1719463220157,228.55,25
1719463220930,228.8,25
1719463220930,228.8,25
1719463221721,228.35,150
1719463222377,230.0,25
1719463222638,229.45,100
1719463223727,229.9,50
1719463223727,229.9,50
1719463224899,231.7,25
1719463225841,231.1,75
1719463226187,232.15,200
1719463226830,231.85,25
1719463227041,232.1,50
1719463228009,234.1,25
1719463228398,234.1,25
1719463229162,232.75,25
1719463229559,231.85,25
1719463230011,230.15,25
1719463230609,231.0,50
1719463230846,229.9,725
1719463231226,228.5,25
1719463231908,230.1,75
1719463232153,230.6,25
1719463232871,230.0,25
1719463233817,229.7,25
1719463233882,228.95,150
1719463234879,229.3,75
1719463235222,229.35,100
1719463235908,227.7,125
1719463236713,228.6,50
1719463236713,228.6,50
1719463237774,228.85,25
1719463238317,228.75,100
1719463238975,228.7,50
1719463239536,228.0,25
1719463239536,228.0,25
1719463239536,228.0,25
1719463240925,227.65,25
1719463241777,227.0,100
1719463242017,227.45,25
1719463242875,226.65,25
1719463242875,226.65,25
1719463243937,227.6,25
1719463244103,226.6,25
1719463244979,227.1,50
1719463246022,227.75,75
1719463246347,228.5,75
1719463246885,228.25,25
1719463247198,228.15,75
1719463247548,228.4,100
1719463248584,228.25,25
1719463248584,228.25,25
1719463249557,227.2,50
1719463249896,227.4,25
1719463250316,227.2,125
1719463250727,228.3,25
1719463251672,227.25,100
1719463253013,228.85,50
1719463253013,228.85,50
1719463253997,228.9,25
1719463254087,228.65,25
1719463254873,228.8,25
1719463255439,229.2,25
1719463256018,228.35,25
1719463256448,229.0,25
1719463256806,227.8,25
1719463257640,227.25,25
1719463257827,227.35,25
1719463258814,226.8,25
1719463258814,226.8,25
1719463259792,227.05,25
1719463260901,226.7,25
1719463261537,227.75,25
1719463262031,230.0,125
1719463262249,230.4,25
1719463262872,230.35,25
1719463263119,229.55,25
1719463263846,227.8,50
1719463264254,227.65,25
1719463264913,227.95,25
1719463265288,228.6,25
1719463265994,229.05,25
1719463266600,229.25,25
1719463266894,229.0,75
1719463267610,229.0,25
1719463267861,229.15,25
1719463268748,229.0,350
1719463268748,229.0,350
1719463269416,228.5,25
1719463270733,228.15,25
1719463271183,229.0,300
1719463271768,229.3,25
1719463272078,229.05,25
1719463272817,228.4,25
1719463273440,229.25,50
1719463273440,229.25,50
1719463274388,229.4,50
1719463274920,230.1,25
1719463275775,231.15,25
1719463276046,233.6,300
1719463277038,238.2,25
1719463277083,238.85,75
1719463278038,236.95,25
1719463278472,237.0,100
1719463279038,238.75,50
1719463279885,237.8,25
1719463279885,237.8,25
1719463281081,235.2,50
1719463281151,235.05,50
1719463282041,235.0,25
1719463282055,235.1,50
1719463283046,234.5,25
1719463283317,234.0,50
1719463284005,233.15,175
1719463284686,232.3,50
1719463284863,231.35,25
1719463285895,232.4,50
1719463285895,232.4,50
1719463286925,232.5,175
1719463287299,231.8,25
1719463287991,230.8,25
1719463288694,230.75,50
1719463289030,230.95,175
1719463289691,231.75,75
1719463290783,231.95,25
1719463291294,233.0,250
1719463291540,232.3,100
1719463291610,231.75,25
1719463292333,232.2,50
1719463292616,232.5,25
1719463293820,232.25,100
1719463293820,232.25,100
1719463295084,232.95,100
1719463295891,232.75,50
1719463296104,232.4,25
1719463296904,232.3,25
1719463297285,232.2,25
1719463297777,232.3,25
1719463297777,232.3,25
1719463298876,233.75,25
1719463299464,233.65,150
1719463299698,233.65,175
1719463300702,233.75,25
1719463300857,234.15,50
1719463301373,233.7,50
1719463301373,233.7,50
1719463302868,233.15,100
1719463303214,233.2,25
1719463303983,233.0,25
1719463304270,232.25,100
1719463305012,232.3,25
1719463305325,232.15,100
1719463305325,232.15,100
1719463306449,232.2,25
1719463308998,231.7,100
1719463309545,231.3,25
1719463309545,231.3,25
1719463310923,231.25,125
1719463311164,231.9,75
1719463312013,232.55,50
1719463312419,232.85,50
1719463312984,233.8,25
1719463312984,233.8,25
1719463314268,232.6,25
1719463314995,232.9,150
1719463315838,233.4,25
1719463315838,233.4,25
1719463316717,232.65,25
1719463317501,232.6,100
1719463317672,232.0,75
1719463318472,231.9,50
1719463318472,231.9,50
1719463319841,232.3,25
1719463319841,232.3,25
1719463329800,233.55,25
1719463329800,233.55,25
1719463331036,231.85,25
1719463331036,231.85,25
1719463358928,236.4,50
1719463359713,236.65,25
1719463360135,236.85,25
1719463360993,237.25,25
1719463361569,236.55,25
1719463362016,237.1,25
1719463362488,235.3,100
1719463363067,234.5,25
1719463363783,233.6,25
1719463364092,233.95,75
1719463364760,235.3,25
1719463364760,235.3,25
1719463366011,234.7,25
1719463366011,234.7,25
1719463366988,234.85,25
1719463366988,234.85,25
1719463367920,234.0,100
1719463367920,234.0,100
1719463368930,235.3,50
1719463368930,235.3,50
1719463370044,235.85,200
1719463370570,235.25,25
1719463370702,234.95,50
1719463371576,236.0,25
1719463371907,236.0,100
1719463372649,236.25,25
1719463372938,236.65,150
1719463373982,236.65,50
1719463374187,236.55,25
1719463379020,234.6,25
1719463379960,233.2,175
1719463380389,233.55,25
1719463381197,232.6,25
1719463381350,232.1,25
1719463381764,231.05,25
1719463383026,231.35,25
1719463383268,230.65,25
1719463383930,230.05,25
1719463384326,230.75,25
1719463385025,232.1,25
1719463385435,232.0,175
1719463385435,232.0,175
1719463387095,233.2,75
1719463388000,231.9,25
1719463388151,232.2,25
1719463388996,231.35,25
1719463388996,231.35,25
1719463389806,232.1,75
1719463390567,231.95,100
1719463390892,231.5,25
1719463392098,229.25,25
1719463392235,229.7,50
1719463393065,230.7,25
1719463393065,230.7,25
1719463394069,229.7,25
1719463394152,230.2,100
1719463395114,229.0,50
1719463395407,229.1,50
1719463395877,229.2,25
1719463396469,229.3,50
1719463397088,229.45,50
1719463397803,229.35,75
1719463398105,229.1,200
1719463399044,228.75,50
1719463400065,230.15,25
1719463400254,229.6,100
1719463401079,229.55,50
1719463401079,229.55,50
1719463402061,228.75,150
1719463402216,228.6,25
1719463402864,229.05,25
1719463403404,229.7,25
1719463403989,228.95,125
1719463404887,228.65,25
1719463404887,228.65,25
1719463405819,227.8,100
1719463407111,225.8,100
1719463407292,224.45,150
1719463408112,224.8,75
1719463408841,223.7,50
1719463409044,223.9,50
1719463410043,223.2,250
1719463410314,222.45,25
1719463411138,222.6,225
1719463411309,222.85,75
1719463411495,223.0,25
1719463412103,224.05,50
1719463412419,224.5,75
1719463413078,223.85,25
1719463413468,223.95,25
1719463414108,224.3,25
1719463415126,223.8,175
1719463415329,223.9,25
1719463416084,224.05,25
1719463416403,223.55,25
1719463417039,223.3,250
1719463417415,223.8,25
1719463418075,223.2,75
1719463418926,223.1,25
1719463419957,223.1,225
1719463420180,222.4,25
1719463421097,223.05,25
1719463421324,223.45,75
1719463422128,223.65,75
1719463422900,223.05,50
1719463422900,223.05,50
1719463424037,221.35,25
1719463424037,221.35,25
1719463425260,222.1,50
1719463425260,222.1,50
1719463425879,221.25,25
1719463426742,221.55,25
1719463427106,221.6,25
1719463428141,219.9,25
1719463428327,216.55,25
1719463429341,213.75,50
1719463429934,213.6,75
1719463430109,214.25,25
1719463431134,215.15,50
1719463431520,216.1,25
1719463432143,214.6,25
1719463432938,209.55,25
1719463433114,211.25,25
1719463434348,214.4,25
1719463434701,213.65,200
1719463435148,214.05,25
1719463436125,213.9,25
1719463436334,213.55,25
1719463437222,213.95,25
1719463437553,213.65,50
1719463438035,214.1,25
1719463439139,214.25,50
1719463440101,214.2,25
1719463440531,215.1,200
1719463441312,215.1,25
1719463441558,215.1,25
1719463441721,216.15,25
1719463442112,215.5,25
1719463442982,216.95,25
1719463443278,217.45,50
1719463444090,218.15,25
1719463444284,218.2,25
1719463445055,217.5,25
1719463445488,218.4,150
1719463457310,218.95,25
1719463458106,218.9,25
1719463458471,218.9,100
1719463458694,219.15,25
1719463459512,217.8,25
1719463460120,216.85,100
1719463460976,216.15,50
1719463460976,216.15,50
1719463462021,216.45,75
1719463462256,216.7,25
1719463462882,216.2,50
1719463465810,217.35,50
1719463466698,216.95,100
1719463467046,217.1,25
1719463468035,218.6,25
1719463468035,218.6,25
1719463468769,218.7,25
1719463469199,218.6,25
1719463470028,219.0,200
1719463470579,221.6,25
1719463471132,222.25,25
1719463471423,221.85,50
1719463471826,221.55,25
1719463472386,221.6,75
1719463472744,222.2,25
1719463473453,221.95,25
1719463474150,222.65,25
1719463474997,222.15,25
1719463475062,222.45,175
1719463475355,221.45,25
1719463476275,222.4,25
1719463477154,223.35,50
1719463477400,222.6,25
1719463478016,220.4,100
1719463478784,219.5,25
1719463479080,219.6,125
1719463479822,219.1,25
1719463479822,219.1,25
1719463480750,217.65,25
1719463481482,217.75,25
1719463482130,217.2,25
1719463482766,217.6,50
1719463482766,217.6,50
1719463483565,216.55,75
1719463484437,217.45,25
1719463485142,216.85,50
1719463485592,216.8,50
1719463485761,216.65,25
1719463486719,217.0,25
1719463487118,216.25,50
1719463487939,216.5,75
1719463487939,216.5,75
1719463489151,216.1,25
1719463491212,215.4,50
1719463492055,215.7,25
1719463493039,215.1,25
1719463493079,214.95,75
1719463495001,215.7,75
1719463495770,215.45,25
1719463495770,215.45,25
1719463496886,214.75,25
1719463496886,214.75,25
1719463498020,216.3,25
1719463498609,215.55,75
1719463499002,215.0,25
1719463500107,215.4,25
1719463500107,215.4,25
1719463501162,216.5,25
1719463501514,216.4,50
1719463501646,216.15,75
1719463502177,216.15,150
1719463502795,215.7,75
1719463503077,215.95,25
1719463504154,215.95,50
1719463504376,215.55,25
1719463505087,216.2,150
1719463505463,215.75,25
1719463506144,212.65,200
1719463507215,213.3,25
1719463508145,214.35,200
1719463508860,214.2,175
1719463509107,214.9,25
1719463509551,215.85,25
1719463509551,215.85,25
1719463511112,213.0,25
1719463511981,211.25,125
1719463511981,211.25,125
1719463513119,213.1,25
1719463513688,212.9,200
1719463513904,212.75,50
1719463514958,213.05,50
1719463514958,213.05,50
1719463516369,211.4,25
1719463516436,212.15,200
1719463517172,212.05,25
1719463517635,212.0,25
1719463517993,212.15,25
1719463519024,212.5,25
1719463519024,212.5,25
1719463519855,213.8,25
1719463519855,213.8,25
1719463521019,215.1,25
1719463521722,215.3,125
1719463522070,215.45,25
1719463523064,216.45,75
1719463523214,216.6,25
1719463523676,216.9,25
1719463524719,217.95,25
1719463525142,218.25,100
1719463525986,217.5,25
1719463525986,217.5,25
1719463527132,217.35,150
1719463527259,217.8,25
1719463528028,218.3,25
1719463528897,218.3,75
1719463529264,218.35,100
1719463530159,218.95,25
1719463530802,220.75,25
1719463531050,220.45,150
1719463531280,220.25,25
1719463532175,222.0,25
1719463532297,222.05,25
1719463533167,220.25,50
1719463533698,219.4,25
1719463534144,220.4,50
1719463535105,219.95,25
1719463535274,220.5,25
1719463536097,220.75,125
1719463537185,222.8,75
1719463537250,223.3,25
1719463538211,222.4,25
1719463538831,222.3,75
1719463539077,222.3,75
1719463540144,222.0,25
1719463540668,221.75,25
1719463541281,222.15,550
1719463542165,220.5,25
1719463542165,220.5,25
1719463542916,222.1,25
1719463542916,222.1,25
1719463543923,221.4,100
1719463544446,221.85,50
1719463544970,221.7,25
1719463545472,221.5,50
1719463545472,221.5,50
1719463547250,222.0,50
1719463550193,225.3,100
1719463550740,225.85,75
1719463551205,225.15,25
1719463552125,223.4,25
1719463552337,223.55,100
1719463553080,223.15,25
1719463553930,222.0,75
1719463554030,221.95,75
1719463555386,220.55,125
1719463555386,220.55,125
1719463556006,219.95,125
1719463556933,220.0,25
1719463556933,220.0,25
1719463558144,220.6,50
1719463558144,220.6,50
1719463558443,221.05,25
1719463559285,220.65,50
1719463560152,220.3,50
1719463560485,220.35,25
1719463560485,220.35,25
1719463561405,219.4,250
1719463561728,219.05,75
1719463562126,220.1,50
1719463562786,220.55,25
1719463563092,220.0,25
1719463564125,218.4,250
1719463564282,218.4,25
1719463565206,218.6,325
1719463565487,219.25,50
1719463566190,218.65,25
1719463566698,217.5,25
1719463567164,217.25,25
1719463568130,217.9,50
1719463568130,217.9,50
1719463569189,217.8,150
1719463569189,217.8,150
1719463569891,217.1,25
1719463570548,216.45,125
1719463571131,216.8,25
1719463572047,217.0,25
1719463572047,217.0,25
1719463573091,215.8,25
1719463573600,214.95,75
1719463574199,215.75,25
1719463575141,216.35,50
1719463575141,216.35,50
1719463576227,216.0,100
1719463576886,215.85,25
1719463576886,215.85,25
1719463577897,216.1,25
1719463578285,215.75,50
1719463579105,215.0,150
1719463579105,215.0,150
1719463580118,214.55,25
1719463581136,214.45,25
1719463581302,215.2,75
1719463582228,214.6,75
1719463582541,214.0,50
1719463582687,213.6,75
1719463583733,213.0,25
1719463584214,212.55,75
1719463585147,211.65,100
1719463585406,212.4,500
1719463586060,212.35,25
1719463586860,213.25,50
1719463587074,213.8,150
1719463588188,213.3,125
1719463588551,214.3,50
1719463589048,214.0,50
1719463589826,214.75,75
1719463590736,215.0,25
1719463590736,215.0,25
1719463590736,215.0,25
1719463592186,214.1,75
1719463593136,214.05,25
1719463594210,213.6,200
1719463594364,213.7,25
1719463594364,213.7,25
1719463595936,213.95,100
1719463596012,213.25,25
1719463597279,213.15,25
1719463597751,212.5,25
1719463598005,212.5,25
1719463599434,212.2,25
1719463599869,213.0,25
1719463600830,212.75,50
1719463601095,212.5,25
1719463602205,212.5,100
1719463610796,216.5,25
1719463612122,216.65,50
1719463612845,217.0,25
1719463613532,216.3,25
1719463614179,216.6,50
1719463615212,216.25,75
1719463615292,215.8,25
1719463615292,215.8,25
1719463616731,217.0,175
1719463616731,217.0,175
1719463617984,216.8,25
1719463619025,215.55,25
1719463619838,215.4,25
1719463620051,214.9,25
1719463620700,215.35,25
1719463621247,214.05,25
1719463622198,213.1,100
1719463623089,213.1,25
1719463623089,213.1,25
1719463624250,214.0,25
1719463624850,213.45,25
1719463625124,212.55,25
1719463625942,212.5,100
1719463625942,212.5,100
1719463627198,213.3,25
1719463627390,213.0,175
1719463627862,213.9,25
1719463628846,213.85,25
1719463628846,213.85,25
1719463629849,215.0,50
1719463630519,215.55,200
1719463630948,214.8,175
1719463632209,215.0,100
1719463632209,215.0,100
1719463633242,215.0,25
1719463633423,215.0,25
1719463634013,215.0,500
1719463635048,215.2,25
1719463635048,215.2,25
1719463636206,215.4,50
1719463636577,215.05,25
1719463637242,216.75,25
1719463638018,216.45,25
1719463638018,216.45,25
1719463638754,216.15,50
1719463639328,216.25,25
1719463639503,217.0,25
1719463640649,216.8,475
1719463641254,218.0,50
1719463641849,218.35,25
1719463641849,218.35,25
1719463642694,218.25,25
1719463644156,219.0,25
1719463644490,218.15,25
1719463645237,218.75,25
1719463646059,218.1,25
1719463646059,218.1,25
1719463647153,217.0,100
1719463647500,216.55,25
1719463668760,211.35,250
1719463669226,211.05,25
1719463670166,211.3,25
1719463671085,211.5,500
1719463671701,211.7,25
1719463671701,211.7,25
1719463672948,213.2,25
1719463673220,213.25,25
1719463674143,215.25,25
1719463674240,215.7,25
1719463675233,213.85,25
1719463675549,213.05,25
1719463675818,213.2,25
1719463676696,213.1,25
1719463688264,214.5,25
1719463688537,213.9,25
1719463754769,219.85,25
1719463754932,219.45,25
1719463756234,219.65,50
1719463756234,219.65,50
1719463761281,224.25,75
1719463761481,224.25,100
1719463762284,224.05,25
1719463762994,223.55,25
1719463763465,224.25,25
1719463764313,223.15,50
1719463764393,223.2,250
1719463765327,222.7,125
1719463765798,222.7,50
1719463766310,221.55,125
1719463766738,220.8,25
1719463767329,220.25,25
1719463768131,219.6,250
1719463768449,219.9,25
1719463769107,220.45,25
1719463769959,220.7,50
1719463769959,220.7,50
1719463771128,220.75,25
1719463771128,220.75,25
1719463776335,223.35,25
1719463776335,223.35,25
1719463777224,224.5,50
1719463778341,223.75,25
1719463779294,223.85,25
1719463779491,224.2,25
1719463781257,222.45,225
1719463781913,222.5,25
1719463782384,222.45,25
1719463783133,222.4,25
1719463783725,223.0,25
1719463783725,223.0,25
1719463783725,223.0,25
1719463785228,222.5,25
1719463785563,222.8,50
1719463787126,222.4,50
1719463787126,222.4,50
1719463788385,222.55,175
1719463788846,222.3,100
1719463788846,222.3,100
1719463789623,222.15,100
1719463790185,223.1,50
1719463790737,224.0,100
1719463791965,223.75,25
1719463792673,222.65,25
1719463792673,222.65,25
1719463793644,224.35,100
1719463794273,225.0,75
1719463795145,224.15,75
1719463796348,223.95,75
1719463796348,223.95,75
1719463797128,223.7,100
1719463797653,223.0,375
1719463797653,223.0,375
1719463798544,223.45,100
1719463799152,223.2,50
1719463800169,222.8,100
1719463800169,222.8,100
1719463801297,222.85,25
1719463801512,222.5,25
1719463801723,222.55,25
1719463802888,222.0,75
1719463803279,222.2,25
1719463804062,222.3,50
1719463804062,222.3,50
1719463804614,222.75,175
1719463804614,222.75,175
1719463806359,221.1,25
1719463806724,221.2,50
1719463807233,221.15,75
1719463807700,222.5,200
1719463807700,222.5,200
1719463808516,222.55,25
1719463809073,222.6,25
1719463810122,223.25,25
1719463811356,223.3,50
1719463811414,223.8,200
1719463812221,223.8,25
1719463815967,227.2,25
1719463816301,227.4,25
1719463817313,225.0,50
1719463817403,224.8,25
1719463818333,225.45,25
1719463818966,224.4,25
1719463818966,224.4,25
1719463820326,223.85,125
1719463820591,224.25,25
1719463821082,224.65,25
1719463821957,225.1,75
1719463822132,224.8,75
1719463823247,225.0,50
1719463823881,225.85,25
1719463824567,225.3,25
1719463824824,225.9,25
1719463825460,225.65,25
1719463826306,225.3,25
1719463826877,224.5,50
1719463826877,224.5,50
1719463828322,224.0,250
1719463829277,222.7,25
1719463829732,223.2,25
1719463830306,221.05,25
1719463831171,223.1,25
1719463831464,222.45,25
1719463832360,223.0,25
1719463832669,223.9,25
1719463832669,223.9,25
1719463834319,222.75,100
1719463835011,222.6,50
1719463835011,222.6,50
1719463836295,222.95,25
1719463837325,222.0,100
1719463837656,221.65,25
1719463838067,221.5,50
1719463838873,222.45,25
1719463838873,222.45,25
1719463840350,222.3,25
1719463840350,222.3,25
1719463841288,221.0,175
1719463841495,221.0,25
1719463841495,221.0,25
1719463843114,219.65,100
1719463843392,219.5,25
1719463844058,219.25,25
1719463844755,220.0,50
1719463844755,220.0,50
1719463846221,219.6,25
1719463846221,219.6,25
1719463847117,220.3,25
1719463847752,220.65,25
1719463847752,220.65,25
1719463849130,219.85,50
1719463849130,219.85,50
1719463850282,220.0,25
1719463850282,220.0,25
1719463850985,219.3,25
1719463852233,219.25,25
1719463852320,219.35,25
1719463852966,219.0,25
1719463854083,219.4,50
1719463854878,218.6,25
1719463855078,218.85,25
1719463856611,218.2,50
1719463856891,219.1,25
1719463857825,220.0,200
1719463857825,220.0,200
1719463859158,222.7,25
1719463859158,222.7,25
1719463860246,224.0,175
1719463860902,222.85,25
1719463860902,222.85,25
1719463862266,224.5,25
1719463862722,224.7,25
1719463863187,224.1,25
1719463864181,223.5,25
1719463864181,223.5,25
1719463865081,223.8,50
1719463865607,223.6,25
1719463866226,222.1,25
1719463866639,222.0,50
1719463866639,222.0,50
1719463868135,221.65,25
1719463869368,221.65,25
1719463869850,222.0,25
1719463870210,222.1,25
1719463870747,222.35,25
1719463870747,222.35,25
1719463871774,222.7,25
1719463872402,223.25,75
1719463873259,222.55,25
1719463873259,222.55,25
1719463874381,222.95,25
1719463875098,222.15,25
1719463876396,221.0,25
1719463876795,221.2,25
1719463877210,222.25,25
1719463877734,222.9,25
1719463879180,223.05,50
1719463879180,223.05,50
1719463879937,223.65,75
1719463880570,223.95,25
1719463880906,224.15,25
1719463882372,223.95,75
1719463925075,224.05,25
1719463926087,223.15,25
1719463926437,223.9,50
1719463927199,222.95,25
1719463928121,223.4,25
1719463928924,223.05,75
1719463928924,223.05,75
1719463930270,224.6,25
1719463931086,224.5,25
1719463931482,224.55,150
1719463932401,224.25,25
1719463932931,224.6,25
1719463933400,225.5,50
1719463934200,225.45,25
1719463935401,227.2,25
1719463935737,229.3,25
1719463936193,228.2,25
1719463937018,225.8,25
1719463937399,224.5,50
1719463937991,225.15,25
1719463938560,225.1,25
1719463939367,224.85,25
1719463943588,224.45,25
1719463944487,224.0,25
1719463944487,224.0,25
1719463946176,224.85,25
1719463946176,224.85,25
1719463946995,224.5,50
1719463946995,224.5,50
1719463948628,224.0,25
1719463952596,223.4,100
1719463953357,223.0,25
1719463953668,222.75,600
1719463953668,222.75,600
1719463955431,222.0,25
1719463955831,221.6,25
1719463955831,221.6,25
1719463957127,220.3,25
1719463957208,221.6,500
1719463958278,220.6,125
1719463958278,220.6,125
1719463959203,220.65,75
1719463959919,220.65,150
1719463960444,220.0,25
1719463961025,219.8,50
1719463961815,219.2,25
1719463962817,219.7,25
1719463963453,219.85,25
1719463963453,219.85,25
1719463965352,220.75,25
1719463965352,220.75,25
1719463966317,221.1,25
1719463966317,221.1,25
1719463966998,222.25,75
1719463967679,222.95,25
1719463967679,222.95,25
1719463969231,221.05,25
1719463970136,221.25,25
1719463970136,221.25,25
1719463971423,220.8,25
1719463972326,221.1,75
1719463972326,221.1,75
1719463973441,220.15,25
1719463973591,220.9,475
1719463974440,221.2,25
1719463974472,221.15,50
1719463974472,221.15,50
1719463974472,221.15,50
1719463977042,221.4,25
1719463977474,221.25,100
1719463978434,221.5,100
1719463978434,221.5,100
1719463979415,223.0,75
1719463980086,223.6,25
1719463981552,222.75,75
1719463981828,222.35,25
1719463981828,222.35,25
1719463983060,223.3,50
1719463983060,223.3,50
1719463984535,221.45,200
1719463984957,221.3,25
1719463984957,221.3,25
1719463986614,221.8,25
1719463987264,221.05,25
1719463987264,221.05,25
1719463987909,221.0,25
1719463987909,221.0,25
1719463990221,220.55,75
1719463990221,220.55,75
1719463990723,221.05,25
1719463991009,221.5,25
1719463991527,221.6,25
1719463992357,221.3,100
1719463992659,220.85,25
1719463992659,220.85,25
1719463993699,220.0,200
1719463994415,219.75,50
1719463995128,220.15,100
1719463995128,220.15,100
1719463996799,220.75,75
1719463996980,220.2,25
1719463996980,220.2,25
1719463998529,220.15,25
1719463999113,219.25,25
1719463999113,219.25,25
1719464000669,218.5,225
1719464001356,217.9,25
1719464001356,217.9,25
1719464002464,219.35,75
1719464003199,219.1,50
1719464004371,218.55,25
1719464005262,218.05,25
1719464005759,217.9,125
1719464006458,216.75,50
1719464006520,217.35,25
1719464007240,217.9,25
1719464007240,217.9,25
1719464008450,218.05,75
1719464009485,218.3,25
1719464010194,218.15,25
1719464011554,218.1,25
1719464011554,218.1,25
1719464011554,218.1,25
1719464013151,218.0,75
1719464013151,218.0,75
1719464015572,218.15,25
1719464015919,218.5,75
1719464015919,218.5,75
1719464017493,219.2,75
1719464017537,218.8,25
1719464018485,219.45,75
1719464019466,219.2,25
1719464020394,219.5,25
1719464020592,219.5,25
1719464021632,220.65,25
1719464021821,220.9,50
1719464021821,220.9,50
1719464023449,221.45,50
1719464024303,220.15,75
1719464026400,219.05,125
1719464026998,218.8,25
1719464028477,218.7,25
1719464029508,218.6,25
1719464030442,219.3,75
1719464030606,219.05,25
1719464031433,219.0,25
1719464031433,219.0,25
1719464031433,219.0,25
1719464033159,218.0,25
1719464033159,218.0,25
1719464034216,217.8,200
1719464035184,217.9,150
1719464035850,217.35,25
1719464036148,217.3,75
1719464036991,217.55,100
1719464036991,217.55,100
1719464036991,217.55,100
1719464038292,217.05,25
1719464039217,216.0,75
1719464039364,216.1,25
1719464040426,216.35,25
1719464040426,216.35,25
1719464041484,216.55,75
1719464041650,216.7,25
1719464042157,216.25,25
1719464043408,215.7,75
1719464044503,215.1,25
1719464044888,214.45,25
1719464045335,214.95,25
1719464046179,215.45,25
1719464046461,215.8,75
1719464047543,215.15,25
1719464048482,215.3,25
1719464048796,215.45,50
1719464049311,215.2,25
1719464049624,215.2,25
1719464050472,214.45,25
1719464050522,214.3,50
1719464051380,214.3,25
1719464052297,214.35,75
1719464052354,214.45,25
1719464053453,214.1,25
1719464054457,216.0,25
1719464055399,216.5,50
1719464055537,216.9,25
1719464056421,217.8,100
1719464057055,218.6,125
1719464057351,219.0,200
1719464058033,217.9,25
1719464058429,218.4,25
1719464059508,216.95,50
1719464060375,216.5,25
1719464060906,215.9,25
1719464060906,215.9,25
1719464062336,215.15,25
1719464062336,215.15,25
1719464063370,214.6,25
1719464064492,213.35,75
1719464074053,213.65,100
1719464075105,213.6,75
1719464075105,213.6,75
1719464076194,213.65,75
1719464076482,214.25,25
1719464077441,214.3,25
1719464078376,214.45,25
1719464078376,214.45,25
1719464079186,214.3,25
1719464079186,214.3,25
1719464080479,213.25,25
1719464080940,214.45,25
1719464081442,214.45,25
1719464082230,213.6,25
1719464082230,213.6,25
1719464083397,213.35,25
1719464083771,213.0,400
1719464084708,212.5,25
1719464088481,210.9,225
1719464089544,211.75,150
1719464090198,211.4,25
1719464091127,211.75,50
1719464091308,212.25,25
1719464092500,214.2,25
1719464093521,215.6,25
1719464093638,215.0,75
1719464094427,217.05,25
1719464094831,217.85,25
1719464095450,216.45,25
1719464096407,217.0,50
1719464097430,217.55,100
1719464097430,217.55,100
1719464098422,215.85,125
1719464098422,215.85,125
1719464099326,215.0,25
1719464100111,215.35,25
1719464100111,215.35,25
1719464101124,215.0,100
1719464101124,215.0,100
1719464101766,215.2,25
1719464101766,215.2,25
1719464120151,217.4,25
1719464120622,218.0,25
1719464120861,218.0,25
1719464122238,217.7,25
1719464122238,217.7,25
1719464123558,216.85,25
1719464123558,216.85,25
1719464124390,216.2,50
1719464125029,216.4,25
1719464125432,217.25,50
1719464125432,217.25,50
1719464126961,217.05,25
1719464127213,216.35,25
1719464127533,217.1,25
1719464127776,216.8,25
1719464127776,216.8,25
1719464129499,216.8,100
1719464129499,216.8,100
1719464130144,217.3,25
1719464130657,217.65,25
1719464166967,215.4,25
1719464167771,216.15,200
1719464167771,216.15,200
1719464169413,216.8,25
1719464169552,216.55,25
1719464170515,217.1,75
1719464170515,217.1,75
1719464171519,217.2,175
1719464171712,217.25,25
1719464172176,216.95,175
1719464172176,216.95,175
1719464173578,217.55,25
1719464174468,216.15,25
1719464174711,217.05,25
1719464175392,216.75,25
1719464175842,217.3,25
1719464176235,216.55,25
1719464177127,214.9,25
1719464177794,215.3,25
1719464179115,216.05,25
1719464179168,216.25,50
1719464180597,217.45,25
1719464180702,216.95,125
1719464180702,216.95,125
1719464182535,218.15,150
1719464183101,218.1,125
1719464183448,218.65,25
1719464205086,216.3,75
1719464206486,217.15,25
1719464206649,217.05,25
1719464207554,217.7,25
1719464207740,217.7,25
1719464208427,218.8,50
1719464208427,218.8,50
1719464209716,218.85,25
1719464210504,218.9,200
1719464210504,218.9,200
1719464211333,219.25,25
1719464212184,218.3,75
1719464212184,218.3,75
1719464212836,218.15,25
1719464214593,218.3,25
1719464214593,218.3,25
1719464215283,218.2,25
1719464215283,218.2,25
1719464216605,218.3,25
1719464217127,219.0,125
1719464217127,219.0,125
1719464218274,220.0,75
1719464218274,220.0,75
1719464219610,222.0,100
1719464220120,222.2,75
1719464220587,222.85,25
1719464221623,222.0,25
1719464221744,221.65,25
1719464222390,222.05,25
1719464223249,222.1,175
1719464223249,222.1,175
1719464224581,222.0,25
1719464224581,222.0,25
1719464225477,222.45,25
1719464226087,224.0,25
1719464226087,224.0,25
1719464228498,225.3,25
1719464229549,226.25,25
1719464229764,226.2,25
1719464230615,227.15,25
1719464230986,227.45,25
1719464232361,228.4,25
1719464232623,227.2,25
1719464233467,225.45,100
1719464234010,226.95,100
1719464234425,226.4,50
1719464235016,226.7,125
1719464235615,225.8,25
1719464236597,227.0,50
1719464237587,226.15,75
1719464237816,226.05,25
1719464238518,227.25,25
1719464238518,227.25,25
1719464239533,226.65,25
1719464239533,226.65,25
1719464240545,226.55,50
1719464241631,226.35,25
1719464242333,226.0,25
1719464242815,226.35,25
1719464243416,226.45,50
1719464244136,226.9,25
1719464244594,228.2,25
1719464245556,227.9,25
1719464246396,227.15,25
1719464247581,230.7,50
1719464248229,232.9,25
1719464248599,234.85,25
1719464249607,236.2,25
1719464249758,234.0,50
1719464250588,233.05,25
1719464251459,235.25,25
1719464251596,234.35,100
1719464252577,234.8,25
1719464252577,234.8,25
1719464253609,236.4,25
1719464253810,236.4,325
1719464254785,236.4,575
1719464255254,235.2,75
1719464255462,235.15,75
1719464256626,235.4,50
1719464256854,235.35,25
1719464257585,236.15,25
1719464258148,237.4,25
1719464258536,237.55,25
1719464259493,237.6,25
1719464259732,236.85,100
1719464260595,235.55,125
1719464261628,235.45,25
1719464261662,235.55,25
1719464262538,235.95,150
1719464263003,235.7,25
1719464263620,236.75,300
1719464264238,236.7,50
1719464264238,236.7,50
1719464265600,236.45,25
1719464266527,236.25,50
1719464266854,235.7,100
1719464267569,235.85,25
1719464268057,237.0,50
1719464268414,237.2,200
1719464269455,236.85,25
1719464269541,236.55,25
1719464270625,236.7,175
1719464270897,236.55,25
1719464271515,236.15,25
1719464271706,235.95,50
1719464272435,234.35,25
1719464273071,235.7,500
1719464273630,235.4,125
1719464274317,235.05,25
1719464275559,234.7,25
1719464275866,235.45,25
1719464291400,236.95,25
1719464291462,237.25,175
1719464292496,239.75,25
1719464292920,239.9,25
1719464293652,239.7,100
1719464294527,239.35,25
1719464294601,240.25,50
1719464295594,237.9,75
1719464295594,237.9,75
1719464296430,237.7,125
1719464297034,236.85,25
1719464297605,238.4,50
1719464298527,237.8,25
1719464298527,237.8,25
1719464299383,239.2,25
1719464299912,239.15,100
1719464300617,237.7,25
1719464300882,237.5,100
1719464301488,237.15,25
1719464301488,237.15,25
1719464302657,237.65,25
1719464303245,237.95,25
1719464303245,237.95,25
1719464304534,238.7,25
1719464304534,238.7,25
1719464305354,239.25,25
1719464305896,237.95,100
1719464306754,236.6,25
1719464307541,238.9,175
1719464308350,238.4,25
1719464308350,238.4,25
1719464309643,240.55,25
1719464309913,240.55,25
1719464310556,242.75,100
1719464311115,241.25,25
1719464311613,241.6,25
1719464311613,241.6,25
1719464312512,241.65,25
1719464312636,242.05,25
1719464313617,241.5,25
1719464313739,242.45,25
1719464314606,243.85,25
1719464315153,243.4,25
1719464315646,243.75,25
1719464316628,243.35,25
1719464316750,243.4,25
1719464317386,244.05,100
1719464317922,243.9,25
1719464318578,243.35,100
1719464319128,243.1,25
1719464319523,243.45,175
1719464320447,245.0,25
1719464320591,244.85,25
1719464321662,245.05,50
1719464321909,244.15,25
1719464322468,244.35,25
1719464322975,243.85,25
1719464323636,245.35,50
1719464324103,245.0,25
1719464324609,244.05,75
1719464325267,243.9,25
1719464325573,243.05,375
1719464326550,244.05,75
1719464326644,244.2,50
1719464327738,241.65,25
1719464328631,240.1,25
1719464328864,239.4,50
1719464329680,238.1,25
1719464330273,238.65,50
1719464330656,239.55,125
1719464367668,241.4,25
1719464367859,241.1,25
1719464368564,241.7,25
1719464368846,242.0,100
1719464369640,241.1,100
1719464369640,241.1,100
1719464370314,240.7,500
1719464371423,241.5,25
1719464371606,242.0,25
1719464372611,240.85,25
1719464372611,240.85,25
1719464373560,242.35,25
1719464377853,241.2,75
1719464378227,242.0,150
1719464378227,242.0,150
1719464379703,240.95,25
1719464380236,240.0,25
1719464380446,241.3,25
1719464381085,241.65,75
1719464381538,241.1,50
1719464382647,241.15,25
1719464382705,242.75,150
1719464383607,240.65,75
1719464383796,240.7,75
1719464384580,240.6,25
1719464384997,239.85,25
1719464385720,238.9,25
1719464386477,239.25,100
1719464387710,239.4,25
1719464388039,238.35,25
1719464388697,239.95,25
1719464389412,240.1,25
1719464389672,239.7,50
1719464390704,240.2,25
1719464390704,240.2,25
1719464391212,240.85,25
1719464391839,240.9,25
1719464392167,241.35,75
1719464392881,240.0,25
1719464393481,241.1,75
1719464394017,242.0,25
1719464394017,242.0,25
1719464395711,240.6,25
1719464395711,240.6,25
1719464395911,240.55,125
1719464395911,240.55,125
1719464398081,242.95,150
1719464398696,242.45,25
1719464399359,241.55,50
1719464399664,242.0,25
1719464400587,241.2,25
1719464400827,241.2,25
1719464401569,240.0,75
1719464401631,240.0,125
1719464401997,238.8,25
1719464402662,239.2,25
1719464403370,240.2,25
1719464403676,240.5,75
1719464404376,240.95,25
1719464404727,240.9,25
1719464405498,241.95,100
1719464406099,243.1,50
1719464406674,243.2,100
1719464407246,241.85,25
1719464407719,242.2,50
1719464408673,241.7,25
1719464409275,242.05,25
1719464410038,241.95,25
1719464410169,241.25,50
1719464411199,240.4,25
1719464411655,241.45,25
1719464412694,239.95,25
1719464413581,240.0,50
1719464413852,240.1,100
1719464414657,239.9,25
1719464415016,240.55,25
1719464415603,240.8,25
1719464415603,240.8,25
1719464416535,240.05,175
1719464416781,240.2,50
1719464417725,240.8,25
1719464418367,240.8,50
1719464418641,240.45,50
1719464419628,242.45,25
1719464420678,241.5,75
1719464420890,241.65,50
1719464421543,240.5,100
1719464422050,241.3,25
1719464422050,241.3,25
1719464422830,241.0,50
1719464423481,240.85,50
1719464424316,241.55,25
1719464424738,241.6,50
1719464425688,242.5,150
1719464425802,242.45,25
1719464426264,242.8,375
1719464426882,242.7,175
1719464427725,241.75,200
1719464428572,242.0,25
1719464429854,241.2,50
1719464430021,240.8,25
1719464430633,241.4,25
1719464431581,241.75,50
1719464431927,241.7,25
1719464432569,242.4,25
1719464432929,242.15,25
1719464433787,242.1,50
1719464434665,242.6,25
1719464435761,243.4,200
1719464436145,243.15,175
1719464436295,243.3,100
1719464437747,243.55,25
1719464437747,243.55,25
1719464438516,244.9,50
1719464438867,244.95,50
1719464439680,244.0,25
1719464440540,245.05,25
1719464440540,245.05,25
1719464441638,244.45,25
1719464442063,245.0,25
1719464442747,244.65,225
1719464443742,243.9,125
1719464443952,242.85,200
1719464444656,242.4,25
1719464445364,242.55,25
1719464445494,242.55,25
1719464446719,242.8,25
1719464446939,242.7,25
1719464447716,241.1,25
1719464448359,241.55,75
1719464448621,242.0,325
1719464449714,241.35,25
1719464449778,242.35,25
1719464450761,241.8,25
1719464451793,242.2,25
1719464453344,242.55,25
1719464453737,240.35,25
1719464466745,237.5,50
1719464467731,237.75,100
1719464468479,236.8,25
1719464469372,238.5,25
1719464469372,238.5,25
1719464470141,238.55,50
1719464470141,238.55,50
1719464471713,239.3,75
1719464472360,238.7,25
1719464472360,238.7,25
1719464473524,238.85,75
1719464473849,240.0,75
1719464474663,239.7,175
1719464474663,239.7,175
1719464475740,240.25,100
1719464475933,239.95,50
1719464476624,239.5,25
1719464477084,239.35,25
1719464477084,239.35,25
1719464478128,239.25,25
1719464478872,238.4,25
1719464479737,237.9,500
1719464508661,236.1,50
1719464508661,236.1,50
1719464508926,236.4,25
1719464508926,236.4,25
1719464510141,236.75,75
1719464510984,235.5,25
1719464511406,236.45,25
1719464512097,236.8,50
1719464519778,235.2,25
1719464519875,235.8,25
1719464520586,235.15,25
1719464521447,235.4,25
1719464521565,234.25,25
1719464521717,233.85,25
1719464522835,231.65,25
1719464522835,231.65,25
1719464523677,231.2,25
1719464524468,228.85,25
1719464524753,231.25,25
1719464525491,231.5,25
1719464536638,232.7,25
1719464536638,232.7,25
1719464537133,232.35,25
1719464538087,232.3,125
1719464538765,231.25,25
1719464539606,232.15,25
1719464539606,232.15,25
1719464540685,231.5,125
1719464540841,231.9,125
1719464541645,231.25,25
1719464542489,231.65,25
1719464542489,231.65,25
1719464543621,231.2,25
1719464544000,230.65,25
1719464544768,231.3,100
1719464545639,229.9,25
1719464545639,229.9,25
1719464546688,228.9,25
1719464547018,230.1,25
1719464547706,229.65,100
1719464548457,229.9,25
1719464548457,229.9,25
1719464549468,229.45,50
1719464563406,229.2,25
1719464564087,229.0,25
1719464564811,228.5,25
1719464565359,227.65,25
1719464565359,227.65,25
1719464566714,228.05,25
1719464567165,227.4,25
1719464567815,226.75,50
1719464568545,227.55,125
1719464569704,227.8,25
1719464570235,227.45,25
1719464570235,227.45,25
1719464571393,228.2,25
1719464571565,228.3,500
1719464572704,228.0,25
1719464572854,227.9,25
1719464573244,228.25,25
1719464574206,228.95,25
1719464574877,229.1,25
1719464575681,227.9,25
1719464575681,227.9,25
1719464576129,227.0,25
1719464577488,227.95,25
1719464577488,227.95,25
1719464586652,229.0,125
1719464586652,229.0,125
1719464588365,228.8,25
1719464588747,226.55,75
1719464588747,226.55,75
1719464589793,225.0,25
1719464589984,225.35,200
1719464590825,222.4,25
1719464592036,219.0,25
1719464592066,219.05,25
1719464592815,219.1,25
1719464593837,218.05,100
1719464595036,221.05,25
1719464595544,221.1,25
1719464595841,220.15,125
1719464596385,220.6,50
1719464597195,221.6,75
1719464597431,221.5,125
1719464598709,219.7,25
1719464599978,217.9,25
1719464600525,217.15,25
1719464600836,215.5,75
1719464601831,209.6,25
1719464602212,209.05,25
1719464603035,208.8,25
1719464603817,208.8,50
1719464604834,209.75,75
1719464605556,209.7,25
1719464605836,209.85,25
1719464607050,204.5,500
1719464607204,203.0,25
1719464608009,199.85,25
1719464608807,201.05,25
1719464610020,195.15,25
1719464610590,195.5,50
1719464610826,193.8,25
1719464611605,188.9,25
1719464611871,186.0,75
1719464611884,185.55,75
1719464611937,182.75,25
1719464611937,182.75,25
1719464611937,182.75,25
1719464626859,186.1,125
1719464627228,185.9,100
1719464627816,184.4,125
1719464628822,190.45,25
1719464630024,192.4,25
1719464630408,192.15,100
1719464630795,192.25,25
1719464631791,190.05,25
1719464632242,190.65,25
1719464632785,190.55,75
1719464633787,187.4,25
1719464635073,182.7,50
1719464635433,183.95,375
1719464635861,182.45,25
1719464636861,178.25,200
1719464637186,177.6,75
1719464638077,179.65,25
1719464638817,179.1,50
1719464639798,181.45,50
1719464640341,179.95,25
1719464640850,180.35,75
1719464641562,179.35,25
1719464642018,179.6,25
1719464642269,179.9,25
1719464642872,182.0,50
1719464643680,180.9,125
1719464644813,182.85,100
1719464645394,183.25,150
1719464645841,183.0,50
1719464646855,187.6,50
1719464647064,187.45,150
1719464647784,187.65,25
1719464648370,189.85,25
1719464648882,189.0,25
1719464649662,187.4,25
1719464650845,186.0,25
1719464651383,182.9,25
1719464651793,183.75,25
1719464652754,185.35,175
1719464653062,184.05,125
1719464653955,183.0,25
1719464654683,182.5,25
1719464654870,183.05,25
1719464655864,183.2,75
1719464656037,182.35,25
1719464656778,182.2,50
1719464657417,182.5,25
1719464657755,182.35,25
1719464658648,181.75,25
1719464658852,183.3,75
1719464659803,185.7,200
1719464660209,187.8,25
1719464660872,187.4,25
1719464661873,185.7,75
1719464662037,185.75,25
1719464662848,186.8,125
1719464663459,183.7,50
1719464663563,183.95,25
1719464664872,180.2,25
1719464665818,182.7,25
1719464666429,182.75,25
1719464666884,182.8,25
1719464667602,182.15,75
1719464667890,182.8,25
1719464668332,181.15,75
1719464669109,180.15,25
1719464669819,182.0,25
1719464670249,182.65,50
1719464670824,185.35,25
1719464671349,185.45,75
1719464671676,186.9,75
1719464671676,186.9,75
1719464672791,187.5,25
1719464673311,186.8,25
1719464673695,186.4,75
1719464674435,186.4,25
1719464674435,186.4,25
1719464676049,187.35,75
1719464676049,187.35,75
1719464676666,185.9,75
1719464677316,186.7,25
1719464677857,186.85,25
1719464678834,186.05,25
1719464679897,185.65,25
1719464680890,183.7,25
1719464681223,182.4,250
1719464681902,184.45,25
1719464681902,184.45,25
1719464681902,184.45,25
1719464683614,184.05,25
1719464683729,184.3,25
1719464684862,185.4,50
1719464685248,184.65,25
1719464685503,184.65,100
1719464686710,184.9,25
1719464686710,184.9,25
1719464687887,181.8,25
1719464688328,182.9,50
1719464688845,184.9,100
1719464689669,184.7,25
1719464689778,184.15,25
1719464690867,182.75,50
1719464691703,180.7,50
1719464692505,180.35,200
1719464692750,180.05,25
1719464693883,180.65,25
1719464694135,179.15,25
1719464694850,178.45,200
1719464695744,176.7,350
1719464695842,177.6,25
1719464696910,177.35,25
1719464697150,176.5,50
1719464697879,176.8,75
1719464698938,174.45,50
1719464699082,174.55,25
1719464702829,169.35,25
1719464703882,169.85,100
1719464704913,168.85,25
1719464705564,169.8,25
1719464705846,170.9,25
1719464711799,175.8,50
1719464712158,177.1,25
1719464713011,175.9,25
1719464713723,176.25,25
1719464713723,176.25,25
1719464714898,178.45,25
1719464715567,180.95,25
1719464715877,181.45,125
1719464716804,180.0,100
1719464716982,180.6,25
1719464717878,179.3,150
1719464718561,179.3,25
1719464718652,179.8,200
1719464719751,178.45,25
1719464720039,178.95,25
1719464720773,179.0,50
1719464721765,176.85,175
1719464721904,176.9,25
1719464723083,174.45,75
1719464723285,174.35,25
1719464723916,174.65,50
1719464724945,175.8,25
