time,price,volume
1719461503685,2.55,75
1719461504573,2.55,600
1719461504896,2.55,25
1719461505666,2.55,25
1719461505767,2.55,25
1719461506656,2.55,25
1719461506730,2.55,25
1719461507671,2.55,25
1719461507988,2.5,25
1719461508672,2.55,25
1719461509147,2.55,25
1719461509900,2.5,100
1719461510566,2.55,25
1719461510680,2.55,25
1719461511794,2.5,125
1719461512690,2.55,200
1719461512975,2.55,925
1719461513895,2.55,25
1719461513963,2.55,25
1719461514686,2.55,25
1719461514986,2.55,25
1719461515671,2.55,25
1719461516185,2.5,25
1719461516664,2.45,1375
1719461517377,2.5,25
1719461517881,2.5,25
1719461518603,2.5,325
1719461518637,2.5,500
1719461519466,2.55,1700
1719461519466,2.55,1700
1719461519466,2.55,1700
1719461520754,2.55,200
1719461521473,2.55,100
1719461521765,2.55,125
1719461522669,2.5,25
1719461523736,2.55,25
1719461523736,2.55,25
1719461524434,2.55,25
1719461524951,2.55,100
1719461525609,2.55,25
1719461526712,2.6,25
1719461526976,2.55,675
1719461527508,2.6,50
1719461528000,2.6,50
1719461528630,2.6,50
1719461528990,2.6,75
1719461529692,2.6,600
1719461530120,2.6,25
1719461530407,2.6,25
1719461530407,2.6,25
1719461531404,2.65,25
1719461531404,2.65,25
1719461531919,2.65,25
1719461532752,2.6,675
1719461533617,2.6,25
1719461533973,2.65,25
1719461533973,2.65,25
1719461535548,2.6,25
1719461536507,2.65,25
1719461536883,2.65,25
1719461537682,2.65,25
1719461538003,2.65,50
1719461538448,2.6,250
1719461539000,2.6,25
1719461539353,2.6,1600
1719461539554,2.65,500
1719461540511,2.65,25
1719461540708,2.7,200
1719461541683,2.65,600
1719461542000,2.65,25
1719461542634,2.7,100
1719461543000,2.65,50
1719461543607,2.7,75
1719461544013,2.7,350
1719461544435,2.7,250
1719461545005,2.7,75
1719461545005,2.7,75
1719461545920,2.8,25
1719461546588,2.75,25
1719461546588,2.75,25
1719461547843,2.75,25
1719461548713,2.7,25
1719461548832,2.7,25
1719461549665,2.75,25
1719461550090,2.75,25
1719461550842,2.75,100
1719461551637,2.75,25
1719461551778,2.75,25
1719461552598,2.75,25
1719461552598,2.75,25
1719461553694,2.7,25
1719461553939,2.75,25
1719461554656,2.75,25
1719461555042,2.75,1550
1719461555690,2.7,75
1719461555893,2.75,25
1719461556671,2.75,25
1719461557104,2.75,100
1719461557363,2.75,25
1719461557612,2.7,450
1719461558442,2.7,25
1719461558920,2.7,25
1719461559406,2.7,25
1719461559685,2.7,300
1719461560710,2.7,25
1719461560788,2.7,25
1719461561687,2.7,25
1719461562697,2.7,25
1719461562767,2.7,25
1719461563655,2.7,25
1719461563655,2.7,25
1719461564712,2.75,25
1719461564859,2.75,25
1719461565699,2.75,25
1719461565699,2.75,25
1719461566706,2.7,25
1719461566706,2.7,25
1719461567445,2.75,300
1719461568023,2.75,25
1719461568779,2.75,25
1719461569000,2.7,25
1719461569690,2.7,700
1719461570000,2.7,50
1719461570361,2.7,25
1719461570633,2.75,25
1719461571682,2.75,25
1719461572349,2.7,25
1719461572798,2.75,250
1719461573646,2.7,250
1719461573646,2.7,250
1719461574699,2.75,25
1719461575044,2.7,25
1719461575719,2.75,75
1719461575968,2.75,375
1719461576721,2.7,25
1719461577265,2.75,25
1719461577424,2.7,25
1719461577817,2.7,600
1719461578418,2.7,175
1719461578726,2.65,325
1719461579731,2.7,25
1719461579871,2.7,25
1719461580096,2.7,75
1719461580728,2.7,25
1719461580859,2.7,25
1719461581726,2.7,25
1719461581864,2.7,25
1719461582693,2.7,25
1719461582838,2.7,25
1719461583717,2.7,25
1719461584080,2.7,25
1719461584724,2.7,25
1719461585273,2.7,25
1719461585650,2.7,25
1719461586885,2.75,25
1719461587739,2.75,50
1719461587739,2.75,50
1719461588683,2.75,1050
1719461588891,2.8,25
1719461589717,2.8,350
1719461590000,2.8,25
1719461590699,2.85,75
1719461591148,2.85,100
1719461591359,2.8,25
1719461592288,2.8,1325
1719461592485,2.8,775
1719461592720,2.8,325
1719461593710,2.8,100
1719461594654,2.8,150
1719461594808,2.8,175
1719461595640,2.75,1750
1719461596057,2.75,100
1719461596685,2.75,125
1719461597071,2.75,150
1719461597686,2.7,250
1719461597793,2.7,1450
1719461598452,2.75,25
1719461599000,2.75,25
1719461599634,2.75,100
1719461600316,2.7,850
1719461600640,2.7,25
1719461600891,2.75,75
1719461601641,2.7,75
1719461601641,2.7,75
1719461602690,2.75,25
1719461603743,2.7,25
1719461603887,2.7,50
1719461604726,2.75,100
1719461604726,2.75,100
1719461605726,2.7,25
1719461606113,2.7,25
1719461606722,2.7,175
1719461606722,2.7,175
1719461607610,2.8,50
1719461607610,2.8,50
1719461608502,2.75,475
1719461609050,2.75,25
1719461609552,2.75,350
1719461610112,2.75,50
1719461610760,2.75,75
1719461610902,2.75,1175
1719461611760,2.75,350
1719461611990,2.75,275
1719461612724,2.75,100
1719461613017,2.75,300
1719461613724,2.7,1050
1719461614120,2.75,350
1719461614624,2.75,400
1719461615315,2.7,50
1719461615370,2.75,400
1719461615662,2.75,50
1719461616750,2.75,300
1719461617730,2.75,350
1719461618749,2.75,25
1719461618912,2.75,250
1719461619240,2.75,350
1719461619850,2.75,350
1719461620680,2.75,50
1719461620680,2.75,50
1719461621711,2.7,975
1719461622048,2.7,250
1719461622744,2.7,50
1719461623126,2.75,50
1719461623668,2.75,25
1719461624016,2.75,25
1719461624908,2.7,25
1719461625324,2.7,25
1719461625753,2.7,25
1719461626315,2.7,25
1719461626763,2.7,25
1719461627294,2.7,25
1719461627712,2.7,25
1719461628762,2.65,25
1719461628930,2.65,25
1719461629718,2.65,25
1719461629930,2.6,25
1719461630714,2.65,25
1719461631138,2.65,25
1719461631716,2.65,25
1719461632142,2.7,25
1719461632766,2.65,25
1719461633110,2.65,350
1719461633920,2.65,350
1719461634328,2.6,100
1719461634630,2.65,125
1719461635293,2.65,50
1719461635600,2.7,475
1719461636110,2.65,75
1719461636741,2.6,50
1719461636963,2.65,25
1719461636963,2.65,25
1719461637668,2.65,25
1719461638662,2.65,200
1719461638938,2.6,50
1719461638938,2.6,50
1719461640009,2.6,100
1719461640009,2.6,100
1719461640626,2.6,500
1719461640830,2.6,1200
1719461641775,2.6,150
1719461641775,2.6,150
1719461642247,2.65,75
1719461642247,2.65,75
1719461643489,2.65,250
1719461643489,2.65,250
1719461644075,2.65,125
1719461644962,2.65,25
1719461645760,2.65,225
1719461645949,2.7,25
1719461646548,2.7,25
1719461647250,2.65,25
1719461647250,2.65,25
1719461647250,2.65,25
1719461648229,2.65,100
1719461648610,2.65,100
1719461649512,2.7,25
1719461650780,2.65,25
1719461651840,2.7,25
1719461652781,2.7,100
1719461653165,2.6,900
1719461653445,2.6,25
1719461654374,2.65,25
1719461654631,2.65,50
1719461655290,2.65,25
1719461655766,2.65,25
1719461656571,2.65,50
1719461656571,2.65,50
1719461657458,2.6,25
1719461658130,2.65,25
1719461658130,2.65,25
1719461658130,2.65,25
1719461659778,2.7,50
1719461659964,2.7,25
1719461660526,2.65,200
1719461660945,2.65,50
1719461661434,2.75,25
1719461662130,2.75,100
1719461662530,2.75,500
1719461662893,2.75,100
1719461663788,2.75,25
1719461663929,2.7,25
1719461664587,2.7,150
1719461664985,2.7,200
1719461665788,2.75,200
1719461665933,2.75,250
1719461666670,2.75,25
1719461667113,2.75,25
1719461667632,2.75,250
1719461668210,2.75,50
1719461668656,2.75,50
1719461669114,2.75,100
1719461669765,2.8,150
1719461670045,2.75,125
1719461670760,2.75,575
1719461670760,2.75,575
1719461671691,2.75,25
1719461672271,2.75,25
1719461672445,2.75,250
1719461672445,2.75,250
1719461673409,2.75,100
1719461674698,2.7,125
1719461674917,2.7,175
1719461675770,2.7,50
1719461676023,2.7,25
1719461676432,2.65,200
1719461676911,2.7,50
1719461677794,2.65,125
1719461678335,2.7,750
1719461678613,2.7,25
1719461678796,2.7,25
1719461679634,2.7,425
1719461679847,2.7,25
1719461680803,2.7,25
1719461681123,2.65,50
1719461681762,2.7,25
1719461682210,2.65,350
1719461683000,2.65,50
1719461683532,2.6,750
1719461684047,2.6,175
1719461684649,2.6,25
1719461685160,2.65,25
1719461685160,2.65,25
1719461686380,2.6,25
1719461686380,2.6,25
1719461686380,2.6,25
1719461687741,2.6,25
1719461688138,2.65,75
1719461688815,2.65,75
1719461689217,2.6,25
1719461689677,2.6,75
1719461690056,2.6,25
1719461690760,2.6,25
1719461690760,2.6,25
1719461691762,2.6,175
1719461692033,2.6,150
1719461692725,2.6,25
1719461693112,2.6,25
1719461693633,2.65,50
1719461694112,2.65,100
1719461694557,2.65,200
1719461694763,2.65,25
1719461695821,2.65,275
1719461696817,2.65,25
1719461696871,2.65,25
1719461697776,2.65,25
1719461697960,2.65,350
1719461698684,2.65,150
1719461699179,2.7,350
1719461699770,2.65,125
1719461700017,2.6,25
1719461700983,2.6,100
1719461701210,2.65,75
1719461701809,2.6,100
1719461702737,2.65,25
1719461703177,2.6,525
1719461703827,2.6,350
1719461703906,2.65,175
1719461704652,2.6,25
1719461704924,2.65,75
1719461705918,2.6,1200
1719461706173,2.6,1550
1719461706550,2.65,350
1719461707434,2.6,75
1719461707605,2.65,75
1719461707809,2.7,50
1719461708714,2.65,250
1719461708949,2.65,425
1719461709833,2.65,100
1719461710049,2.6,1000
1719461710906,2.6,25
1719461711263,2.6,750
1719461711712,2.6,125
1719461712089,2.6,200
1719461712780,2.6,25
1719461713407,2.65,400
1719461713810,2.65,350
1719461714050,2.65,150
1719461715075,2.65,125
1719461715817,2.6,350
1719461716043,2.65,25
1719461716750,2.65,25
1719461717270,2.65,25
1719461717829,2.65,25
1719461718485,2.65,25
1719461718780,2.65,25
1719461719456,2.65,25
1719461719680,2.55,125
1719461719752,2.6,25
1719461720790,2.6,25
1719461721075,2.6,25
1719461721800,2.6,25
1719461722261,2.6,25
1719461722817,2.6,25
1719461723078,2.6,25
1719461723791,2.6,25
1719461724106,2.6,25
1719461724785,2.6,25
1719461725275,2.6,25
1719461725819,2.6,25
1719461726499,2.55,25
1719461726685,2.55,25
1719461726791,2.55,25
1719461727762,2.6,25
1719461728093,2.6,25
1719461728816,2.6,25
1719461729084,2.6,25
1719461729790,2.6,25
1719461730083,2.55,25
1719461730313,2.55,50
1719461730802,2.55,25
1719461731482,2.55,25
1719461732016,2.5,75
1719461732500,2.45,25
1719461732781,2.45,25
1719461733496,2.5,25
1719461733805,2.5,25
1719461734890,2.4,1025
1719461735002,2.45,25
1719461735822,2.45,25
1719461736090,2.45,50
1719461736810,2.45,150
1719461737303,2.45,25
1719461737805,2.45,25
1719461738521,2.45,75
1719461738697,2.45,25
1719461739018,2.4,475
1719461739835,2.4,600
1719461740807,2.4,25
1719461740851,2.45,25
1719461741814,2.45,25
1719461742113,2.45,25
1719461742845,2.4,525
1719461743276,2.45,25
1719461743842,2.4,200
1719461744273,2.45,75
1719461744830,2.45,1700
1719461745519,2.45,25
1719461745995,2.4,925
1719461746705,2.45,25
1719461746782,2.45,25
1719461747916,2.35,1075
1719461748762,2.4,25
1719461748932,2.35,875
1719461749820,2.4,350
1719461750084,2.4,25
1719461750787,2.4,25
1719461751304,2.4,25
1719461752110,2.35,350
1719461752841,2.35,25
1719461753322,2.35,75
1719461753831,2.35,25
1719461754510,2.35,50
1719461755035,2.35,25
1719461755276,2.35,25
1719461755845,2.3,950
1719461756531,2.3,125
1719461756852,2.3,100
1719461757796,2.35,1050
1719461758305,2.3,75
1719461758924,2.35,1625
1719461759130,2.35,350
1719461759667,2.3,650
1719461760069,2.3,100
1719461760330,2.35,25
1719461760844,2.3,125
1719461761313,2.35,900
1719461761773,2.35,100
1719461762361,2.35,75
1719461763031,2.35,75
1719461768712,2.3,200
1719461769043,2.35,50
1719461769855,2.35,75
1719461769855,2.35,75
1719461770919,2.3,25
1719461771721,2.3,25
1719461772114,2.35,275
1719461772826,2.35,25
1719461773004,2.3,50
1719461774000,2.3,50
1719461774124,2.35,50
1719461774609,2.3,25
1719461775343,2.35,75
1719461775676,2.35,575
1719461776113,2.35,800
1719461776800,2.3,150
1719461777302,2.35,25
1719461778005,2.35,75
1719461778548,2.35,800
1719461778701,2.35,200
1719461793056,2.3,25
1719461793545,2.25,50
1719461793670,2.3,25
1719461793670,2.3,25
1719461794640,2.25,150
1719461795135,2.3,25
1719461796013,2.25,50
1719461796013,2.25,50
1719461796835,2.3,25
1719461797007,2.3,25
1719461797793,2.3,25
1719461798128,2.3,100
1719461799069,2.3,25
1719461799376,2.25,50
1719461799862,2.25,375
1719461800359,2.25,100
1719461800646,2.25,200
1719461801396,2.25,25
1719461801856,2.25,25
1719461802292,2.25,50
1719461802719,2.2,225
1719461803467,2.2,100
1719461803604,2.25,25
1719461804000,2.2,50
1719461804846,2.25,1250
1719461805860,2.25,25
1719461806000,2.2,25
1719461806846,2.25,100
1719461806945,2.2,25
1719461807651,2.2,100
1719461808160,2.25,100
1719461808820,2.25,475
1719461809104,2.2,25
1719461809729,2.25,25
1719461810147,2.25,125
1719461811000,2.2,50
1719461811348,2.25,75
1719461811735,2.2,325
1719461812310,2.25,400
1719461812778,2.2,25
1719461813109,2.2,25
1719461813581,2.25,100
1719461814535,2.25,500
1719461814802,2.25,75
1719461814866,2.2,250
1719461817911,2.25,25
1719461818299,2.25,25
1719461818819,2.25,25
1719461860181,2.3,150
1719461861590,2.3,50
1719461862275,2.25,200
1719461862727,2.3,25
1719461863252,2.3,50
1719461863852,2.35,75
1719461864225,2.3,25
1719461864893,2.3,25
1719461865204,2.3,25
1719461865900,2.3,25
1719461872887,2.35,175
1719461873481,2.3,25
1719461873900,2.35,25
1719461874508,2.3,100
1719461874508,2.3,100
1719461875100,2.35,25
1719461875687,2.35,25
1719461876300,2.35,25
1719461876722,2.3,25
1719461877215,2.35,125
1719461877636,2.3,500
1719461878482,2.35,75
1719461879101,2.35,100
1719461879101,2.35,100
1719461879906,2.3,25
1719461880286,2.3,200
1719461880653,2.3,275
1719461881481,2.3,25
1719461881900,2.35,500
1719461882715,2.35,200
1719461882790,2.35,50
1719461883761,2.35,25
1719461884921,2.3,50
1719461885288,2.35,75
1719461885800,2.35,25
1719461886367,2.3,25
1719461886900,2.35,25
1719461887192,2.35,25
1719461887888,2.35,50
1719461888107,2.3,150
1719461888889,2.3,75
1719461889216,2.3,50
1719461889884,2.35,50
1719461890327,2.35,25
1719461890806,2.3,25
1719461891517,2.3,25
1719461891706,2.35,50
1719461892500,2.35,25
1719461892500,2.35,25
1719461893873,2.35,50
1719461893873,2.35,50
1719461894800,2.35,25
1719461895049,2.35,500
1719461895900,2.35,25
1719461896260,2.35,475
1719461897124,2.35,200
1719461897124,2.35,200
1719461897716,2.3,250
1719461898339,2.35,250
1719461898917,2.35,25
1719461899416,2.3,875
1719461899651,2.3,550
1719461900500,2.35,25
1719461900908,2.3,200
1719461901333,2.35,750
1719461901773,2.3,50
1719461902499,2.35,25
1719461903069,2.35,25
1719461903527,2.3,125
1719461903881,2.3,1100
1719461904615,2.3,275
1719461904859,2.3,25
1719461905094,2.3,25
1719461905929,2.3,25
1719461905993,2.3,25
1719461906782,2.35,25
1719461907194,2.35,25
1719461908109,2.3,250
1719461908109,2.3,250
1719461909054,2.35,25
1719461909407,2.3,25
1719461909407,2.3,25
1719461910009,2.35,175
1719461910238,2.3,500
1719461910803,2.35,175
1719461911575,2.4,1000
1719461911752,2.4,50
1719461912468,2.35,525
1719461912468,2.35,525
1719461913500,2.4,25
1719461914002,2.4,75
1719461914293,2.4,75
1719461914707,2.4,50
1719461914951,2.35,1200
1719461915900,2.4,25
1719461916350,2.4,275
1719461916890,2.4,25
1719461917561,2.35,25
1719461917836,2.35,950
1719461918381,2.4,25
1719461918693,2.35,300
1719461919590,2.35,125
1719461919853,2.35,50
1719461920768,2.35,25
1719461920768,2.35,25
1719461920768,2.35,25
1719461921600,2.4,25
1719461922144,2.4,150
1719461922951,2.4,25
1719461923132,2.4,25
1719461923952,2.4,25
1719461924323,2.35,25
1719461924949,2.4,25
1719461925716,2.35,500
1719461925881,2.35,25
1719461926683,2.35,25
1719461926900,2.4,25
1719461927825,2.35,25
1719461927825,2.35,25
1719461928770,2.35,325
1719461929377,2.35,25
1719461929879,2.35,350
1719461930400,2.4,25
1719461930681,2.35,25
1719461931548,2.35,25
1719461931928,2.35,1675
1719461932671,2.35,50
1719461932671,2.35,50
1719461932671,2.35,50
1719461933934,2.35,25
1719461934078,2.35,75
1719461934544,2.4,25
1719461935381,2.35,50
1719461935761,2.35,50
1719461936312,2.35,50
1719461936654,2.35,50
1719461937581,2.35,50
1719461937918,2.35,50
1719461938577,2.4,375
1719461938842,2.35,50
1719461939775,2.35,50
1719461940010,2.35,50
1719461940154,2.35,50
1719461940810,2.35,50
1719461940937,2.35,25
1719461941698,2.35,50
1719461941903,2.35,125
1719461942300,2.4,25
1719461943130,2.35,50
1719461943400,2.4,25
1719461943876,2.35,25
1719461944405,2.35,50
1719461944950,2.35,25
1719461945329,2.35,50
1719461945868,2.35,250
1719461946397,2.35,25
1719461946949,2.35,100
1719461947425,2.3,100
1719461947585,2.3,75
1719461948621,2.35,50
1719461949070,2.35,225
1719461949800,2.35,25
1719461949940,2.3,500
1719461949979,2.3,500
1719461950957,2.3,425
1719461951001,2.35,25
1719461951542,2.3,175
1719461952370,2.3,25
1719461952942,2.3,700
1719461953352,2.35,25
1719461953792,2.35,125
1719461954415,2.3,50
1719461955019,2.3,550
1719461955019,2.3,550
1719461955929,2.3,50
1719461956619,2.3,25
1719461957035,2.3,150
1719461957664,2.3,25
1719461958170,2.25,25
1719461958835,2.3,25
1719461959211,2.3,25
1719461959800,2.3,25
1719461960445,2.2,25
1719461960938,2.2,25
1719461961622,2.2,25
1719461962159,2.2,75
1719461962798,2.25,25
1719461963026,2.25,25
1719461963960,2.2,25
1719461964128,2.25,50
1719461964955,2.25,50
1719461965216,2.25,675
1719461966028,2.25,775
1719461966028,2.25,775
1719461966800,2.25,25
1719461967351,2.2,75
1719461967955,2.25,50
1719461968585,2.2,825
1719461968723,2.2,50
1719461969836,2.2,50
1719461970005,2.2,25
1719461970474,2.2,25
1719461971220,2.2,50
1719461972081,2.2,25
1719461972207,2.25,775
1719461972912,2.25,1800
1719461973381,2.25,1375
1719461973886,2.25,100
1719461974427,2.2,150
1719461974900,2.25,25
1719461975388,2.2,25
1719461975989,2.2,50
1719461976294,2.25,1800
1719461976852,2.25,500
1719461977972,2.15,25
1719461978052,2.15,25
1719461978747,2.2,25
1719461979163,2.2,200
1719461979885,2.2,25
1719461980374,2.2,25
1719461980772,2.2,400
1719461981512,2.2,25
1719461981512,2.2,25
1719461982600,2.25,25
1719461982600,2.25,25
1719461983597,2.2,50
1719461983907,2.15,25
1719461984823,2.15,100
1719461984917,2.2,50
1719461985098,2.15,25
1719461985600,2.2,25
1719461986087,2.2,50
1719461986970,2.15,800
1719461987448,2.15,25
1719461987955,2.15,100
1719461988562,2.15,25
1719461989001,2.2,25
1719461989539,2.15,25
1719461989539,2.15,25
1719461990654,2.2,75
1719461990654,2.2,75
1719461991972,2.2,25
1719461991972,2.2,25
1719461992701,2.15,50
1719461993157,2.15,25
1719461993927,2.2,25
1719461993927,2.2,25
1719461994700,2.2,25
1719461995171,2.15,25
1719461995961,2.15,425
1719461996658,2.2,500
1719461996954,2.15,550
1719461997188,2.15,400
1719461998178,2.15,25
1719461998579,2.15,25
1719461998579,2.15,25
1719461999656,2.15,25
1719461999846,2.2,25
1719462000609,2.2,50
1719462000961,2.2,300
1719462001429,2.2,50
1719462001858,2.2,150
1719462002660,2.15,50
1719462003184,2.2,200
1719462003708,2.2,900
1719462004778,2.15,650
1719462004778,2.15,650
1719462005092,2.2,350
1719462005879,2.2,50
1719462006386,2.15,100
1719462007142,2.1,500
1719462007667,2.15,400
1719462007874,2.1,200
1719462008644,2.05,350
1719462008968,2.05,75
1719462009445,2.05,25
1719462009829,2.05,25
1719462010628,2.05,400
1719462010949,2.05,125
1719462011648,2.05,25
1719462011980,2.05,575
1719462012652,2.05,75
1719462012898,2.1,100
1719462013388,2.1,100
1719462013903,2.05,25
1719462014577,2.1,25
1719462015194,2.1,150
1719462015986,2.1,25
1719462016763,2.05,100
1719462016936,2.1,25
1719462017890,2.05,25
1719462017966,2.05,25
1719462018877,2.1,25
1719462019198,2.05,25
1719462020000,2.05,25
1719462020000,2.05,25
1719462020676,2.05,25
1719462021190,2.05,175
1719462022135,2.05,100
1719462022518,2.05,75
1719462023003,2.05,50
1719462023708,2.05,125
1719462023976,2.05,100
1719462024639,2.1,25
1719462024959,2.05,125
1719462026015,2.05,50
1719462026338,2.05,25
1719462026866,2.05,200
1719462027416,2.05,25
1719462027416,2.05,25
1719462028423,2.05,25
1719462028706,2.05,25
1719462029715,2.1,500
1719462029836,2.05,75
1719462030645,2.05,300
1719462030910,2.05,200
1719462031877,2.1,700
1719462032446,2.05,25
1719462033085,2.1,25
1719462033539,2.05,75
1719462033539,2.05,75
1719462034735,2.05,25
1719462035197,2.1,25
1719462035542,2.05,25
1719462036532,2.05,75
1719462036733,2.05,25
1719462037534,2.1,75
1719462037994,2.1,100
1719462038493,2.1,100
1719462039199,2.05,75
1719462039512,2.05,25
1719462039972,2.05,125
1719462040543,2.1,50
1719462040908,2.1,750
1719462041604,2.1,75
1719462041604,2.1,75
1719462042933,2.05,25
1719462043146,2.05,150
1719462044131,2.05,75
1719462044223,2.05,75
1719462044835,2.1,25
1719462045526,2.05,25
1719462045891,2.05,175
1719462046541,2.1,100
1719462046616,2.1,25
1719462047546,2.1,100
1719462047864,2.05,700
1719462048547,2.05,25
1719462048994,2.05,150
1719462049256,2.1,75
1719462049972,2.05,25
1719462050608,2.05,550
1719462050608,2.05,550
1719462051872,2.1,100
1719462052882,2.1,725
1719462053146,2.1,25
1719462053146,2.1,25
1719462053957,2.05,50
1719462054334,2.1,975
1719462054618,2.1,25
1719462055491,2.1,100
1719462055794,2.05,25
1719462056523,2.1,100
1719462056588,2.1,200
1719462057453,2.1,375
1719462057808,2.05,25
1719462058592,2.05,25
1719462058592,2.05,25
1719462060000,2.1,25
1719462060875,2.1,125
1719462060875,2.1,125
1719462060875,2.1,125
1719462062032,2.1,225
1719462062285,2.05,100
1719462062816,2.05,25
1719462063254,2.05,25
1719462063838,2.1,50
1719462064495,2.15,250
1719462064813,2.1,25
1719462065156,2.1,25
1719462066000,2.15,25
1719462066564,2.1,25
1719462067230,2.15,100
1719462067653,2.1,25
1719462068023,2.15,650
1719462069000,2.15,50
1719462069753,2.1,950
1719462070004,2.1,625
1719462070829,2.1,25
1719462072000,2.15,50
1719462072671,2.1,25
1719462073032,2.1,25
1719462073345,2.1,50
1719462073695,2.1,25
1719462074691,2.1,50
1719462075070,2.15,50
1719462075924,2.15,1250
1719462076000,2.15,50
1719462077042,2.1,25
1719462077146,2.15,25
1719462077704,2.1,25
1719462078334,2.15,525
1719462079014,2.15,200
1719462079369,2.15,50
1719462080043,2.15,1000
1719462080447,2.1,75
1719462081000,2.15,50
1719462081131,2.15,525
1719462082000,2.15,50
1719462082194,2.15,1000
1719462082851,2.15,100
1719462083746,2.15,475
1719462084003,2.15,25
1719462084714,2.15,75
1719462084963,2.15,75
1719462085782,2.15,25
1719462086220,2.1,75
1719462086717,2.1,25
1719462086975,2.15,250
1719462087873,2.1,25
1719462088781,2.1,50
1719462089037,2.15,25
1719462089633,2.15,400
1719462090083,2.15,500
1719462091000,2.1,25
1719462091000,2.1,25
1719462091000,2.1,25
1719462092000,2.15,50
1719462092360,2.15,325
1719462092935,2.15,25
1719462093396,2.15,25
1719462093902,2.2,25
1719462094607,2.15,25
1719462095000,2.15,25
1719462095617,2.15,25
1719462095926,2.15,25
1719462096261,2.15,25
1719462096884,2.15,25
1719462097407,2.15,200
1719462098000,2.15,25
1719462098755,2.2,250
1719462099000,2.15,25
1719462099920,2.15,25
1719462101023,2.15,25
1719462102047,2.15,150
1719462103013,2.15,325
1719462103013,2.15,325
1719462103983,2.15,25
1719462104620,2.2,200
1719462104962,2.2,175
1719462105224,2.15,25
1719462105877,2.15,25
1719462106671,2.2,275
1719462106969,2.15,200
1719462107430,2.15,800
1719462107876,2.15,25
1719462108608,2.15,50
1719462109065,2.15,375
1719462109588,2.15,100
1719462109960,2.15,75
1719462111029,2.15,125
1719462111110,2.1,750
1719462112038,2.15,675
1719462112174,2.1,275
1719462112934,2.1,25
1719462113245,2.1,200
1719462114054,2.15,500
1719462114451,2.1,50
1719462114913,2.1,25
1719462115517,2.15,775
1719462115919,2.1,25
1719462116866,2.1,25
1719462117000,2.15,50
1719462118046,2.1,50
1719462119049,2.15,1000
1719462119206,2.15,500
1719462119962,2.15,25
1719462120469,2.15,75
1719462121017,2.15,25
1719462121355,2.2,150
1719462121961,2.15,25
1719462122464,2.2,50
1719462123013,2.15,25
1719462123464,2.15,250
1719462123986,2.15,25
1719462124280,2.2,250
1719462124967,2.15,25
1719462125855,2.15,100
1719462126041,2.15,125
1719462126670,2.2,25
1719462126670,2.2,25
1719462127102,2.15,25
1719462127988,2.15,25
1719462128729,2.2,1100
1719462129180,2.15,25
1719462129990,2.15,25
1719462130314,2.15,500
1719462130996,2.15,25
1719462130996,2.15,25
1719462132001,2.15,25
1719462132848,2.2,25
1719462133007,2.15,25
1719462133847,2.2,25
1719462134025,2.15,250
1719462134878,2.15,25
1719462135063,2.2,75
1719462135726,2.2,75
1719462136033,2.15,25
1719462136875,2.15,175
1719462137033,2.15,25
1719462137033,2.15,25
1719462138039,2.15,25
1719462138097,2.2,25
1719462139043,2.15,25
1719462139178,2.2,175
1719462140048,2.2,25
1719462140822,2.2,50
1719462141009,2.15,25
1719462141206,2.2,75
1719462141873,2.2,25
1719462142493,2.2,25
1719462143066,2.2,25
1719462143523,2.2,350
1719462143523,2.2,350
1719462144551,2.25,25
1719462144992,2.2,25
1719462145084,2.25,50
1719462145874,2.2,25
1719462146098,2.2,25
1719462146098,2.2,25
1719462147389,2.2,25
1719462147980,2.25,25
1719462148336,2.25,50
1719462148679,2.25,200
1719462149695,2.2,825
1719462150000,2.2,25
1719462150419,2.25,25
1719462150904,2.25,250
1719462151530,2.25,25
1719462152007,2.2,25
1719462152524,2.2,150
1719462153009,2.2,25
1719462153649,2.25,25
1719462154004,2.25,25
1719462154888,2.25,25
1719462155062,2.2,25
1719462155775,2.25,350
1719462155960,2.25,775
1719462157084,2.25,25
1719462157230,2.25,50
1719462157408,2.25,1550
1719462158263,2.2,25
1719462159040,2.25,75
1719462159143,2.2,25
1719462159143,2.2,25
1719462160687,2.2,25
1719462161021,2.2,25
1719462161794,2.25,50
1719462162014,2.25,25
1719462163131,2.3,25
1719462164067,2.3,25
1719462164283,2.3,25
1719462165050,2.25,25
1719462165522,2.25,25
1719462166067,2.25,25
1719462166247,2.25,150
1719462167067,2.25,25
1719462167261,2.25,25
1719462168063,2.25,25
1719462168198,2.25,25
1719462169015,2.3,500
1719462170042,2.3,25
1719462170271,2.35,50
1719462171009,2.35,25
1719462171109,2.3,150
1719462171406,2.35,25
1719462172076,2.3,50
1719462172698,2.25,275
1719462172832,2.25,25
1719462173650,2.3,25
1719462174050,2.25,25
1719462174897,2.25,25
1719462174897,2.25,25
1719462176123,2.25,25
1719462176123,2.25,25
1719462177027,2.25,25
1719462177342,2.25,25
1719462178081,2.3,25
1719462178279,2.3,25
1719462179010,2.3,100
1719462179479,2.35,25
1719462180042,2.3,25
1719462180288,2.3,25
1719462180485,2.35,125
1719462180485,2.35,125
1719462182089,2.35,25
1719462183044,2.3,50
1719462183963,2.35,100
1719462183963,2.35,100
1719462184325,2.3,25
1719462184838,2.35,100
1719462185354,2.3,25
1719462185354,2.3,25
1719462186831,2.3,50
1719462187100,2.3,25
1719462188090,2.35,25
1719462188090,2.35,25
1719462188982,2.3,25
1719462189489,2.3,50
1719462189489,2.3,50
1719462190536,2.35,25
1719462190975,2.35,25
1719462192041,2.3,25
1719462192744,2.3,250
1719462193038,2.35,25
1719462193780,2.3,175
1719462193780,2.3,175
1719462194792,2.3,250
1719462194792,2.3,250
1719462195826,2.3,100
1719462195826,2.3,100
1719462196703,2.3,50
1719462197095,2.35,50
1719462197899,2.3,100
1719462198841,2.3,25
1719462199044,2.3,25
1719462199991,2.35,100
1719462200101,2.3,25
1719462200986,2.3,100
1719462202086,2.25,75
1719462202155,2.25,25
1719462202799,2.3,25
1719462203096,2.25,200
1719462203349,2.3,25
1719462203349,2.3,25
1719462204644,2.25,25
1719462205078,2.25,250
1719462205442,2.25,100
1719462206108,2.25,150
1719462206542,2.2,25
1719462206935,2.25,75
1719462207672,2.2,200
1719462208100,2.2,50
1719462209026,2.2,25
1719462209211,2.2,125
1719462210018,2.2,25
1719462210334,2.25,25
1719462210787,2.25,1625
1719462211592,2.2,25
1719462212285,2.25,25
1719462212656,2.25,75
1719462213022,2.25,50
1719462213821,2.2,125
1719462213821,2.2,125
1719462214926,2.25,50
1719462215089,2.2,25
1719462215982,2.2,25
1719462216075,2.2,50
1719462216894,2.2,75
1719462217215,2.2,25
1719462217292,2.25,25
1719462217885,2.2,25
1719462218436,2.2,75
1719462219111,2.25,25
1719462219455,2.2,75
1719462219968,2.2,75
1719462220556,2.2,100
1719462221000,2.2,50
1719462221574,2.25,25
1719462222059,2.2,25
1719462223122,2.2,50
1719462224034,2.2,175
1719462224093,2.2,50
1719462224871,2.2,25
1719462225121,2.2,25
1719462226117,2.2,25
1719462226156,2.2,50
1719462226454,2.25,75
1719462226819,2.2,25
1719462227379,2.2,250
1719462228000,2.2,25
1719462228504,2.2,400
1719462228739,2.2,25
1719462229747,2.2,25
1719462230091,2.2,25
1719462230781,2.2,25
1719462230781,2.2,25
1719462232060,2.2,375
1719462232799,2.2,25
1719462232799,2.2,25
1719462233967,2.2,25
1719462234068,2.25,375
1719462234781,2.2,25
1719462235173,2.25,50
1719462235511,2.2,25
1719462236019,2.2,25
1719462236920,2.2,25
1719462236920,2.2,25
1719462238107,2.25,75
1719462238107,2.25,75
1719462239071,2.2,25
1719462239071,2.2,25
1719462239071,2.2,25
1719462240035,2.2,25
1719462240122,2.2,25
1719462240554,2.2,25
1719462241008,2.25,75
1719462241828,2.2,25
1719462242287,2.2,25
1719462243073,2.25,50
1719462243078,2.25,50
1719462244000,2.2,25
1719462244226,2.2,25
1719462245000,2.15,50
1719462245438,2.15,1150
1719462246088,2.2,25
1719462246469,2.2,25
1719462247033,2.2,75
1719462247743,2.2,150
1719462248126,2.15,25
1719462248643,2.15,25
1719462249103,2.2,600
1719462249904,2.15,25
1719462251005,2.15,25
1719462251005,2.15,25
1719462251642,2.15,25
1719462252129,2.15,25
1719462252584,2.2,25
1719462252941,2.15,25
1719462253921,2.15,25
1719462254138,2.15,75
1719462254928,2.15,25
1719462255090,2.15,25
1719462255962,2.15,525
1719462256251,2.15,25
1719462257016,2.15,25
1719462257240,2.15,50
1719462258123,2.15,25
1719462258198,2.2,400
1719462258631,2.15,75
1719462259133,2.2,975
1719462259343,2.15,25
1719462260000,2.15,25
1719462260646,2.15,25
1719462261104,2.15,25
1719462261418,2.2,150
1719462261960,2.15,25
1719462263086,2.2,25
1719462263605,2.15,25
1719462264080,2.15,50
1719462265065,2.15,100
1719462265975,2.1,25
1719462266798,2.1,25
1719462267057,2.1,175
1719462268006,2.15,150
1719462268528,2.1,50
1719462270011,2.1,25
1719462270011,2.1,25
1719462270494,2.1,25
1719462271127,2.1,525
1719462271661,2.1,50
1719462272100,2.1,25
1719462272887,2.05,25
1719462272991,2.05,275
1719462273805,2.1,50
1719462274026,2.05,25
1719462275033,2.05,25
1719462276123,2.05,250
1719462276268,2.05,550
1719462276486,2.05,50
1719462277067,2.05,25
1719462277759,2.0,25
1719462278341,2.05,50
1719462278867,2.0,50
1719462279138,2.05,75
1719462279799,2.05,250
1719462280128,2.0,25
1719462281079,2.0,25
1719462282124,2.0,25
1719462282567,2.05,75
1719462284104,2.0,25
1719462285100,2.05,100
1719462285232,2.0,125
1719462285483,2.0,25
1719462286042,2.0,25
1719462286414,2.0,75
1719462287144,2.05,50
1719462287496,2.05,25
1719462288124,2.05,25
1719462288668,2.05,25
1719462289150,2.05,25
1719462289893,2.0,225
1719462290080,2.05,75
1719462291099,2.05,25
1719462292143,2.0,25
1719462292310,2.0,25
1719462292920,2.0,25
1719462293732,2.0,500
1719462294218,1.95,100
1719462294748,1.95,200
1719462294748,1.95,200
1719462295893,1.95,25
1719462296096,1.95,25
1719462297151,1.95,25
1719462298013,2.0,1600
1719462299134,2.0,425
1719462299292,1.95,50
1719462299796,1.95,150
1719462300361,1.95,25
1719462300464,1.95,25
1719462300464,1.95,25
1719462301696,2.0,400
1719462302127,1.95,50
1719462302670,1.95,250
1719462303271,1.95,50
1719462304104,1.95,25
1719462304318,2.0,475
1719462305159,2.0,25
1719462305308,1.95,100
1719462306280,1.95,25
1719462306727,1.95,250
1719462306977,2.0,25
1719462307890,1.95,475
1719462308134,2.0,25
1719462308904,1.95,375
1719462309073,1.95,225
1719462309869,1.95,25
1719462311338,1.95,25
1719462311338,1.95,25
1719462312140,1.95,150
1719462312972,1.9,75
1719462314139,1.95,200
1719462328018,1.9,25
1719462328617,1.95,150
1719462328617,1.95,150
1719462329644,1.9,50
1719462330815,1.9,1400
1719462330815,1.9,1400
1719462331920,1.9,50
1719462332124,1.9,25
1719462332844,1.9,200
1719462333007,1.9,25
1719462334132,1.95,700
1719462334306,1.9,250
1719462334978,1.9,350
1719462335177,1.95,75
1719462336159,1.95,25
1719462337005,1.9,125
1719462337352,1.9,75
1719462338173,1.9,125
1719462338173,1.9,125
1719462339138,1.9,25
1719462339384,1.85,25
1719462339779,1.9,75
1719462340171,1.9,100
1719462340884,1.85,1200
1719462341300,1.85,375
1719462342167,1.85,900
1719462349109,1.85,350
1719462350078,1.9,200
1719462350078,1.9,200
1719462351184,1.9,200
1719462352093,1.9,200
1719462352391,1.9,25
1719462352804,1.9,25
1719462353130,1.85,25
1719462353985,1.9,25
1719462354079,1.9,75
1719462355003,1.85,25
1719462355091,1.9,150
1719462355892,1.9,25
1719462356064,1.85,25
1719462356710,1.85,25
1719462357563,1.9,200
1719462358089,1.9,100
1719462358716,1.85,25
1719462359116,1.85,50
1719462360017,1.85,500
1719462360115,1.9,25
1719462360890,1.9,25
1719462361147,1.9,100
1719462362020,1.85,25
1719462362156,1.85,25
1719462363031,1.9,200
1719462363031,1.9,200
1719462363860,1.9,125
1719462364380,1.9,25
1719462364844,1.9,75
1719462365342,1.9,25
1719462366044,1.9,75
1719462366162,1.9,25
1719462367191,1.9,75
1719462368229,1.95,75
1719462368633,1.9,25
1719462369192,1.9,50
1719462369820,1.9,75
1719462369960,1.9,150
1719462370848,1.9,75
1719462371351,1.9,25
1719462371756,1.85,50
1719462372170,1.85,50
1719462373086,1.85,850
1719462405947,1.8,25
1719462406163,1.85,25
1719462407085,1.85,25
1719462407085,1.85,25
1719462408211,1.85,25
1719462408211,1.85,25
1719462409113,1.8,150
1719462409491,1.85,25
1719462410065,1.85,25
1719462411096,1.8,50
1719462412016,1.8,75
1719462412168,1.8,375
1719462413115,1.8,600
1719462413415,1.8,50
1719462414180,1.8,150
1719462414180,1.8,150
1719462415139,1.8,25
1719462415453,1.75,1000
1719462416319,1.8,500
1719462417409,1.8,50
1719462417931,1.75,300
1719462418220,1.8,175
1719462418925,1.75,50
1719462419400,1.7,150
1719462420134,1.75,250
1719462420363,1.75,250
1719462421218,1.75,50
1719462421546,1.75,50
1719462422237,1.75,25
1719462423116,1.65,400
1719462423374,1.7,25
1719462424150,1.7,250
1719462424343,1.7,50
1719462425341,1.65,250
1719462426331,1.65,50
1719462426395,1.7,50
1719462427226,1.65,825
1719462427950,1.65,50
1719462428197,1.65,50
1719462429236,1.7,25
1719462430126,1.65,50
1719462430434,1.65,50
1719462431103,1.7,100
1719462431356,1.65,50
1719462432213,1.65,50
1719462432505,1.65,325
1719462432717,1.65,75
1719462433203,1.65,50
1719462433898,1.7,25
1719462434425,1.65,50
1719462435165,1.65,50
1719462436175,1.65,50
1719462436300,1.7,25
1719462437344,1.65,50
1719462437432,1.65,50
1719462438209,1.7,75
1719462438353,1.7,75
1719462439224,1.65,125
1719462439321,1.65,50
1719462440247,1.7,500
1719462440553,1.65,50
1719462441393,1.65,50
1719462441960,1.65,100
1719462442206,1.65,375
1719462443168,1.7,250
1719462443424,1.65,50
1719462444246,1.65,25
1719462444364,1.65,200
1719462445210,1.65,25
1719462445353,1.65,50
1719462446220,1.6,50
1719462446367,1.6,50
1719462447399,1.65,350
1719462447756,1.65,1200
1719462448210,1.65,25
1719462448716,1.6,50
1719462449199,1.6,50
1719462450077,1.6,50
1719462450243,1.6,1100
1719462450986,1.65,425
1719462451242,1.6,50
1719462452120,1.6,50
1719462452223,1.6,1600
1719462453388,1.6,100
1719462453435,1.6,25
1719462454253,1.6,25
1719462454387,1.65,50
1719462455213,1.6,50
1719462456785,1.6,50
1719462457259,1.6,50
1719462457989,1.6,25
1719462458432,1.6,50
1719462459234,1.6,50
1719462460264,1.6,25
1719462461261,1.6,50
1719462461396,1.6,50
1719462462392,1.6,150
1719462463424,1.6,250
1719462463566,1.6,50
1719462464245,1.6,1425
1719462464536,1.6,50
1719462465256,1.6,50
1719462465614,1.6,50
1719462466261,1.6,150
1719462466754,1.6,50
1719462467453,1.55,50
1719462467792,1.65,100
1719462468231,1.6,50
1719462469008,1.6,50
1719462469245,1.6,50
1719462470161,1.6,50
1719462470455,1.65,50
1719462471202,1.6,50
1719462471202,1.6,50
1719462472271,1.65,50
1719462472577,1.6,50
1719462473437,1.65,200
1719462474006,1.6,100
1719462474220,1.6,100
1719462475209,1.6,50
1719462476466,1.6,25
1719462477232,1.65,500
1719462477828,1.6,300
1719462478257,1.6,50
1719462479212,1.6,25
1719462479476,1.6,50
1719462480049,1.6,50
1719462480222,1.6,50
1719462480222,1.6,50
1719462481387,1.6,50
1719462481387,1.6,50
1719462482200,1.65,150
1719462482340,1.65,75
1719462483261,1.6,50
1719462483395,1.6,50
1719462486268,1.65,50
1719462486631,1.6,125
1719462487000,1.6,50
1719462487237,1.65,475
1719462488215,1.6,50
1719462488453,1.65,900
1719462489250,1.6,400
1719462489266,1.6,225
1719462490141,1.55,200
1719462490386,1.55,25
1719462491196,1.55,50
1719462491462,1.55,775
1719462492200,1.6,25
1719462492448,1.55,50
1719462493259,1.55,550
1719462493615,1.6,250
1719462494462,1.6,75
1719462494629,1.6,1725
1719462494797,1.55,25
1719462495256,1.55,50
1719462496033,1.55,50
1719462496243,1.6,250
1719462497047,1.55,50
1719462497233,1.55,50
1719462498253,1.6,25
1719462498435,1.55,50
1719462499276,1.55,25
1719462500449,1.6,50
1719462501218,1.6,50
1719462501638,1.6,50
1719462502287,1.6,25
1719462502843,1.6,50
1719462503247,1.6,50
1719462507482,1.65,75
1719462508220,1.6,50
1719462508655,1.65,100
1719462509677,1.65,375
1719462510450,1.6,50
1719462513276,1.6,50
1719462514259,1.6,100
1719462514489,1.6,25
1719462515285,1.6,75
1719462516288,1.65,75
1719462516655,1.6,50
1719462517471,1.6,50
1719462517678,1.6,25
1719462519272,1.6,50
1719462520498,1.65,75
1719462521284,1.6,150
1719462521479,1.65,1000
1719462522264,1.6,50
1719462522676,1.65,50
1719462522849,1.6,200
1719462523275,1.6,100
1719462524300,1.65,25
1719462525257,1.6,50
1719462525491,1.6,50
1719462526273,1.6,50
1719462526683,1.6,50
1719462527258,1.65,100
1719462527700,1.65,25
1719462527898,1.6,25
1719462528316,1.6,275
1719462534919,1.6,50
1719462535268,1.65,25
1719462535902,1.6,50
1719462536293,1.65,125
1719462545319,1.65,25
1719462545911,1.65,25
1719462546452,1.65,50
1719462546927,1.65,25
1719462547297,1.65,100
1719462548098,1.65,25
1719462548303,1.65,25
1719462549137,1.7,25
1719462549509,1.7,25
1719462550325,1.65,75
1719462550520,1.65,25
1719462551310,1.65,25
1719462551506,1.7,50
1719462552528,1.65,25
1719462560278,1.65,25
1719462561258,1.65,25
1719462561507,1.6,50
1719462562293,1.6,50
1719462562510,1.65,75
1719462563290,1.6,25
1719462563726,1.6,25
1719462564510,1.6,50
1719462564687,1.6,50
1719462564900,1.65,25
1719462565304,1.6,75
1719462566156,1.6,25
1719462566324,1.6,50
1719462567353,1.6,150
1719462569288,1.6,400
1719462569513,1.6,400
1719462575307,1.6,75
1719462575556,1.55,50
1719462576326,1.55,50
1719462576761,1.55,50
1719462577164,1.55,25
1719462577530,1.55,25
1719462600532,1.6,975
1719462600804,1.55,200
1719462601698,1.5,25
1719462603223,1.5,50
1719462603306,1.55,25
1719462604426,1.5,50
1719462604512,1.5,50
1719462605329,1.55,25
1719462605413,1.55,25
1719462606329,1.55,25
1719462606600,1.55,25
1719462607520,1.5,50
1719462607607,1.55,25
1719462608347,1.5,50
1719462608582,1.55,25
1719462609503,1.55,25
1719462609816,1.55,50
1719462610225,1.55,25
1719462610313,1.5,50
1719462611329,1.55,25
1719462612301,1.5,50
1719462612396,1.55,25
1719462613410,1.5,25
1719462613484,1.55,25
1719462614285,1.55,25
1719462614370,1.55,25
1719462615293,1.5,1400
1719462615788,1.5,50
1719462616339,1.5,50
1719462616766,1.5,50
1719462617484,1.55,25
1719462617800,1.5,475
1719462618337,1.5,50
1719462619033,1.5,50
1719462619300,1.55,25
1719462620370,1.5,50
1719462621242,1.5,50
1719462621401,1.55,75
1719462622437,1.55,50
1719462622492,1.5,25
1719462623339,1.55,25
1719462623427,1.55,25
1719462624340,1.5,50
1719462624375,1.55,225
1719462625363,1.55,100
1719462625606,1.55,100
1719462625982,1.55,425
1719462626513,1.55,50
1719462627044,1.55,50
1719462627298,1.55,50
1719462628456,1.55,50
1719462629329,1.55,50
1719462629454,1.55,50
1719462630094,1.6,25
1719462630303,1.55,50
1719462630585,1.55,50
1719462631258,1.6,75
1719462631840,1.6,75
1719462632200,1.6,25
1719462632200,1.6,25
1719462632200,1.6,25
1719462633400,1.6,25
1719462634205,1.55,50
1719462634340,1.55,50
1719462635232,1.55,150
1719462635232,1.55,150
1719462636118,1.6,25
1719462636487,1.6,125
1719462637443,1.6,25
1719462638240,1.55,250
1719462638240,1.55,250
1719462639200,1.6,25
1719462639200,1.6,25
1719462640400,1.6,25
1719462640840,1.55,25
1719462640840,1.55,25
1719462641600,1.6,25
1719462642096,1.55,125
1719462642820,1.55,25
1719462643030,1.55,25
1719462643232,1.6,75
1719462644216,1.55,50
1719462644345,1.55,625
1719462645363,1.6,1000
1719462646212,1.55,50
1719462646577,1.6,200
1719462646905,1.55,100
1719462647655,1.5,25
1719462648352,1.5,25
1719462648643,1.5,75
1719462649309,1.55,425
1719462649629,1.55,25
1719462650259,1.5,25
1719462650259,1.5,25
1719462651331,1.5,200
1719462651899,1.5,50
1719462652253,1.55,75
1719462652343,1.55,125
1719462653228,1.55,50
1719462653678,1.55,75
1719462657200,1.55,25
1719462657433,1.55,625
1719462658300,1.55,25
1719462658621,1.55,125
1719462659571,1.55,75
1719462659706,1.55,100
1719462660359,1.55,300
1719462661301,1.55,25
1719462661511,1.55,75
1719462662229,1.55,75
1719462662380,1.55,25
1719462663479,1.55,25
1719462663539,1.55,75
1719462664374,1.55,25
1719462664667,1.5,25
1719462665508,1.55,75
1719462665508,1.55,75
1719462666300,1.55,25
1719462666703,1.55,75
1719462667145,1.5,100
1719462667874,1.55,125
1719462668500,1.55,25
1719462668900,1.55,25
1719462669273,1.55,25
1719462670032,1.55,675
1719462670032,1.55,675
1719462670943,1.55,450
1719462671285,1.55,25
1719462672221,1.55,75
1719462672550,1.55,100
1719462673392,1.55,100
1719462673515,1.5,250
1719462674100,1.55,25
1719462674460,1.55,25
1719462675375,1.5,100
1719462675897,1.5,450
1719462676317,1.5,75
1719462677366,1.5,25
1719462677366,1.5,25
1719462678294,1.55,25
1719462678516,1.5,75
1719462679555,1.5,425
1719462679700,1.55,25
1719462680352,1.5,1400
1719462680938,1.55,75
1719462681386,1.5,50
1719462682128,1.55,50
1719462682314,1.5,25
1719462683561,1.55,25
1719462684300,1.55,50
1719462684642,1.55,25
1719462685567,1.5,475
1719462685567,1.5,475
1719462686236,1.55,50
1719462686700,1.55,25
1719462687297,1.55,50
1719462687742,1.55,50
1719462688299,1.55,50
1719462689146,1.55,300
1719462689193,1.55,75
1719462690345,1.55,125
1719462690345,1.55,125
1719462691375,1.5,200
1719462691500,1.55,25
1719462692234,1.5,25
1719462692708,1.5,25
1719462693500,1.55,25
1719462693622,1.55,275
1719462694375,1.55,275
1719462695247,1.55,25
1719462695377,1.55,400
1719462696000,1.5,50
1719462697279,1.55,375
1719462702708,1.5,125
1719462703338,1.5,25
1719462703566,1.55,50
1719462704581,1.5,600
1719462705399,1.55,25
1719462705617,1.55,175
1719462735551,1.5,25
1719462736397,1.5,25
1719462736831,1.5,25
1719462737597,1.5,25
1719462738001,1.5,25
1719462738352,1.45,800
1719462738928,1.5,25
1719462739200,1.5,25
1719462739407,1.45,25
1719462740524,1.45,25
1719462741386,1.5,25
1719462741802,1.5,25
1719462742397,1.5,25
1719462742754,1.5,250
1719462745352,1.5,25
1719462746011,1.5,25
1719462746208,1.5,100
1719462746621,1.5,200
1719462747420,1.5,150
1719462748400,1.5,25
1719462748596,1.5,25
1719462749438,1.5,25
1719462749634,1.5,25
1719462750051,1.5,25
1719462750556,1.5,25
1719462750797,1.5,1475
1719462751437,1.5,25
1719462751828,1.5,25
1719462752423,1.5,25
1719462753001,1.5,25
1719462753218,1.5,200
1719462753625,1.5,400
1719462754242,1.5,100
1719462754345,1.5,25
1719462755400,1.5,25
1719462755617,1.5,100
1719462756643,1.5,250
1719462756814,1.5,100
1719462757386,1.5,25
1719462758033,1.5,25
1719462758403,1.5,25
1719462758862,1.5,25
1719462759619,1.45,50
1719462760035,1.5,25
1719462760392,1.5,25
1719462767404,1.45,50
1719462768061,1.5,25
1719462768233,1.5,25
1719462768425,1.5,25
1719462769443,1.5,25
1719462769520,1.5,25
1719462770432,1.5,25
1719462770609,1.5,25
1719462771442,1.5,25
1719462771818,1.5,25
1719462772612,1.5,25
1719462773025,1.5,525
1719462773473,1.5,25
1719462774268,1.5,250
1719462774370,1.5,25
1719462775254,1.5,50
1719462775611,1.5,525
1719462776404,1.5,125
1719462776650,1.5,25
1719462777122,1.5,200
1719462777705,1.55,400
1719462778456,1.5,25
1719462778800,1.55,25
1719462779161,1.5,1600
1719462779502,1.5,25
1719462780358,1.55,75
1719462780871,1.55,225
1719462781424,1.5,1200
1719462782042,1.55,225
1719462782437,1.55,300
1719462783585,1.5,50
1719462784444,1.55,100
1719462784623,1.55,25
1719462785439,1.55,100
1719462785800,1.55,25
1719462786591,1.5,100
1719462786988,1.5,25
1719462787156,1.5,25
1719462788091,1.55,850
1719462788358,1.55,875
1719462788956,1.5,25
1719462789420,1.5,25
1719462789420,1.5,25
1719462790382,1.55,200
1719462790382,1.55,200
1719462791331,1.55,200
1719462791835,1.5,250
1719462792657,1.5,25
1719462792753,1.5,1300
1719462793333,1.5,275
1719462794011,1.55,25
1719462794241,1.55,25
1719462794605,1.55,25
1719462795284,1.5,25
1719462795633,1.5,600
1719462796449,1.55,175
1719462796521,1.55,200
1719462797598,1.55,200
1719462797682,1.5,25
1719462798400,1.55,25
1719462798781,1.55,175
1719462799444,1.55,50
1719462799701,1.5,25
1719462800610,1.5,25
1719462800896,1.5,25
1719462801396,1.5,1225
1719462802059,1.5,25
1719462802059,1.5,25
1719462803447,1.5,25
1719462803687,1.5,250
1719462804628,1.45,25
1719462804710,1.5,25
1719462805381,1.5,25
1719462805874,1.5,25
1719462806649,1.5,25
1719462807031,1.5,25
1719462807422,1.45,100
1719462808423,1.5,25
1719462808423,1.5,25
1719462809446,1.5,25
1719462809558,1.5,25
1719462810108,1.5,25
1719462810417,1.5,50
1719462810902,1.45,25
1719462811600,1.5,25
1719462811900,1.5,25
1719462812419,1.5,25
1719462813100,1.5,25
1719462813425,1.5,25
1719462814118,1.5,25
1719462814670,1.5,25
1719462815129,1.5,25
1719462815435,1.5,25
1719462815500,1.5,25
1719462816500,1.5,25
1719462817701,1.5,25
1719462818447,1.5,25
1719462818881,1.5,25
1719462819440,1.5,25
1719462820105,1.5,25
1719462820641,1.45,150
1719462821076,1.5,25
1719462821470,1.5,75
1719462821499,1.5,75
1719462822462,1.5,75
1719462822695,1.5,25
1719462823450,1.5,625
1719462823956,1.5,250
1719462824676,1.5,25
1719462825113,1.5,25
1719462825384,1.5,25
1719462826145,1.5,25
1719462826456,1.5,100
1719462827325,1.5,25
1719462827670,1.45,25
1719462828371,1.5,25
1719462828542,1.5,25
1719462829435,1.5,25
1719462829752,1.5,25
1719462830428,1.5,25
1719462830946,1.5,25
1719462831665,1.45,50
1719462832152,1.45,50
1719462832458,1.5,100
1719462833173,1.5,25
1719462833439,1.5,25
1719462834090,1.5,25
1719462834629,1.5,25
1719462835560,1.45,125
1719462836397,1.5,25
1719462836669,1.45,50
1719462837668,1.5,25
1719462837724,1.5,25
1719462838456,1.5,25
1719462838937,1.5,25
1719462839457,1.5,25
1719462840124,1.5,75
1719462840672,1.5,25
1719462841153,1.5,25
1719462841460,1.5,25
1719462841744,1.5,25
1719462842467,1.5,25
1719462842738,1.5,25
1719462843678,1.5,25
1719462843954,1.5,25
1719462844441,1.5,25
1719462844983,1.45,650
1719462845459,1.5,25
1719462845963,1.5,25
1719462846469,1.5,25
1719462846766,1.5,25
1719462847646,1.5,500
1719462848008,1.5,500
1719462848008,1.5,500
1719462848500,1.55,100
1719462849446,1.55,1150
1719462849446,1.55,1150
1719462850462,1.55,500
1719462850969,1.5,25
1719462851657,1.5,25
1719462851974,1.55,25
1719462852352,1.55,25
1719462852982,1.5,425
1719462853473,1.55,1750
1719462853778,1.55,100
1719462854400,1.55,25
1719462854981,1.55,1050
1719462855489,1.55,1650
1719462855600,1.55,25
1719462856318,1.55,1700
1719462857382,1.5,25
1719462858304,1.55,25
1719462858443,1.5,100
1719462859518,1.55,500
1719462859518,1.55,500
1719462860459,1.5,100
1719462860974,1.5,50
1719462861477,1.5,50
1719462861902,1.5,50
1719462862474,1.5,50
1719462863055,1.5,50
1719462863463,1.5,50
1719462864171,1.5,25
1719462864506,1.5,125
1719462864611,1.5,25
1719462865675,1.5,75
1719462865720,1.5,25
1719462866420,1.55,500
1719462866821,1.5,75
1719462867488,1.5,25
1719462867700,1.55,25
1719462868446,1.5,25
1719462868840,1.55,75
1719462869698,1.55,1500
1719462869825,1.5,25
1719462870464,1.5,100
1719462870987,1.55,75
1719462871409,1.55,25
1719462872204,1.55,25
1719462872484,1.5,25
1719462872736,1.5,75
1719462873378,1.5,25
1719462873600,1.55,25
1719462874193,1.5,25
1719462874800,1.55,25
1719462875635,1.5,100
1719462875635,1.5,100
1719462876167,1.5,100
1719462876531,1.5,1000
1719462877493,1.55,50
1719462877763,1.55,25
1719462878496,1.55,50
1719462879143,1.5,25
1719462879504,1.55,50
1719462880350,1.5,25
1719462880600,1.55,25
1719462881434,1.5,175
1719462881800,1.55,25
1719462882481,1.5,225
1719462883001,1.55,25
1719462883323,1.55,25
1719462883806,1.55,75
1719462884650,1.55,150
1719462884766,1.5,150
1719462885349,1.5,75
1719462886297,1.55,25
1719462886297,1.55,25
1719462887500,1.55,25
1719462887835,1.5,100
1719462888200,1.55,25
1719462888726,1.5,800
1719462889406,1.55,25
1719462890028,1.5,125
1719462890506,1.55,75
1719462891210,1.55,25
1719462891488,1.55,25
1719462892142,1.6,25
1719462892680,1.6,25
1719462893213,1.55,50
1719462893511,1.6,75
1719462894130,1.6,25
1719462894442,1.6,25
1719462895196,1.6,75
1719462895346,1.55,125
1719462895528,1.6,75
1719462896513,1.6,25
1719462896513,1.6,25
1719462897492,1.55,75
1719462897646,1.6,75
1719462898439,1.55,25
1719462898827,1.55,50
1719462899721,1.6,75
1719462900041,1.6,75
1719462900100,1.55,525
1719462900718,1.55,25
1719462901038,1.6,75
1719462901424,1.55,100
1719462902027,1.6,25
1719462902431,1.6,150
1719462903192,1.55,50
1719462903460,1.55,25
1719462904219,1.6,375
1719462904526,1.6,75
1719462904866,1.55,25
1719462906310,1.6,25
1719462906747,1.6,25
1719462907705,1.6,25
1719462907934,1.55,1125
1719462908428,1.6,1300
1719462909345,1.6,50
1719462909710,1.6,350
1719462910439,1.65,50
1719462910439,1.65,50
1719462911456,1.6,50
1719462911456,1.6,50
1719462912746,1.6,25
1719462913220,1.65,250
1719462913861,1.6,25
1719462913863,1.6,75
1719462914864,1.6,50
1719462915455,1.6,400
1719462916223,1.6,50
1719462916666,1.6,175
1719462917077,1.65,100
1719462917077,1.65,100
1719462918143,1.65,25
1719462918417,1.6,25
1719462918847,1.65,675
1719462919553,1.6,175
1719462920016,1.65,50
1719462920511,1.65,50
1719462921160,1.6,25
1719462921530,1.6,350
1719462922356,1.55,625
1719462922707,1.55,425
1719462923460,1.55,975
1719462923460,1.55,975
1719462924226,1.55,425
1719462924226,1.55,425
1719462925519,1.55,25
1719462925842,1.6,975
1719462926430,1.6,1000
1719462927099,1.6,375
1719462927504,1.6,350
1719462927962,1.6,825
1719462928661,1.55,200
1719462929056,1.6,1225
1719462929399,1.6,200
1719462930062,1.55,200
1719462930493,1.6,875
1719462931259,1.6,125
1719462931495,1.6,1800
1719462932715,1.6,500
1719462932832,1.6,50
1719462933285,1.65,250
1719462934025,1.65,400
1719462934451,1.6,600
1719462935100,1.6,50
1719462935706,1.6,275
1719462936083,1.6,225
1719462936527,1.6,200
1719462937272,1.6,25
1719462937401,1.6,50
1719462938533,1.6,500
1719462938587,1.6,250
1719462939707,1.55,75
1719462940000,1.6,500
1719462940513,1.55,25
1719462941101,1.55,25
1719462941517,1.55,25
1719462942023,1.55,500
1719462942343,1.55,25
1719462943241,1.55,25
1719462943456,1.55,25
1719462943681,1.6,125
1719462944489,1.55,25
1719462944881,1.55,25
1719462945491,1.55,250
1719462946000,1.55,500
1719462946532,1.55,25
1719462947255,1.55,1025
1719462947439,1.55,100
1719462948551,1.6,75
1719462948661,1.55,25
1719462949669,1.6,25
1719462949669,1.6,25
1719462950289,1.6,50
1719462950289,1.6,50
1719462951627,1.6,50
1719462951907,1.6,200
1719462952535,1.6,25
1719462953078,1.55,950
1719462953551,1.6,25
1719462953970,1.55,600
1719462954467,1.55,25
1719462955118,1.55,25
1719462955544,1.6,475
1719462956310,1.55,25
1719462956444,1.55,25
1719462956684,1.55,25
1719462957421,1.6,25
1719462957711,1.55,275
1719462958483,1.6,425
1719462958731,1.55,75
1719462959490,1.6,300
1719462959861,1.6,25
1719462960725,1.6,100
1719462960725,1.6,100
1719462961467,1.6,50
1719462962126,1.55,25
1719462962528,1.55,1050
1719462963000,1.6,25
1719462963375,1.6,500
1719462964110,1.6,125
1719462964717,1.6,550
1719462965523,1.55,25
1719462965523,1.55,25
1719462966562,1.55,25
1719462966905,1.55,25
1719462967737,1.55,25
1719462967913,1.6,50
1719462968539,1.55,100
1719462969122,1.55,100
1719462969549,1.6,25
1719462970112,1.6,25
1719462970473,1.6,25
1719462971140,1.6,25
1719462971553,1.6,25
1719462972347,1.6,25
1719462972487,1.55,50
1719462972724,1.55,100
1719462973492,1.6,25
1719462974490,1.6,75
1719462974743,1.55,25
1719462975383,1.55,25
1719462975925,1.6,150
1719462976365,1.6,25
1719462977154,1.55,100
1719462977434,1.55,25
1719462978120,1.6,700
1719462978450,1.55,500
1719462979257,1.6,125
1719462979532,1.6,150
1719462980320,1.6,300
1719462980540,1.55,100
1719462981570,1.55,175
1719462981724,1.55,375
1719462982548,1.55,100
1719462982958,1.55,25
1719462983434,1.55,1800
1719462983952,1.55,25
1719462984433,1.55,725
1719462984852,1.55,25
1719462985660,1.55,100
1719462985836,1.6,25
1719462986322,1.55,75
1719462987122,1.55,575
1719462987495,1.55,75
1719462988103,1.55,375
1719462988745,1.6,75
1719462989127,1.55,25
1719462989476,1.55,25
1719462989746,1.55,1050
1719462990533,1.55,25
1719462991317,1.55,25
1719462991565,1.55,25
1719462992036,1.55,25
1719462992525,1.55,250
1719462993175,1.55,75
1719462993487,1.55,75
1719462994382,1.55,100
1719462994536,1.55,75
1719462995000,1.55,25
1719462995305,1.55,75
1719462996350,1.6,50
1719462996350,1.6,50
1719462996631,1.6,25
1719462997061,1.55,25
1719462997609,1.6,525
1719462998229,1.55,100
1719462998229,1.55,100
1719462999370,1.55,75
1719463000000,1.55,25
1719463000775,1.55,25
1719463000970,1.55,100
1719463001318,1.6,1750
1719463002146,1.55,25
1719463002146,1.55,25
1719463014833,1.6,100
1719463015593,1.55,25
1719463015950,1.55,350
1719463016776,1.55,625
1719463017010,1.55,500
1719463017564,1.55,900
1719463018139,1.6,1725
1719463018478,1.55,700
1719463019207,1.55,75
1719463019567,1.55,1300
1719463020100,1.55,75
1719463020212,1.55,125
1719463020212,1.55,125
1719463021212,1.5,275
1719463021367,1.55,25
1719463022188,1.55,75
1719463022498,1.55,400
1719463023018,1.5,575
1719463023500,1.55,25
1719463024585,1.55,125
1719463024600,1.55,25
1719463025561,1.55,1025
1719463025712,1.5,575
1719463026561,1.55,1275
1719463026810,1.55,50
1719463027413,1.5,1000
1719463028088,1.55,500
1719463028544,1.55,75
1719463029439,1.55,100
1719463029800,1.5,25
1719463030365,1.55,50
1719463030552,1.55,75
1719463031400,1.55,25
1719463031472,1.5,25
1719463032213,1.55,25
1719463032685,1.5,250
1719463033432,1.55,900
1719463033432,1.55,900
1719463033432,1.55,900
1719463034381,1.5,100
1719463034953,1.55,400
1719463035580,1.55,900
1719463036107,1.6,25
1719463036799,1.6,200
1719463037230,1.6,75
1719463037584,1.55,525
1719463038437,1.55,900
1719463038522,1.6,25
1719463039254,1.6,25
1719463039580,1.6,175
1719463040170,1.55,1000
1719463040340,1.55,25
1719463041252,1.6,25
1719463041520,1.6,25
1719463042459,1.55,25
1719463042459,1.55,25
1719463042816,1.6,25
1719463043795,1.6,25
1719463043845,1.6,25
1719463044517,1.6,100
1719463044839,1.55,900
1719463045601,1.55,400
1719463045740,1.55,200
1719463045988,1.55,100
1719463047021,1.5,50
1719463047574,1.5,500
1719463048011,1.5,200
1719463048477,1.55,625
1719463049246,1.55,25
1719463049325,1.55,25
1719463049854,1.5,600
1719463050545,1.55,25
1719463050731,1.55,25
1719463051593,1.55,100
1719463051959,1.55,50
1719463052757,1.6,75
1719463053256,1.6,25
1719463053553,1.55,50
1719463054159,1.6,100
1719463054500,1.6,25
1719463055075,1.55,75
1719463055600,1.6,25
1719463056060,1.6,25
1719463056478,1.6,25
1719463057034,1.6,350
1719463057648,1.55,75
1719463058060,1.55,75
1719463058517,1.6,100
1719463059211,1.6,25
1719463059609,1.6,25
1719463060179,1.6,25
1719463060570,1.55,50
1719463061461,1.6,25
1719463061571,1.6,25
1719463061683,1.6,25
1719463062805,1.55,175
1719463063262,1.55,100
1719463063305,1.55,300
1719463064289,1.55,150
1719463064603,1.55,500
1719463065449,1.55,200
1719463065555,1.55,150
1719463065998,1.55,500
1719463066775,1.6,400
1719463066775,1.6,400
1719463067655,1.55,150
1719463068020,1.55,300
1719463068600,1.6,25
1719463069117,1.6,300
1719463069539,1.6,300
1719463069759,1.55,50
1719463069759,1.55,50
1719463071384,1.55,75
1719463071384,1.55,75
1719463072256,1.6,50
1719463073605,1.55,300
1719463073855,1.6,375
1719463074300,1.6,25
1719463074826,1.6,175
1719463075400,1.6,25
1719463075782,1.6,1000
1719463076600,1.6,25
1719463077139,1.6,25
1719463077139,1.6,25
1719463077700,1.6,25
1719463078215,1.55,200
1719463078846,1.55,125
1719463079573,1.55,200
1719463080095,1.6,75
1719463080268,1.55,100
1719463081001,1.6,25
1719463081827,1.55,200
1719463082599,1.55,75
1719463083373,1.6,25
1719463083612,1.6,25
1719463084467,1.55,75
1719463084564,1.55,75
1719463085200,1.55,25
1719463085553,1.55,100
1719463085758,1.55,25
1719463086623,1.55,1100
1719463086845,1.55,775
1719463087603,1.55,25
1719463088091,1.55,25
1719463088615,1.55,25
1719463089312,1.5,100
1719463089638,1.55,25
1719463089940,1.55,25
1719463090551,1.55,175
1719463090947,1.55,25
1719463091921,1.55,25
1719463092516,1.5,25
1719463093051,1.55,25
1719463093467,1.55,25
1719463094306,1.55,75
1719463094306,1.55,75
1719463095335,1.55,25
1719463095465,1.55,1050
1719463096500,1.55,25
1719463096500,1.55,25
1719463096722,1.5,25
1719463097775,1.55,1275
1719463098429,1.55,25
1719463098429,1.55,25
1719463098920,1.55,75
1719463099527,1.5,100
1719463100100,1.55,25
1719463100563,1.5,250
1719463100563,1.5,250
1719463101417,1.55,50
1719463102161,1.55,25
1719463102410,1.55,25
1719463103315,1.55,25
1719463103600,1.55,25
1719463103994,1.5,125
1719463104448,1.5,125
1719463105507,1.5,75
1719463105507,1.5,75
1719463105858,1.5,300
1719463105858,1.5,300
1719463107201,1.5,50
1719463107896,1.55,600
1719463108641,1.55,850
1719463108844,1.55,875
1719463109450,1.55,150
1719463110071,1.5,50
1719463110071,1.5,50
1719463110613,1.5,100
1719463111119,1.5,50
1719463111600,1.55,25
1719463112123,1.5,50
1719463112326,1.55,150
1719463113259,1.55,300
1719463113562,1.55,125
1719463114291,1.5,25
1719463114630,1.5,50
1719463115148,1.5,50
1719463115589,1.5,225
1719463116300,1.55,25
1719463116300,1.55,25
1719463117500,1.55,25
1719463117650,1.5,700
1719463118600,1.55,25
1719463118600,1.55,25
1719463119546,1.55,50
1719463119800,1.55,25
1719463120829,1.5,300
1719463121192,1.55,100
1719463121654,1.55,50
1719463122100,1.55,25
1719463122838,1.5,700
1719463123330,1.5,700
1719463123330,1.5,700
1719463124336,1.55,1000
1719463124400,1.55,25
1719463125600,1.55,25
1719463126329,1.55,300
1719463126329,1.55,300
1719463127338,1.45,100
1719463127646,1.5,25
1719463128374,1.45,50
1719463128639,1.5,500
1719463129307,1.5,175
1719463129736,1.5,1525
1719463130223,1.5,25
1719463131362,1.55,175
1719463132612,1.55,1100
1719463132900,1.55,25
1719463133146,1.55,25
1719463134125,1.5,50
1719463134498,1.5,200
1719463135100,1.55,25
1719463135475,1.5,100
1719463136300,1.55,25
1719463136654,1.5,75
1719463137574,1.55,25
1719463138500,1.5,75
1719463138607,1.5,75
1719463139604,1.5,150
1719463139604,1.5,150
1719463140079,1.55,75
1719463140639,1.5,950
1719463141172,1.55,250
1719463141608,1.5,25
1719463142100,1.55,25
1719463142100,1.55,25
1719463143402,1.5,350
1719463144332,1.55,50
1719463144652,1.55,25
1719463144652,1.55,25
1719463145626,1.5,50
1719463146182,1.5,725
1719463146500,1.55,25
1719463146680,1.5,25
1719463147512,1.5,25
1719463148353,1.55,25
1719463148622,1.55,25
1719463149588,1.5,25
1719463150408,1.55,25
1719463150658,1.55,125
1719463151376,1.5,50
1719463151605,1.55,25
1719463152645,1.55,25
1719463153642,1.55,25
1719463153804,1.55,25
1719463154666,1.55,25
1719463155012,1.5,1650
1719463155849,1.55,25
1719463156650,1.55,25
1719463157197,1.55,25
1719463157650,1.55,25
1719463158198,1.55,25
1719463158680,1.55,25
1719463159200,1.55,25
1719463159604,1.5,25
1719463160210,1.5,350
1719463160400,1.55,25
1719463161557,1.5,75
1719463162320,1.5,50
1719463162673,1.5,25
1719463163242,1.5,25
1719463163644,1.5,325
1719463164367,1.5,25
1719463164498,1.5,100
1719463165566,1.55,325
1719463166001,1.55,25
1719463166614,1.5,50
1719463167100,1.55,25
1719463167410,1.5,75
1719463168396,1.5,75
1719463168649,1.5,25
1719463169321,1.5,75
1719463169500,1.55,25
1719463170117,1.5,25
1719463170600,1.55,25
1719463171219,1.5,25
1719463171608,1.55,25
1719463172621,1.5,75
1719463172621,1.5,75
1719463173628,1.55,25
1719463174676,1.5,75
1719463174986,1.5,225
1719463175300,1.55,25
1719463176038,1.5,25
1719463176402,1.5,75
1719463177031,1.5,25
1719463177500,1.55,25
1719463178420,1.55,100
1719463178700,1.55,25
1719463179429,1.5,400
1719463180861,1.5,25
1719463181209,1.55,275
1719463181336,1.5,75
1719463182381,1.5,75
1719463182631,1.5,1000
1719463182786,1.5,100
1719463183600,1.5,25
1719463184352,1.5,800
1719463184352,1.5,800
1719463184748,1.5,25
1719463185682,1.5,25
1719463186687,1.5,25
1719463186901,1.5,25
1719463187622,1.45,25
1719463188060,1.45,25
1719463188672,1.5,700
1719463189253,1.45,25
1719463189632,1.45,25
1719463190202,1.5,25
1719463190658,1.5,100
1719463191424,1.5,25
1719463192677,1.45,250
1719463193611,1.5,75
1719463194684,1.5,25
1719463194807,1.45,50
1719463195689,1.5,25
1719463195917,1.5,25
1719463196688,1.5,25
1719463197254,1.5,275
1719463197600,1.5,25
1719463198350,1.45,25
1719463198700,1.5,25
1719463199262,1.45,25
1719463199968,1.5,25
1719463200619,1.5,25
1719463201679,1.5,300
1719463201725,1.5,500
1719463202317,1.45,150
1719463202856,1.5,25
1719463203335,1.5,1250
1719463203939,1.5,1375
1719463204300,1.5,25
1719463205182,1.45,50
1719463205400,1.5,25
1719463206222,1.45,125
1719463206600,1.5,25
1719463207291,1.5,550
1719463207700,1.5,25
1719463207981,1.45,150
1719463207981,1.45,150
1719463208937,1.5,100
1719463208937,1.5,100
1719463210151,1.45,1250
1719463210430,1.5,125
1719463211406,1.5,150
1719463211604,1.45,25
1719463212400,1.5,25
1719463212746,1.45,25
1719463213672,1.45,25
1719463214104,1.45,25
1719463214676,1.5,1150
1719463215009,1.5,50
1719463215651,1.45,25
1719463216409,1.45,200
1719463216409,1.45,200
1719463217416,1.45,1125
1719463217416,1.45,1125
1719463218508,1.45,100
1719463218901,1.5,200
1719463219363,1.5,25
1719463219809,1.5,25
1719463220654,1.45,25
1719463221103,1.45,25
1719463221674,1.45,25
1719463222095,1.45,25
1719463222694,1.5,25
1719463223200,1.5,75
1719463223600,1.5,25
1719463224509,1.5,75
1719463224700,1.5,25
1719463225694,1.5,75
1719463225891,1.5,75
1719463226488,1.5,75
1719463226727,1.5,25
1719463227442,1.5,25
1719463227442,1.5,25
1719463228910,1.5,350
1719463229300,1.5,25
1719463229716,1.5,50
1719463230158,1.5,150
1719463230894,1.5,25
1719463231392,1.5,25
1719463231703,1.5,25
1719463232210,1.5,1000
1719463233732,1.5,100
1719463233900,1.5,25
1719463234148,1.45,100
1719463235100,1.5,25
1719463235709,1.5,775
1719463236502,1.5,1675
1719463236599,1.5,25
1719463237517,1.5,375
1719463237666,1.5,100
1719463238447,1.5,100
1719463238927,1.5,25
1719463254561,1.55,25
1719463254561,1.55,25
1719463255714,1.55,25
1719463255854,1.55,25
1719463256663,1.55,1725
1719463256849,1.55,75
1719463257695,1.5,300
1719463258512,1.55,50
1719463258681,1.55,650
1719463259573,1.55,550
1719463259674,1.55,75
1719463260077,1.55,50
1719463260271,1.55,25
1719463260271,1.55,25
1719463261372,1.55,75
1719463261715,1.55,75
1719463262681,1.55,75
1719463262681,1.55,75
1719463262681,1.55,75
1719463263729,1.55,75
1719463264061,1.5,100
1719463264600,1.55,25
1719463265350,1.5,25
1719463265709,1.5,25
1719463266429,1.5,300
1719463266728,1.5,25
1719463267584,1.55,150
1719463281678,1.5,25
1719463282746,1.5,175
1719463282771,1.5,250
1719463283604,1.5,550
1719463283639,1.5,125
1719463284400,1.5,25
1719463284948,1.5,400
1719463285600,1.5,25
1719463285807,1.45,1025
1719463285807,1.45,1025
1719463286738,1.45,25
1719463287265,1.45,25
1719463287641,1.5,25
1719463287800,1.5,25
1719463288739,1.5,75
1719463289256,1.45,450
1719463289256,1.45,450
1719463290050,1.5,200
1719463290470,1.5,225
1719463290725,1.45,100
1719463291611,1.5,400
1719463291900,1.5,25
1719463292800,1.5,25
1719463293001,1.5,25
1719463293700,1.5,25
1719463294200,1.5,25
1719463294700,1.5,25
1719463295406,1.45,100
1719463295700,1.5,25
1719463296600,1.5,25
1719463296700,1.5,25
1719463297600,1.5,25
1719463298630,1.5,50
1719463298630,1.5,50
1719463299001,1.5,25
1719463299915,1.45,25
1719463300360,1.45,350
1719463301400,1.5,25
1719463304411,1.5,200
1719463304772,1.45,300
1719463305009,1.5,1325
1719463305009,1.5,1325
1719463306240,1.45,250
1719463306240,1.45,250
1719463307560,1.45,75
1719463308300,1.5,25
1719463308300,1.5,25
1719463309636,1.5,200
1719463309717,1.5,125
1719463310500,1.5,25
1719463310500,1.5,25
1719463311700,1.5,25
1719463311700,1.5,25
1719463312214,1.45,75
1719463312709,1.5,850
1719463313219,1.5,75
1719463313685,1.5,25
1719463314487,1.45,25
1719463314841,1.45,100
1719463315549,1.45,25
1719463315549,1.45,25
1719463316300,1.5,25
1719463316300,1.5,25
1719463317400,1.5,25
1719463317796,1.45,25
1719463318704,1.5,25
1719463318704,1.5,25
1719463318704,1.5,25
1719463319700,1.5,25
1719463320157,1.5,75
1719463329115,1.45,25
1719463329563,1.45,25
1719463330008,1.5,75
1719463330660,1.45,100
1719463331595,1.45,25
1719463358600,1.5,25
1719463359065,1.45,25
1719463359760,1.45,350
1719463360104,1.5,1200
1719463360784,1.5,25
1719463361297,1.5,25
1719463361758,1.5,25
1719463362200,1.5,25
1719463362716,1.45,25
1719463363300,1.5,25
1719463363300,1.5,25
1719463364500,1.5,25
1719463364902,1.45,375
1719463365758,1.45,25
1719463365895,1.45,450
1719463366731,1.45,25
1719463366926,1.5,125
1719463366987,1.5,100
1719463366987,1.5,100
1719463368743,1.45,575
1719463369642,1.45,150
1719463369921,1.45,525
1719463370802,1.45,25
1719463371793,1.45,25
1719463372730,1.45,75
1719463373749,1.45,150
1719463374700,1.45,350
1719463379470,1.45,75
1719463379700,1.5,25
1719463380486,1.45,175
1719463380800,1.5,25
1719463381412,1.5,400
1719463381412,1.5,400
1719463382793,1.45,450
1719463382793,1.45,450
1719463383400,1.5,25
1719463383807,1.45,50
1719463384520,1.45,25
1719463384520,1.45,25
1719463385798,1.5,175
1719463385798,1.5,175
1719463385798,1.5,175
1719463386500,1.5,25
1719463386921,1.5,1000
1719463387741,1.5,25
1719463388545,1.5,200
1719463389722,1.45,525
1719463390776,1.5,275
1719463390963,1.5,50
1719463391091,1.5,25
1719463391795,1.5,100
1719463392300,1.5,50
1719463392792,1.5,250
1719463393560,1.5,25
1719463393792,1.5,100
1719463394800,1.5,25
1719463395727,1.45,900
1719463396577,1.45,50
1719463396577,1.45,50
1719463397187,1.45,100
1719463397763,1.45,50
1719463398178,1.45,100
1719463398600,1.5,25
1719463399371,1.45,100
1719463399745,1.45,100
1719463400500,1.5,25
1719463400811,1.45,25
1719463401600,1.5,25
1719463401600,1.5,25
1719463402700,1.5,25
1719463402994,1.5,50
1719463403582,1.45,75
1719463403900,1.5,25
1719463403900,1.5,25
1719463404574,1.5,500
1719463405202,1.45,75
1719463405500,1.5,25
1719463406519,1.5,25
1719463406778,1.5,25
1719463407533,1.45,75
1719463407808,1.45,150
1719463408512,1.45,75
1719463409778,1.45,75
1719463409778,1.45,75
1719463410800,1.5,25
1719463410911,1.5,25
1719463411554,1.5,225
1719463412004,1.45,25
1719463412419,1.5,25
1719463412760,1.45,75
1719463413807,1.45,25
1719463414800,1.5,25
1719463414800,1.5,25
1719463415326,1.45,75
1719463415766,1.5,100
1719463416828,1.45,75
1719463417600,1.5,25
1719463418804,1.5,1575
1719463418804,1.5,1575
1719463419800,1.5,25
1719463420049,1.5,50
1719463420600,1.5,25
1719463421527,1.45,25
1719463421826,1.45,75
1719463422587,1.5,50
1719463422587,1.5,50
1719463423300,1.5,25
1719463424400,1.5,25
1719463424400,1.5,25
1719463425607,1.5,25
1719463425607,1.5,25
1719463426800,1.5,25
1719463426800,1.5,25
1719463428001,1.5,25
1719463428224,1.45,75
1719463428810,1.5,250
1719463429831,1.5,25
1719463429980,1.5,350
1719463430776,1.5,75
1719463431001,1.55,25
1719463431750,1.5,275
1719463431750,1.5,275
1719463432399,1.55,50
1719463432788,1.55,250
1719463433390,1.55,550
1719463433806,1.5,575
1719463434400,1.55,25
1719463434800,1.55,25
1719463435600,1.55,25
1719463436700,1.55,25
1719463437800,1.55,25
1719463438771,1.5,75
1719463439148,1.5,575
1719463439754,1.5,25
1719463440659,1.5,150
1719463440800,1.5,350
1719463441600,1.55,1250
1719463442031,1.5,300
1719463442847,1.5,75
1719463443796,1.5,850
1719463443796,1.5,850
1719463444836,1.55,250
1719463446031,1.5,50
1719463465611,1.5,200
1719463465952,1.45,50
1719463466289,1.45,25
1719463466400,1.45,25
1719463467200,1.5,25
1719463467781,1.45,500
1719463468400,1.5,25
1719463468800,1.45,25
1719463469500,1.5,25
1719463469500,1.5,25
1719463470785,1.45,25
1719463470785,1.45,25
1719463471400,1.45,25
1719463472589,1.45,375
1719463473772,1.45,100
1719463473772,1.45,100
1719463474800,1.45,25
1719463475080,1.4,25
1719463475080,1.4,25
1719463475600,1.4,25
1719463476472,1.45,25
1719463476800,1.4,25
1719463477391,1.4,25
1719463477391,1.4,25
1719463478711,1.4,250
1719463478719,1.4,250
1719463479865,1.4,350
1719463480717,1.45,25
1719463480717,1.45,25
1719463481800,1.45,25
1719463481800,1.45,25
1719463482366,1.4,25
1719463482771,1.4,1325
1719463483700,1.4,25
1719463483861,1.45,200
1719463484720,1.4,25
1719463484910,1.4,25
1719463485564,1.45,225
1719463485938,1.4,25
1719463486764,1.4,1375
1719463486882,1.4,25
1719463487584,1.45,175
1719463488616,1.45,50
1719463489115,1.4,1275
1719463489313,1.4,100
1719463489703,1.4,25
1719463490500,1.4,25
1719463490737,1.45,1300
1719463491600,1.4,25
1719463491600,1.4,25
1719463492819,1.45,150
1719463492819,1.45,150
1719463493620,1.4,1750
1719463495046,1.4,25
1719463495246,1.45,250
1719463495500,1.45,25
1719463495500,1.45,25
1719463496802,1.45,1000
1719463497224,1.45,200
1719463498017,1.4,25
1719463498328,1.4,1800
1719463498328,1.4,1800
1719463499743,1.45,25
1719463499845,1.45,1600
1719463500045,1.45,25
1719463500663,1.4,25
1719463500781,1.45,250
1719463501545,1.45,25
1719463501545,1.45,25
1719463502657,1.45,25
1719463503813,1.4,25
1719463503813,1.4,25
1719463504812,1.45,50
1719463505000,1.4,75
1719463505847,1.4,675
1719463506100,1.45,25
1719463506232,1.4,400
1719463506232,1.4,400
1719463507633,1.4,200
1719463508076,1.45,1150
1719463508362,1.45,100
1719463508864,1.4,675
1719463509600,1.45,25
1719463510000,1.45,25
1719463510700,1.45,25
1719463510700,1.45,25
1719463511735,1.45,500
1719463511928,1.45,425
1719463512482,1.45,725
1719463513824,1.45,25
1719463514159,1.45,25
1719463514340,1.45,25
1719463514822,1.45,25
1719463515727,1.45,25
1719463515810,1.45,25
1719463516815,1.45,25
1719463517724,1.4,100
1719463517828,1.45,50
1719463518780,1.45,75
1719463518863,1.45,75
1719463519113,1.4,25
1719463519113,1.4,25
1719463520923,1.45,50
1719463521446,1.45,1000
1719463521446,1.45,1000
1719463522219,1.45,25
1719463522721,1.4,200
1719463523474,1.4,1150
1719463523600,1.45,25
1719463524250,1.45,75
1719463524934,1.45,75
1719463525516,1.45,100
1719463526515,1.45,25
1719463526515,1.45,25
1719463527792,1.45,75
1719463528100,1.45,25
1719463528871,1.45,75
1719463528946,1.45,75
1719463529720,1.45,75
1719463530064,1.45,75
1719463530500,1.45,25
1719463530500,1.45,25
1719463531594,1.45,25
1719463531882,1.45,25
1719463532841,1.4,300
1719463533770,1.4,225
1719463533900,1.45,25
1719463534106,1.4,500
1719463534106,1.4,500
1719463535838,1.4,225
1719463535838,1.4,225
1719463537005,1.4,950
1719463537873,1.45,325
1719463537873,1.45,325
1719463538400,1.45,50
1719463538400,1.45,50
1719463539200,1.45,25
1719463539200,1.45,25
1719463539200,1.45,25
1719463540840,1.4,50
1719463541504,1.45,25
1719463542025,1.45,425
1719463542704,1.45,25
1719463542704,1.45,25
1719463543685,1.4,1325
1719463544794,1.45,25
1719463545280,1.45,25
1719463545280,1.45,25
1719463546080,1.4,75
1719463546080,1.4,75
1719463549709,1.4,150
1719463550730,1.45,25
1719463550958,1.4,50
1719463551837,1.45,50
1719463552018,1.45,50
1719463552902,1.45,75
1719463553012,1.45,50
1719463553516,1.45,25
1719463554008,1.45,50
1719463554483,1.45,25
1719463554483,1.45,25
1719463555718,1.45,25
1719463555718,1.45,25
1719463556915,1.4,50
1719463556967,1.45,50
1719463556967,1.45,50
1719463557854,1.4,75
1719463558563,1.45,950
1719463558654,1.4,550
1719463559619,1.45,125
1719463559730,1.4,25
1719463560305,1.45,25
1719463560795,1.45,25
1719463561846,1.4,650
1719463561846,1.4,650
1719463562807,1.4,200
1719463562807,1.4,200
1719463562807,1.4,200
1719463564119,1.45,50
1719463564119,1.45,50
1719463564883,1.4,250
1719463565448,1.45,25
1719463565448,1.45,25
1719463566373,1.45,50
1719463566813,1.4,1675
1719463567603,1.4,250
1719463568502,1.45,375
1719463569107,1.4,25
1719463569969,1.4,450
1719463569969,1.4,450
1719463569969,1.4,450
1719463569969,1.4,450
1719463573673,1.4,150
1719463573999,1.4,25
1719463574907,1.4,25
1719463574928,1.4,900
1719463575816,1.45,1000
1719463575816,1.45,1000
1719463576764,1.4,25
1719463576764,1.4,25
1719463577707,1.4,250
1719463578157,1.4,25
1719463578893,1.4,25
1719463578893,1.4,25
1719463579717,1.4,25
1719463580006,1.4,25
1719463580651,1.45,25
1719463581000,1.4,75
1719463581000,1.4,75
1719463581000,1.4,75
1719463582906,1.45,100
1719463583017,1.45,100
1719463583980,1.45,375
1719463583980,1.45,375
1719463584322,1.45,75
1719463584814,1.45,25
1719463585422,1.45,75
1719463585422,1.45,75
1719463586243,1.45,25
1719463587886,1.45,25
1719463587886,1.45,25
1719463588599,1.45,600
1719463588599,1.45,600
1719463589731,1.45,25
1719463589731,1.45,25
1719463590907,1.45,125
1719463590907,1.45,125
1719463591278,1.5,25
1719463591278,1.5,25
1719463592506,1.45,800
1719463593044,1.45,75
1719463593890,1.5,25
1719463594000,1.45,75
1719463594000,1.45,75
1719463594000,1.45,75
1719463595232,1.5,25
1719463596044,1.45,50
1719463596736,1.45,25
1719463596736,1.45,25
1719463597752,1.5,500
1719463598101,1.45,25
1719463598845,1.5,100
1719463599054,1.45,25
1719463599897,1.5,250
1719463600254,1.45,25
1719463600823,1.45,25
1719463601097,1.45,25
1719463601470,1.45,25
1719463609852,1.45,350
1719463610603,1.45,25
1719463610872,1.4,50
1719463611642,1.4,50
1719463611907,1.4,300
1719463612699,1.4,50
1719463612900,1.4,25
1719463613706,1.45,75
1719463613901,1.45,125
1719463614284,1.4,450
1719463615804,1.4,25
1719463616842,1.4,25
1719463617940,1.4,50
1719463618067,1.45,475
1719463618334,1.4,25
1719463619260,1.45,25
1719463619260,1.45,25
1719463619809,1.45,525
1719463620006,1.45,25
1719463620679,1.4,75
1719463621485,1.45,25
1719463621857,1.45,75
1719463622683,1.4,50
1719463622902,1.45,25
1719463623910,1.4,25
1719463624094,1.4,25
1719463625000,1.4,75
1719463625823,1.4,500
1719463625823,1.4,500
1719463626639,1.45,25
1719463627051,1.45,100
1719463627938,1.4,725
1719463628504,1.45,150
1719463628504,1.45,150
1719463629842,1.4,25
1719463629842,1.4,25
1719463630465,1.4,100
1719463631263,1.4,25
1719463631263,1.4,25
1719463632617,1.45,50
1719463632797,1.4,250
1719463633709,1.4,300
1719463633709,1.4,300
1719463634295,1.45,50
1719463634295,1.45,50
1719463635837,1.45,25
1719463635837,1.45,25
1719463636770,1.4,800
1719463637675,1.45,825
1719463638000,1.4,250
1719463638619,1.4,75
1719463638619,1.4,75
1719463638619,1.4,75
1719463640354,1.4,75
1719463640354,1.4,75
1719463640608,1.4,100
1719463641624,1.4,100
1719463641624,1.4,100
1719463642768,1.4,225
1719463642781,1.45,25
1719463643889,1.4,25
1719463643972,1.4,25
1719463644680,1.45,25
1719463644680,1.45,25
1719463645511,1.45,150
1719463645511,1.45,150
1719463645511,1.45,150
1719463647061,1.4,25
1719463647061,1.4,25
1719463664945,1.4,25
1719463665300,1.4,25
1719463665542,1.4,50
1719463666099,1.45,375
1719463666296,1.4,25
1719463667100,1.4,75
1719463667506,1.45,250
1719463668180,1.45,25
1719463668867,1.4,25
1719463668867,1.4,25
1719463669834,1.4,25
1719463669834,1.4,25
1719463670667,1.45,25
1719463671759,1.45,200
1719463671994,1.4,25
1719463672173,1.4,125
1719463673107,1.4,500
1719463673801,1.4,500
1719463674344,1.4,50
1719463674424,1.4,200
1719463674952,1.45,300
1719463675393,1.4,250
1719463675866,1.4,25
1719463676474,1.4,25
1719463676474,1.4,25
1719463677908,1.4,400
1719463677908,1.4,400
1719463678895,1.4,25
1719463679571,1.45,400
1719463680725,1.45,50
1719463680725,1.45,50
1719463681875,1.45,25
1719463681875,1.45,25
1719463683120,1.45,600
1719463683960,1.45,50
1719463683960,1.45,50
1719463684844,1.4,25
1719463684844,1.4,25
1719463685866,1.4,275
1719463686100,1.4,100
1719463687039,1.45,25
1719463687972,1.4,500
1719463687972,1.4,500
1719463688267,1.45,25
1719463690737,1.45,100
1719463691750,1.4,125
1719463691750,1.4,125
1719463692927,1.4,125
1719463692927,1.4,125
1719463693895,1.4,50
1719463694209,1.45,100
1719463694593,1.4,500
1719463694593,1.4,500
1719463695706,1.4,325
1719463696066,1.45,25
1719463696641,1.4,25
1719463697000,1.4,250
1719463697718,1.4,50
1719463698429,1.4,1250
1719463698548,1.4,650
1719463698548,1.4,650
1719463699812,1.45,25
1719463699812,1.45,25
1719463699812,1.45,25
1719463701191,1.4,25
1719463701954,1.45,1100
1719463702074,1.4,175
1719463702992,1.4,100
1719463703066,1.4,300
1719463703745,1.45,25
1719463704770,1.4,300
1719463704770,1.4,300
1719463705956,1.45,25
1719463706810,1.4,50
1719463706810,1.4,50
1719463707844,1.45,800
1719463708078,1.4,25
1719463708078,1.4,25
1719463709447,1.4,100
1719463709676,1.4,25
1719463709947,1.4,75
1719463709947,1.4,75
1719463710919,1.4,500
1719463710919,1.4,500
1719463710919,1.4,500
1719463712222,1.35,1125
1719463712928,1.4,100
1719463713962,1.4,1125
1719463713962,1.4,1125
1719463715044,1.35,1300
1719463715044,1.35,1300
1719463715044,1.35,1300
1719463716794,1.35,25
1719463716964,1.35,25
1719463717255,1.35,100
1719463718000,1.35,25
1719463718256,1.35,25
1719463718836,1.35,25
1719463719004,1.35,25
1719463719868,1.35,25
1719463720202,1.35,25
1719463720993,1.35,675
1719463721043,1.35,25
1719463721966,1.35,25
1719463722635,1.35,950
1719463723917,1.3,25
1719463723917,1.3,25
1719463724580,1.3,975
1719463725254,1.3,125
1719463725849,1.3,100
1719463726437,1.35,1725
1719463726437,1.35,1725
1719463726991,1.35,725
1719463728085,1.35,100
1719463728933,1.35,50
1719463729644,1.35,100
1719463729644,1.35,100
1719463730836,1.4,100
1719463730836,1.4,100
1719463731803,1.35,425
1719463731803,1.35,425
1719463732916,1.4,150
1719463733220,1.4,150
1719463733915,1.4,150
1719463734277,1.4,150
1719463734908,1.35,225
1719463734908,1.35,225
1719463735775,1.35,25
1719463735998,1.35,800
1719463736510,1.3,200
1719463736510,1.3,200
1719463737164,1.35,500
1719463738806,1.3,150
1719463738806,1.3,150
1719463739806,1.3,50
1719463739806,1.3,50
1719463740099,1.35,25
1719463740394,1.35,1175
1719463740394,1.35,1175
1719463741651,1.3,100
1719463742140,1.35,25
1719463742140,1.35,25
1719463742140,1.35,25
1719463743811,1.35,50
1719463745002,1.35,50
1719463745308,1.35,100
1719463745641,1.35,50
1719463746307,1.35,300
1719463746491,1.35,25
1719463746491,1.35,25
1719463747955,1.35,25
1719463747955,1.35,25
1719463748904,1.35,50
1719463749482,1.3,25
1719463749482,1.3,25
1719463749482,1.3,25
1719463750186,1.3,225
1719463751515,1.3,200
1719463752047,1.3,75
1719463753009,1.3,250
1719463753009,1.3,250
1719463753009,1.3,250
1719463755393,1.3,150
1719463755709,1.3,25
1719463755709,1.3,25
1719463760906,1.3,25
1719463762004,1.3,675
1719463762176,1.35,25
1719463762964,1.35,1000
1719463763038,1.3,50
1719463763038,1.3,50
1719463765166,1.35,25
1719463765166,1.35,25
1719463765610,1.3,500
1719463765610,1.3,500
1719463766896,1.3,25
1719463767266,1.3,675
1719463767266,1.3,675
1719463767266,1.3,675
1719463768975,1.3,75
1719463769131,1.35,100
1719463769131,1.35,100
1719463770095,1.35,25
1719463770817,1.3,200
1719463776547,1.35,350
1719463776547,1.35,350
1719463777015,1.3,50
1719463777015,1.3,50
1719463778597,1.3,200
1719463778856,1.3,900
1719463778856,1.3,900
1719463780280,1.3,275
1719463780280,1.3,275
1719463781955,1.3,475
1719463782046,1.35,25
1719463782885,1.35,150
1719463782885,1.35,150
1719463783895,1.3,775
1719463784998,1.3,500
1719463785965,1.35,150
1719463786102,1.35,150
1719463786765,1.35,75
1719463787161,1.3,25
1719463787804,1.3,250
1719463788137,1.3,25
1719463788839,1.3,100
1719463788839,1.3,100
1719463789912,1.35,25
1719463789912,1.35,25
1719463790700,1.35,1375
1719463790700,1.35,1375
1719463791941,1.3,575
1719463792385,1.3,375
1719463793038,1.3,25
1719463793574,1.3,25
1719463793745,1.3,25
1719463793993,1.3,25
1719463794986,1.3,25
1719463794986,1.3,25
1719463795977,1.3,25
1719463797036,1.25,100
1719463798046,1.3,1000
1719463798061,1.3,1750
1719463798522,1.25,1700
1719463799173,1.25,1725
1719463799938,1.3,125
1719463800162,1.25,25
1719463801025,1.3,25
1719463801381,1.3,50
1719463801724,1.3,750
1719463803173,1.3,200
1719463803173,1.3,200
1719463804190,1.25,1650
1719463804406,1.3,300
1719463804795,1.25,850
1719463805772,1.3,225
1719463806722,1.25,600
1719463806722,1.25,600
1719463807312,1.3,25
1719463807312,1.3,25
1719463808649,1.3,250
1719463809578,1.3,100
1719463809987,1.25,25
1719463810439,1.3,1175
1719463810781,1.3,50
1719463811281,1.25,75
1719463811281,1.25,75
1719463812636,1.25,25
1719463812636,1.25,25
1719463816271,1.25,150
1719463816271,1.25,150
1719463817040,1.3,25
1719463817310,1.3,350
1719463818010,1.3,550
1719463818010,1.3,550
1719463818694,1.25,25
1719463819265,1.3,1000
1719463819870,1.3,200
1719463820061,1.25,25
1719463820807,1.3,25
1719463821728,1.25,25
1719463821728,1.25,25
1719463822661,1.3,225
1719463822870,1.25,25
1719463822870,1.25,25
1719463824207,1.25,50
1719463824616,1.25,125
1719463825180,1.25,25
1719463825869,1.3,575
1719463826191,1.25,125
1719463827014,1.25,50
1719463827014,1.25,50
1719463828045,1.3,200
1719463828045,1.3,200
1719463828888,1.25,75
1719463829201,1.25,75
1719463830004,1.3,500
1719463830584,1.3,75
1719463830944,1.3,25
1719463831898,1.3,50
1719463832211,1.3,75
1719463833020,1.3,125
1719463833190,1.3,350
1719463834070,1.3,50
1719463834155,1.3,50
1719463834800,1.3,25
1719463834800,1.3,25
1719463835863,1.3,375
1719463836124,1.3,300
1719463836442,1.3,50
1719463836442,1.3,50
1719463838255,1.3,50
1719463838953,1.3,50
1719463839131,1.3,225
1719463839632,1.25,75
1719463839632,1.25,75
1719463841036,1.25,25
1719463841199,1.3,200
1719463842008,1.25,25
1719463842600,1.25,200
1719463843067,1.3,25
1719463843658,1.3,475
1719463844067,1.3,1525
1719463844318,1.35,275
1719463845695,1.35,25
1719463846119,1.3,25
1719463846778,1.35,125
1719463846778,1.35,125
1719463847489,1.35,1525
1719463848103,1.35,25
1719463849020,1.35,1150
1719463849020,1.35,1150
1719463850079,1.3,25
1719463850231,1.3,1175
1719463850449,1.35,950
1719463850449,1.35,950
1719463851882,1.3,100
1719463851882,1.3,100
1719463852879,1.35,25
1719463852879,1.35,25
1719463853831,1.35,775
1719463854171,1.3,1450
1719463854171,1.3,1450
1719463854895,1.35,200
1719463855587,1.35,250
1719463855587,1.35,250
1719463857270,1.35,25
1719463858037,1.3,1675
1719463858037,1.3,1675
1719463858469,1.35,550
1719463859201,1.3,25
1719463860198,1.35,25
1719463860389,1.35,950
1719463860955,1.3,25
1719463861661,1.3,150
1719463862025,1.3,150
1719463862679,1.35,25
1719463862839,1.35,250
1719463862998,1.35,25
1719463864061,1.3,50
1719463864890,1.35,25
1719463864890,1.35,25
1719463865944,1.35,25
1719463866245,1.35,250
1719463867087,1.35,25
1719463867087,1.35,25
1719463867605,1.35,25
1719463868429,1.35,25
1719463868889,1.35,25
1719463869104,1.3,75
1719463870092,1.35,25
1719463870331,1.35,25
1719463870926,1.35,50
1719463871552,1.35,25
1719463871885,1.35,75
1719463871930,1.35,100
1719463872816,1.35,25
1719463872816,1.35,25
1719463873688,1.3,550
1719463875077,1.3,25
1719463875077,1.3,25
1719463875942,1.3,75
1719463875942,1.3,75
1719463877102,1.3,1475
1719463877271,1.3,50
1719463877545,1.3,25
1719463877545,1.3,25
1719463877545,1.3,25
1719463877545,1.3,25
1719463880088,1.35,125
1719463881106,1.35,100
1719463881106,1.35,100
1719463882111,1.35,100
1719463925075,1.3,125
1719463925440,1.3,150
1719463925836,1.35,25
1719463925836,1.35,25
1719463927050,1.3,600
1719463927381,1.35,200
1719463927381,1.35,200
1719463927381,1.35,200
1719463929114,1.35,25
1719463929548,1.3,75
1719463930196,1.3,50
1719463930196,1.3,50
1719463930196,1.3,50
1719463932050,1.3,500
1719463932050,1.3,500
1719463933135,1.35,125
1719463933629,1.3,50
1719463933629,1.3,50
1719463933629,1.3,50
1719463935200,1.35,75
1719463936100,1.3,25
1719463936186,1.3,25
1719463937026,1.35,50
1719463937534,1.3,75
1719463937534,1.3,75
1719463938284,1.3,1575
1719463939000,1.35,250
1719463944782,1.3,150
1719463945262,1.3,25
1719463945578,1.3,25
1719463946197,1.3,75
1719463946900,1.3,25
1719463947783,1.35,50
1719463947783,1.35,50
1719463948536,1.35,75
1719463948536,1.35,75
1719463952655,1.35,275
1719463952655,1.35,275
1719463953762,1.35,400
1719463953762,1.35,400
1719463953762,1.35,400
1719463955126,1.3,100
1719463956012,1.3,50
1719463956012,1.3,50
1719463957016,1.3,25
1719463957016,1.3,25
1719463957549,1.35,25
1719463958333,1.3,25
1719463958620,1.3,25
1719463959260,1.3,50
1719463960117,1.35,1275
1719463960438,1.3,150
1719463960565,1.3,150
1719463960565,1.3,150
1719463961682,1.3,125
1719463961682,1.3,125
1719463963052,1.3,500
1719463963052,1.3,500
1719463963052,1.3,500
1719463964527,1.3,25
1719463964795,1.3,250
1719463965779,1.3,125
1719463966141,1.3,25
1719463966978,1.3,75
1719463967365,1.35,50
1719463968117,1.3,75
1719463968117,1.3,75
1719463969054,1.3,100
1719463969409,1.35,25
1719463969910,1.35,50
1719463970359,1.35,50
1719463970508,1.35,50
1719463970508,1.35,50
1719463972061,1.3,475
1719463972061,1.3,475
1719463972061,1.3,475
1719463973807,1.3,50
1719463974328,1.35,75
1719463974532,1.3,150
1719463975107,1.3,25
1719463976151,1.3,25
1719463976201,1.35,400
1719463976201,1.35,400
1719463976201,1.35,400
1719463978060,1.3,50
1719463978060,1.3,50
1719463979341,1.3,100
1719463979341,1.3,100
1719463980040,1.35,25
1719463980040,1.35,25
1719463981307,1.35,50
1719463981307,1.35,50
1719463982030,1.3,25
1719463982030,1.3,25
1719463982030,1.3,25
1719463982030,1.3,25
1719463984298,1.3,75
1719463984298,1.3,75
1719463985221,1.3,50
1719463985221,1.3,50
1719463986626,1.3,25
1719463986764,1.3,25
1719463986764,1.3,25
1719463986764,1.3,25
1719463988860,1.3,1150
1719463989055,1.3,25
1719463989288,1.35,300
1719463989288,1.35,300
1719463989288,1.35,300
1719463990869,1.35,25
1719463991584,1.3,250
1719463991584,1.3,250
1719463992642,1.35,900
1719463993053,1.3,175
1719463993557,1.3,200
1719463993557,1.3,200
1719463994295,1.35,200
1719463994295,1.35,200
1719463995158,1.35,75
1719463995926,1.3,125
1719463995926,1.3,125
1719463996834,1.3,200
1719463996834,1.3,200
1719463998501,1.3,25
1719463998618,1.35,500
1719463999204,1.35,150
1719464000011,1.3,75
1719464000011,1.3,75
1719464000911,1.3,300
1719464000911,1.3,300
1719464002055,1.35,100
1719464002462,1.35,100
1719464002462,1.35,100
1719464004036,1.35,25
1719464004560,1.3,25
1719464004560,1.3,25
1719464005896,1.3,25
1719464006051,1.3,25
1719464006515,1.35,375
1719464008055,1.3,375
1719464008055,1.3,375
1719464009122,1.35,1575
1719464009122,1.35,1575
1719464009122,1.35,1575
1719464009122,1.35,1575
1719464011031,1.35,275
1719464011031,1.35,275
1719464011031,1.35,275
1719464011031,1.35,275
1719464011031,1.35,275
1719464016837,1.3,200
1719464016837,1.3,200
1719464017455,1.3,150
1719464017722,1.3,25
1719464017722,1.3,25
1719464019700,1.3,75
1719464019970,1.35,25
1719464020655,1.35,100
1719464020655,1.35,100
1719464021491,1.3,25
1719464021491,1.3,25
1719464023543,1.3,50
1719464023574,1.3,50
1719464024645,1.3,25
1719464025503,1.35,75
1719464025503,1.35,75
1719464026404,1.3,400
1719464026404,1.3,400
1719464027458,1.35,25
1719464027458,1.35,25
1719464028380,1.35,75
1719464028380,1.35,75
1719464029508,1.3,300
1719464029953,1.35,50
1719464029953,1.35,50
1719464031148,1.35,275
1719464031148,1.35,275
1719464032546,1.3,25
1719464032693,1.3,300
1719464033376,1.3,375
1719464034101,1.3,25
1719464034369,1.3,200
1719464034874,1.3,50
1719464035682,1.3,75
1719464036057,1.35,100
1719464036368,1.3,25
1719464036368,1.3,25
1719464036368,1.3,25
1719464038156,1.35,50
1719464038472,1.3,300
1719464039165,1.35,75
1719464039626,1.35,125
1719464039626,1.35,125
1719464040469,1.35,75
1719464041023,1.3,25
1719464041023,1.3,25
1719464041023,1.3,25
1719464042184,1.35,900
1719464042184,1.35,900
1719464043778,1.3,25
1719464043882,1.3,25
1719464044196,1.3,850
1719464044877,1.3,25
1719464044877,1.3,25
1719464046085,1.3,75
1719464046638,1.35,125
1719464046638,1.35,125
1719464047717,1.35,100
1719464047717,1.35,100
1719464047717,1.35,100
1719464047717,1.35,100
1719464050140,1.3,50
1719464050630,1.3,350
1719464051029,1.35,200
1719464051477,1.3,100
1719464052158,1.3,50
1719464052360,1.3,25
1719464052360,1.3,25
1719464054183,1.35,25
1719464054365,1.3,25
1719464054912,1.3,75
1719464055387,1.3,75
1719464056175,1.35,650
1719464056423,1.3,325
1719464056832,1.35,125
1719464057445,1.35,1000
1719464057780,1.3,25
1719464058490,1.3,200
1719464059052,1.3,900
1719464059517,1.3,600
1719464059517,1.3,600
1719464060234,1.35,75
1719464061096,1.35,50
1719464061587,1.3,300
1719464062006,1.3,25
1719464062006,1.3,25
1719464063176,1.3,25
1719464063176,1.3,25
1719464064380,1.3,25
1719464075000,1.3,25
1719464075000,1.3,25
1719464075635,1.3,25
1719464075635,1.3,25
1719464076627,1.35,300
1719464076627,1.35,300
1719464078268,1.35,25
1719464079127,1.3,500
1719464079247,1.3,50
1719464080169,1.3,25
1719464080262,1.3,25
1719464080924,1.3,175
1719464081621,1.3,25
1719464081759,1.35,25
1719464082409,1.3,100
1719464083210,1.35,25
1719464083817,1.3,75
1719464084153,1.3,1500
1719464084664,1.3,400
1719464088853,1.35,1475
1719464089419,1.3,100
1719464090192,1.3,50
1719464090414,1.35,25
1719464090414,1.35,25
1719464091826,1.3,100
1719464092000,1.3,75
1719464093010,1.3,350
1719464093045,1.35,25
1719464094184,1.3,50
1719464094341,1.3,525
1719464095066,1.3,100
1719464095568,1.3,100
1719464096355,1.35,300
1719464096355,1.35,300
1719464097044,1.3,25
1719464097418,1.35,1375
1719464097418,1.35,1375
1719464098963,1.3,525
1719464099215,1.35,125
1719464100019,1.35,75
1719464100230,1.35,50
1719464101105,1.35,250
1719464101105,1.35,250
1719464101790,1.3,125
1719464102302,1.3,25
1719464103222,1.35,150
1719464119736,1.3,25
1719464121290,1.3,275
1719464121635,1.3,25
1719464122222,1.3,25
1719464122554,1.3,25
1719464123179,1.3,25
1719464123746,1.3,25
1719464124018,1.3,25
1719464124813,1.3,25
1719464125202,1.3,25
1719464126008,1.3,25
1719464126008,1.3,25
1719464126405,1.3,125
1719464127165,1.3,125
1719464127265,1.3,125
1719464128173,1.3,150
1719464128173,1.3,150
1719464129392,1.3,200
1719464129392,1.3,200
1719464130215,1.35,600
1719464130445,1.3,25
1719464131146,1.3,25
1719464167438,1.35,925
1719464167438,1.35,925
1719464167438,1.35,925
1719464168916,1.35,300
1719464169411,1.35,500
1719464169411,1.35,500
1719464170639,1.3,25
1719464171033,1.35,100
1719464171033,1.35,100
1719464171994,1.35,100
1719464172853,1.35,100
1719464173178,1.35,1100
1719464173664,1.35,1100
1719464173664,1.35,1100
1719464174748,1.35,750
1719464175943,1.35,750
1719464175943,1.35,750
1719464177534,1.3,200
1719464177927,1.3,25
1719464177927,1.3,25
1719464177927,1.3,25
1719464177927,1.3,25
1719464180667,1.35,25
1719464181209,1.35,100
1719464181322,1.3,100
1719464182213,1.35,225
1719464182760,1.3,50
1719464182760,1.3,50
1719464183632,1.3,400
1719464205818,1.35,100
1719464205818,1.35,100
1719464206996,1.35,900
1719464206996,1.35,900
1719464208132,1.35,25
1719464208132,1.35,25
1719464208132,1.35,25
1719464209360,1.3,75
1719464209360,1.3,75
1719464210211,1.3,500
1719464210773,1.35,300
1719464210880,1.35,50
1719464211958,1.3,1650
1719464211958,1.3,1650
1719464212579,1.3,50
1719464213001,1.3,25
1719464213645,1.3,500
1719464213645,1.3,500
1719464213645,1.3,500
1719464215199,1.3,350
1719464215535,1.3,25
1719464215535,1.3,25
1719464217128,1.3,500
1719464217285,1.3,50
1719464217634,1.35,275
1719464218272,1.3,275
1719464218959,1.35,525
1719464219087,1.3,150
1719464219087,1.3,150
1719464220411,1.3,500
1719464220996,1.3,150
1719464220996,1.3,150
1719464222143,1.35,100
1719464222143,1.35,100
1719464223431,1.35,100
1719464223431,1.35,100
1719464224268,1.3,100
1719464224268,1.3,100
1719464225231,1.35,375
1719464225231,1.35,375
1719464226091,1.3,25
1719464226354,1.3,50
1719464228356,1.3,25
1719464228886,1.25,1800
1719464229255,1.3,100
1719464229566,1.3,125
1719464231045,1.3,25
1719464231532,1.25,600
1719464232335,1.25,500
1719464232335,1.25,500
1719464233690,1.25,350
1719464233909,1.3,100
1719464233909,1.3,100
1719464235287,1.25,100
1719464235992,1.25,50
1719464235992,1.25,50
1719464235992,1.25,50
1719464237880,1.25,350
1719464238024,1.3,100
1719464238220,1.3,175
1719464239016,1.25,1350
1719464239278,1.25,1600
1719464239910,1.25,100
1719464239910,1.25,100
1719464240372,1.3,100
1719464240954,1.3,25
1719464240954,1.3,25
1719464240954,1.3,25
1719464242966,1.3,25
1719464243509,1.3,25
1719464243509,1.3,25
1719464244233,1.25,50
1719464244721,1.25,50
1719464245010,1.25,350
1719464246010,1.25,25
1719464246010,1.25,25
1719464246408,1.25,125
1719464247262,1.25,400
1719464247852,1.25,25
1719464248295,1.25,25
1719464248688,1.25,475
1719464249061,1.25,75
1719464250059,1.2,150
1719464250059,1.2,150
1719464250340,1.25,25
1719464250917,1.25,100
1719464251896,1.25,25
1719464251896,1.25,25
1719464253251,1.2,1500
1719464253539,1.25,125
1719464254208,1.25,575
1719464254775,1.25,100
1719464255461,1.25,50
1719464257046,1.2,25
1719464257046,1.2,25
1719464258216,1.25,100
1719464258216,1.25,100
1719464259131,1.25,250
1719464260079,1.25,175
1719464260079,1.25,175
1719464260079,1.25,175
1719464261755,1.2,50
1719464262216,1.2,425
1719464262380,1.25,125
1719464263234,1.2,75
1719464263234,1.2,75
1719464263234,1.2,75
1719464265594,1.25,25
1719464265594,1.25,25
1719464266138,1.2,200
1719464266773,1.25,100
1719464266773,1.25,100
1719464266773,1.25,100
1719464268353,1.25,200
1719464268649,1.2,75
1719464268870,1.2,50
1719464269616,1.25,100
1719464269616,1.25,100
1719464270815,1.2,300
1719464271282,1.2,25
1719464271875,1.2,50
1719464272304,1.2,200
1719464273072,1.2,500
1719464273072,1.2,500
1719464274023,1.2,25
1719464274329,1.25,125
1719464275011,1.2,100
1719464275011,1.2,100
1719464290456,1.25,125
1719464290456,1.25,125
1719464292343,1.2,125
1719464293133,1.25,100
1719464293339,1.25,100
1719464294125,1.2,50
1719464294349,1.25,100
1719464295120,1.2,50
1719464295324,1.2,50
1719464296230,1.2,50
1719464297322,1.25,50
1719464297520,1.25,400
1719464297520,1.25,400
1719464298016,1.2,25
1719464298507,1.25,200
1719464299128,1.2,25
1719464299128,1.2,25
1719464299749,1.25,700
1719464300720,1.2,25
1719464301250,1.2,350
1719464301826,1.2,25
1719464301826,1.2,25
1719464302730,1.25,300
1719464303252,1.25,25
1719464303820,1.2,350
1719464304346,1.2,50
1719464305106,1.2,50
1719464305325,1.2,50
1719464306314,1.2,50
1719464306534,1.25,200
1719464307344,1.2,50
1719464307742,1.2,50
1719464308332,1.2,50
1719464308944,1.2,50
1719464309339,1.2,50
1719464309925,1.2,50
1719464310309,1.2,50
1719464311150,1.2,50
1719464311352,1.2,50
1719464312123,1.2,50
1719464312353,1.2,50
1719464313142,1.2,50
1719464313545,1.2,150
1719464314341,1.2,50
1719464315277,1.15,1000
1719464315543,1.2,100
1719464315906,1.15,300
1719464316404,1.2,75
1719464317320,1.15,50
1719464317751,1.15,50
1719464318333,1.15,50
1719464318926,1.15,50
1719464319324,1.15,50
1719464319943,1.15,50
1719464320342,1.15,50
1719464320948,1.15,50
1719464321323,1.15,50
1719464322133,1.15,50
1719464322329,1.15,50
1719464323156,1.15,50
1719464323319,1.15,50
1719464323955,1.2,200
1719464324333,1.15,50
1719464324953,1.15,50
1719464325340,1.15,50
1719464325933,1.15,50
1719464326342,1.15,50
1719464326954,1.15,50
1719464327525,1.15,50
1719464327974,1.15,50
1719464328330,1.15,50
1719464328963,1.2,25
1719464329354,1.2,25
1719464330039,1.2,75
1719464330270,1.15,25
1719464330270,1.15,25
1719464367367,1.2,25
1719464368000,1.2,75
1719464368372,1.15,25
1719464368500,1.2,25
1719464368500,1.2,25
1719464370085,1.2,1500
1719464370329,1.15,75
1719464370900,1.2,25
1719464371292,1.2,250
1719464372100,1.2,25
1719464372100,1.2,25
1719464372426,1.15,50
1719464373200,1.2,25
1719464378043,1.2,400
1719464378330,1.2,50
1719464378330,1.2,50
1719464379001,1.2,25
1719464380000,1.2,75
1719464380100,1.2,25
1719464381022,1.2,150
1719464381335,1.2,150
1719464382225,1.15,75
1719464382369,1.2,100
1719464383085,1.15,100
1719464383600,1.2,25
1719464384242,1.2,175
1719464384800,1.2,25
1719464385000,1.2,250
1719464385900,1.2,25
1719464386364,1.2,25
1719464387001,1.2,25
1719464387395,1.2,300
1719464388357,1.2,75
1719464388447,1.2,250
1719464388632,1.2,25
1719464389336,1.15,125
1719464389834,1.15,450
1719464390393,1.2,25
1719464390500,1.2,25
1719464390500,1.2,25
1719464391995,1.15,25
1719464391995,1.15,25
1719464392899,1.15,25
1719464392899,1.15,25
1719464394204,1.2,700
1719464394204,1.2,700
1719464394204,1.2,700
1719464395307,1.15,150
1719464395484,1.15,50
1719464395484,1.15,50
1719464396527,1.2,50
1719464397600,1.15,25
1719464398132,1.2,150
1719464399183,1.2,1475
1719464399313,1.2,25
1719464400291,1.15,225
1719464400291,1.15,225
1719464400291,1.15,225
1719464401206,1.2,25
1719464401993,1.2,200
1719464402142,1.15,25
1719464402982,1.15,1175
1719464403200,1.2,25
1719464403840,1.15,25
1719464404400,1.2,25
1719464405005,1.15,25
1719464405211,1.15,25
1719464406050,1.15,1575
1719464406407,1.15,50
1719464407068,1.15,50
1719464407389,1.15,50
1719464408045,1.15,50
1719464408376,1.15,50
1719464409373,1.15,50
1719464409655,1.15,50
1719464410406,1.15,50
1719464411079,1.15,50
1719464411400,1.2,25
1719464412091,1.15,50
1719464412324,1.15,50
1719464413131,1.15,25
1719464413376,1.15,200
1719464413867,1.2,200
1719464414396,1.15,250
1719464414848,1.15,25
1719464415308,1.15,25
1719464415900,1.2,25
1719464416367,1.2,350
1719464417100,1.2,25
1719464417396,1.15,25
1719464417803,1.15,25
1719464418358,1.15,25
1719464419046,1.15,25
1719464419399,1.15,25
1719464420094,1.15,50
1719464420399,1.15,50
1719464421061,1.2,150
1719464421303,1.15,25
1719464422132,1.15,25
1719464422132,1.15,25
1719464422900,1.2,25
1719464423358,1.15,25
1719464423531,1.15,25
1719464424230,1.15,25
1719464424230,1.15,25
1719464425100,1.2,25
1719464426001,1.15,25
1719464426300,1.2,25
1719464426991,1.15,450
1719464427301,1.2,650
1719464427500,1.2,25
1719464428414,1.15,75
1719464429223,1.15,100
1719464429223,1.15,100
1719464429700,1.2,25
1719464429700,1.2,25
1719464430349,1.15,50
1719464430800,1.2,25
1719464430800,1.2,25
1719464432001,1.2,25
1719464432434,1.15,50
1719464433339,1.2,250
1719464433339,1.2,250
1719464434300,1.2,25
1719464434972,1.2,750
1719464435400,1.2,25
1719464436316,1.15,50
1719464436346,1.15,50
1719464437379,1.15,50
1719464438314,1.15,50
1719464438376,1.15,50
1719464439491,1.15,50
1719464440403,1.15,50
1719464441333,1.15,50
1719464441621,1.15,50
1719464442330,1.15,50
1719464442420,1.15,25
1719464442721,1.15,25
1719464443400,1.2,25
1719464443933,1.15,50
1719464444416,1.15,50
1719464445113,1.15,25
1719464445396,1.15,50
1719464446144,1.15,50
1719464446407,1.15,50
1719464447107,1.15,50
1719464447387,1.15,50
1719464448136,1.15,25
1719464448428,1.15,50
1719464449413,1.15,50
1719464449456,1.15,50
1719464450427,1.15,50
1719464450526,1.15,50
1719464450729,1.15,50
1719464451439,1.2,75
1719464451726,1.15,50
1719464452908,1.15,50
1719464453380,1.15,50
1719464466200,1.2,25
1719464466200,1.2,25
1719464466739,1.15,25
1719464467400,1.2,25
1719464467400,1.2,25
1719464468399,1.2,125
1719464468600,1.2,25
1719464469287,1.15,25
1719464470087,1.15,75
1719464470272,1.2,75
1719464471151,1.15,50
1719464471265,1.15,25
1719464472100,1.2,25
1719464472100,1.2,25
1719464473093,1.2,25
1719464473200,1.2,25
1719464474400,1.2,25
1719464474400,1.2,25
1719464475307,1.2,725
1719464475500,1.2,25
1719464476107,1.15,100
1719464476949,1.15,25
1719464477443,1.2,50
1719464478066,1.2,250
1719464478066,1.2,250
1719464478900,1.2,25
1719464478900,1.2,25
1719464508435,1.2,25
1719464508483,1.2,100
1719464508780,1.2,100
1719464509334,1.2,25
1719464509511,1.15,50
1719464510074,1.15,250
1719464510764,1.2,25
1719464511457,1.2,150
1719464511863,1.2,50
1719464511863,1.2,50
1719464520188,1.2,325
1719464520443,1.15,25
1719464521219,1.15,25
1719464521219,1.15,25
1719464522080,1.15,25
1719464522080,1.15,25
1719464523392,1.15,25
1719464523620,1.15,25
1719464524402,1.15,25
1719464524622,1.15,25
1719464524905,1.2,400
1719464524905,1.2,400
1719464533184,1.15,100
1719464536209,1.2,200
1719464537392,1.15,525
1719464538078,1.2,50
1719464539439,1.2,150
1719464539881,1.15,25
1719464540831,1.2,150
1719464541504,1.15,525
1719464541504,1.15,525
1719464542435,1.15,50
1719464542435,1.15,50
1719464542920,1.2,300
1719464544099,1.15,50
1719464544099,1.15,50
1719464544772,1.15,250
1719464544772,1.15,250
1719464546418,1.2,50
1719464547274,1.15,125
1719464547365,1.15,125
1719464547365,1.15,125
1719464548375,1.15,1350
1719464548929,1.15,250
1719464563088,1.2,25
1719464563490,1.2,650
1719464564489,1.2,75
1719464564489,1.2,75
1719464565323,1.2,200
1719464565588,1.15,375
1719464566497,1.2,125
1719464566657,1.2,125
1719464567468,1.25,125
1719464567468,1.25,125
1719464567921,1.2,25
1719464568585,1.2,375
1719464569544,1.25,25
1719464569883,1.2,975
1719464570495,1.25,125
1719464570718,1.25,975
1719464571311,1.25,600
1719464572226,1.2,100
1719464572226,1.2,100
1719464573340,1.2,350
1719464573340,1.2,350
1719464574256,1.2,725
1719464574256,1.2,725
1719464575213,1.25,50
1719464575375,1.2,600
1719464575375,1.2,600
1719464576622,1.2,350
1719464577064,1.2,100
1719464577439,1.2,100
1719464586164,1.25,250
1719464586164,1.25,250
1719464587350,1.2,250
1719464588123,1.2,1000
1719464588123,1.2,1000
1719464588123,1.2,1000
1719464589584,1.2,175
1719464589584,1.2,175
1719464591107,1.25,1350
1719464591107,1.25,1350
1719464591515,1.2,425
1719464592520,1.25,350
1719464593586,1.25,175
1719464594173,1.3,25
1719464594173,1.3,25
1719464595511,1.25,725
1719464596117,1.25,25
1719464596564,1.25,75
1719464597269,1.3,25
1719464597520,1.25,1500
1719464598054,1.25,300
1719464598401,1.25,25
1719464599336,1.25,550
1719464599601,1.25,725
1719464600526,1.25,475
1719464600638,1.25,25
1719464601492,1.35,25
1719464601492,1.35,25
1719464601936,1.3,25
1719464603051,1.3,300
1719464603463,1.3,100
1719464604754,1.3,275
1719464605455,1.3,525
1719464605770,1.3,125
1719464606730,1.35,1675
1719464607030,1.35,250
1719464607518,1.4,50
1719464608503,1.4,25
1719464609620,1.35,350
1719464610105,1.4,25
1719464610524,1.4,25
1719464611520,1.4,75
1719464611698,1.45,25
1719464612251,1.5,75
1719464612764,1.55,25
1719464613168,1.65,100
