time,price,volume
1719461502217,368.55,25
1719461502217,368.55,25
1719461505232,368.0,25
1719461505232,368.0,25
1719461505232,368.0,25
1719461507986,368.0,125
1719461507986,368.0,125
1719461509539,368.4,25
1719461509539,368.4,25
1719461509539,368.4,25
1719461509539,368.4,25
1719461509539,368.4,25
1719461509539,368.4,25
1719461509539,368.4,25
1719461509539,368.4,25
1719461509539,368.4,25
1719461521716,368.5,25
1719461521716,368.5,25
1719461523409,368.4,125
1719461524150,370.3,50
1719461524150,370.3,50
1719461524150,370.3,50
1719461524150,370.3,50
1719461524150,370.3,50
1719461524150,370.3,50
1719461524150,370.3,50
1719461524150,370.3,50
1719461524150,370.3,50
1719461537912,371.6,50
1719461537912,371.6,50
1719461537912,371.6,50
1719461537912,371.6,50
1719461544223,373.65,25
1719461544223,373.65,25
1719461545778,376.0,25
1719461545911,377.1,25
1719461546718,375.7,25
1719461546718,375.7,25
1719461546718,375.7,25
1719461546718,375.7,25
1719461546718,375.7,25
1719461546718,375.7,25
1719461546718,375.7,25
1719461546718,375.7,25
1719461546718,375.7,25
1719461546718,375.7,25
1719461546718,375.7,25
1719461546718,375.7,25
1719461546718,375.7,25
1719461565075,377.2,25
1719461565413,376.75,25
1719461565413,376.75,25
1719461567345,375.9,25
1719461567345,375.9,25
1719461567345,375.9,25
1719461570324,376.4,25
1719461570324,376.4,25
1719461570324,376.4,25
1719461570324,376.4,25
1719461570324,376.4,25
1719461570324,376.4,25
1719461570324,376.4,25
1719461570324,376.4,25
1719461570324,376.4,25
1719461570324,376.4,25
1719461584451,373.1,50
1719461584451,373.1,50
1719461584451,373.1,50
1719461584451,373.1,50
1719461584451,373.1,50
1719461584451,373.1,50
1719461584451,373.1,50
1719461584451,373.1,50
1719461584451,373.1,50
1719461584451,373.1,50
1719461584451,373.1,50
1719461584451,373.1,50
1719461584451,373.1,50
1719461584451,373.1,50
1719461584451,373.1,50
1719461584451,373.1,50
1719461584451,373.1,50
1719461584451,373.1,50
1719461584451,373.1,50
1719461584451,373.1,50
1719461584451,373.1,50
1719461584451,373.1,50
1719461584451,373.1,50
1719461584451,373.1,50
1719461621449,373.15,25
1719461621449,373.15,25
1719461624229,373.1,25
1719461624229,373.1,25
1719461624229,373.1,25
1719461628060,370.65,25
1719461628508,370.0,25
1719461628508,370.0,25
1719461628508,370.0,25
1719461628508,370.0,25
1719461628508,370.0,25
1719461635143,371.35,25
1719461635143,371.35,25
1719461635143,371.35,25
1719461635143,371.35,25
1719461635143,371.35,25
1719461635143,371.35,25
1719461635143,371.35,25
1719461635143,371.35,25
1719461635143,371.35,25
1719461635143,371.35,25
1719461635143,371.35,25
1719461650098,372.6,25
1719461650098,372.6,25
1719461652929,370.0,25
1719461654633,370.55,25
1719461654633,370.55,25
1719461654633,370.55,25
1719461654633,370.55,25
1719461654633,370.55,25
1719461654633,370.55,25
1719461664555,374.15,600
1719461664555,374.15,600
1719461664555,374.15,600
1719461664555,374.15,600
1719461668448,370.55,25
1719461668448,370.55,25
1719461668448,370.55,25
1719461668448,370.55,25
1719461668448,370.55,25
1719461673364,372.45,75
1719461673364,372.45,75
1719461673364,372.45,75
1719461677220,370.55,25
1719461677220,370.55,25
1719461677220,370.55,25
1719461677220,370.55,25
1719461677220,370.55,25
1719461683925,370.0,25
1719461683925,370.0,25
1719461683925,370.0,25
1719461683925,370.0,25
1719461688296,371.9,25
1719461689566,371.0,25
1719461689566,371.0,25
1719461690561,370.55,25
1719461691211,370.0,50
1719461691211,370.0,50
1719461691211,370.0,50
1719461691211,370.0,50
1719461691211,370.0,50
1719461697335,370.05,25
1719461697335,370.05,25
1719461697335,370.05,25
1719461697335,370.05,25
1719461701126,370.0,75
1719461701126,370.0,75
1719461702386,368.6,25
1719461702386,368.6,25
1719461702386,368.6,25
1719461702386,368.6,25
1719461707798,374.2,75
1719461707798,374.2,75
1719461709754,372.25,25
1719461709754,372.25,25
1719461709754,372.25,25
1719461709754,372.25,25
1719461709754,372.25,25
1719461709754,372.25,25
1719461709754,372.25,25
1719461709754,372.25,25
1719461722557,369.95,50
1719461722557,369.95,50
1719461747783,362.9,100
1719461747783,362.9,100
1719461747783,362.9,100
1719461747783,362.9,100
1719461747783,362.9,100
1719461756156,361.95,25
1719461756156,361.95,25
1719461756156,361.95,25
1719461759030,363.0,75
1719461759030,363.0,75
1719461759030,363.0,75
1719461759030,363.0,75
1719461759030,363.0,75
1719461764276,360.0,25
1719461764276,360.0,25
1719461765014,360.0,25
1719461765014,360.0,25
1719461767764,360.9,25
1719461767764,360.9,25
1719461767764,360.9,25
1719461767764,360.9,25
1719461771922,363.0,50
1719461771922,363.0,50
1719461773876,362.75,25
1719461773876,362.75,25
1719461775321,363.0,25
1719461775321,363.0,25
1719461775321,363.0,25
1719461775321,363.0,25
1719461780219,363.0,25
1719461780952,363.0,475
1719461780952,363.0,475
1719461780952,363.0,475
1719461780952,363.0,475
1719461780952,363.0,475
1719461780952,363.0,475
1719461780952,363.0,475
1719461780952,363.0,475
1719461780952,363.0,475
1719461780952,363.0,475
1719461780952,363.0,475
1719461780952,363.0,475
1719461780952,363.0,475
1719461780952,363.0,475
1719461780952,363.0,475
1719461780952,363.0,475
1719461780952,363.0,475
1719461805740,359.65,25
1719461805740,359.65,25
1719461805740,359.65,25
1719461805740,359.65,25
1719461810373,360.15,25
1719461810373,360.15,25
1719461812332,360.2,25
1719461812332,360.2,25
1719461812332,360.2,25
1719461816241,360.85,25
1719461816241,360.85,25
1719461817008,362.1,50
1719461817008,362.1,50
1719461819751,362.5,25
1719461819751,362.5,25
1719461819751,362.5,25
1719461819751,362.5,25
1719461819751,362.5,25
1719461819751,362.5,25
1719461825991,364.05,25
1719461826559,363.25,25
1719461826753,363.85,50
1719461826753,363.85,50
1719461826753,363.85,50
1719461826753,363.85,50
1719461826753,363.85,50
1719461826753,363.85,50
1719461826753,363.85,50
1719461826753,363.85,50
1719461826753,363.85,50
1719461826753,363.85,50
1719461826753,363.85,50
1719461843539,364.25,25
1719461843539,364.25,25
1719461843539,364.25,25
1719461847619,364.0,25
1719461847619,364.0,25
1719461848298,364.0,200
1719461848298,364.0,200
1719461850314,364.3,25
1719461850314,364.3,25
1719461850314,364.3,25
1719461850314,364.3,25
1719461850314,364.3,25
1719461855992,364.25,25
1719461855992,364.25,25
1719461855992,364.25,25
1719461855992,364.25,25
1719461855992,364.25,25
1719461855992,364.25,25
1719461855992,364.25,25
1719461866462,364.3,100
1719461867152,365.5,25
1719461867152,365.5,25
1719461867152,365.5,25
1719461867152,365.5,25
1719461867152,365.5,25
1719461867152,365.5,25
1719461867152,365.5,25
1719461867152,365.5,25
1719461867152,365.5,25
1719461867152,365.5,25
1719461867152,365.5,25
1719461867152,365.5,25
1719461884815,367.15,25
1719461884815,367.15,25
1719461884815,367.15,25
1719461884815,367.15,25
1719461884815,367.15,25
1719461892266,368.5,25
1719461892710,368.9,25
1719461892710,368.9,25
1719461892710,368.9,25
1719461892710,368.9,25
1719461892710,368.9,25
1719461892710,368.9,25
1719461892710,368.9,25
1719461892710,368.9,25
1719461892710,368.9,25
1719461906510,368.9,25
1719461906510,368.9,25
1719461906510,368.9,25
1719461910970,370.0,75
1719461910970,370.0,75
1719461910970,370.0,75
1719461910970,370.0,75
1719461910970,370.0,75
1719461910970,370.0,75
1719461910970,370.0,75
1719461910970,370.0,75
1719461910970,370.0,75
1719461910970,370.0,75
1719461910970,370.0,75
1719461910970,370.0,75
1719461910970,370.0,75
1719461910970,370.0,75
1719461910970,370.0,75
1719461910970,370.0,75
1719461910970,370.0,75
1719461910970,370.0,75
1719461910970,370.0,75
1719461910970,370.0,75
1719461910970,370.0,75
1719461910970,370.0,75
1719461943481,367.55,25
1719461943481,367.55,25
1719461943481,367.55,25
1719461943481,367.55,25
1719461943481,367.55,25
1719461943481,367.55,25
1719461943481,367.55,25
1719461943481,367.55,25
1719461943481,367.55,25
1719461957131,366.3,25
1719461957131,366.3,25
1719461958554,365.0,50
1719461958554,365.0,50
1719461958554,365.0,50
1719461958554,365.0,50
1719461958554,365.0,50
1719461958554,365.0,50
1719461967956,362.45,50
1719461967956,362.45,50
1719461967956,362.45,50
1719461967956,362.45,50
1719461967956,362.45,50
1719461967956,362.45,50
1719461967956,362.45,50
1719461975795,361.5,25
1719461975795,361.5,25
1719461975795,361.5,25
1719461975795,361.5,25
1719461975795,361.5,25
1719461983425,360.0,25
1719461983425,360.0,25
1719461983425,360.0,25
1719461983425,360.0,25
1719461987431,360.0,25
1719461987431,360.0,25
1719461987431,360.0,25
1719461987431,360.0,25
1719461992307,359.95,25
1719461992307,359.95,25
1719461992307,359.95,25
1719461992307,359.95,25
1719461992307,359.95,25
1719461992307,359.95,25
1719461992307,359.95,25
1719461992307,359.95,25
1719462002462,358.2,25
1719462002462,358.2,25
1719462005004,359.95,25
1719462005004,359.95,25
1719462007061,358.0,25
1719462008076,357.15,25
1719462008076,357.15,25
1719462008076,357.15,25
1719462008076,357.15,25
1719462012233,358.8,25
1719462012575,359.2,25
1719462012575,359.2,25
1719462013657,359.3,25
1719462013657,359.3,25
1719462013657,359.3,25
1719462013657,359.3,25
1719462013657,359.3,25
1719462013657,359.3,25
1719462021902,358.1,25
1719462021902,358.1,25
1719462021902,358.1,25
1719462021902,358.1,25
1719462027389,360.85,50
1719462027389,360.85,50
1719462027389,360.85,50
1719462027389,360.85,50
1719462027389,360.85,50
1719462027389,360.85,50
1719462027389,360.85,50
1719462036348,360.2,25
1719462036348,360.2,25
1719462036776,359.1,25
1719462036776,359.1,25
1719462036776,359.1,25
1719462040476,359.55,25
1719462040740,359.4,25
1719462040740,359.4,25
1719462042095,360.9,25
1719462042095,360.9,25
1719462042095,360.9,25
1719462042095,360.9,25
1719462042095,360.9,25
1719462042095,360.9,25
1719462042095,360.9,25
1719462042095,360.9,25
1719462054669,359.75,25
1719462054669,359.75,25
1719462054669,359.75,25
1719462054669,359.75,25
1719462054669,359.75,25
1719462054669,359.75,25
1719462061462,360.45,25
1719462061462,360.45,25
1719462063293,359.8,25
1719462063293,359.8,25
1719462063293,359.8,25
1719462063293,359.8,25
1719462063293,359.8,25
1719462063293,359.8,25
1719462063293,359.8,25
1719462072506,363.0,475
1719462072707,362.15,100
1719462072707,362.15,100
1719462072707,362.15,100
1719462072707,362.15,100
1719462072707,362.15,100
1719462072707,362.15,100
1719462072707,362.15,100
1719462082261,362.0,25
1719462082756,364.05,75
1719462083491,362.8,25
1719462083491,362.8,25
1719462083491,362.8,25
1719462088235,363.35,50
1719462088804,362.35,25
1719462088804,362.35,25
1719462088804,362.35,25
1719462088804,362.35,25
1719462088804,362.35,25
1719462093426,364.2,50
1719462093426,364.2,50
1719462093426,364.2,50
1719462096869,363.8,25
1719462096869,363.8,25
1719462099733,362.8,25
1719462099733,362.8,25
1719462099733,362.8,25
1719462099733,362.8,25
1719462099733,362.8,25
1719462099733,362.8,25
1719462108375,363.8,100
1719462108375,363.8,100
1719462108375,363.8,100
1719462108375,363.8,100
1719462112837,361.2,50
1719462113179,360.0,125
1719462113179,360.0,125
1719462113179,360.0,125
1719462113179,360.0,125
1719462113179,360.0,125
1719462113179,360.0,125
1719462113179,360.0,125
1719462113179,360.0,125
1719462122509,364.9,25
1719462122509,364.9,25
1719462122509,364.9,25
1719462122509,364.9,25
1719462122509,364.9,25
1719462122509,364.9,25
1719462122509,364.9,25
1719462132977,365.25,25
1719462132977,365.25,25
1719462132977,365.25,25
1719462132977,365.25,25
1719462132977,365.25,25
1719462132977,365.25,25
1719462132977,365.25,25
1719462132977,365.25,25
1719462132977,365.25,25
1719462132977,365.25,25
1719462147197,365.7,25
1719462147197,365.7,25
1719462147197,365.7,25
1719462147197,365.7,25
1719462147197,365.7,25
1719462147197,365.7,25
1719462147197,365.7,25
1719462156331,365.15,25
1719462156331,365.15,25
1719462158469,365.8,25
1719462158469,365.8,25
1719462158469,365.8,25
1719462158469,365.8,25
1719462163195,367.0,50
1719462163195,367.0,50
1719462163195,367.0,50
1719462163195,367.0,50
1719462168284,367.0,25
1719462168284,367.0,25
1719462168284,367.0,25
1719462168284,367.0,25
1719462173381,366.0,25
1719462173381,366.0,25
1719462174087,365.65,25
1719462175143,364.8,25
1719462175143,364.8,25
1719462175143,364.8,25
1719462175143,364.8,25
1719462175143,364.8,25
1719462175143,364.8,25
1719462175143,364.8,25
1719462175143,364.8,25
1719462175143,364.8,25
1719462175143,364.8,25
1719462175143,364.8,25
1719462175143,364.8,25
1719462175143,364.8,25
1719462175143,364.8,25
1719462175143,364.8,25
1719462175143,364.8,25
1719462175143,364.8,25
1719462200105,369.0,150
1719462200105,369.0,150
1719462200105,369.0,150
1719462200105,369.0,150
1719462200105,369.0,150
1719462206195,364.95,50
1719462206195,364.95,50
1719462207204,366.3,50
1719462207298,366.0,50
1719462207298,366.0,50
1719462209450,367.3,25
1719462209450,367.3,25
1719462209450,367.3,25
1719462209450,367.3,25
1719462213024,367.45,25
1719462213024,367.45,25
1719462213024,367.45,25
1719462213024,367.45,25
1719462213024,367.45,25
1719462213024,367.45,25
1719462220665,366.45,25
1719462222008,367.7,25
1719462222008,367.7,25
1719462224372,367.3,25
1719462224488,367.7,25
1719462225106,367.7,25
1719462225106,367.7,25
1719462225106,367.7,25
1719462225106,367.7,25
1719462230138,368.3,25
1719462230138,368.3,25
1719462231070,368.6,25
1719462231070,368.6,25
1719462231070,368.6,25
1719462234195,367.95,25
1719462235337,367.85,25
1719462236475,368.3,25
1719462236475,368.3,25
1719462236475,368.3,25
1719462236475,368.3,25
1719462236475,368.3,25
1719462236475,368.3,25
1719462236475,368.3,25
1719462236475,368.3,25
1719462236475,368.3,25
1719462236475,368.3,25
1719462236475,368.3,25
1719462251656,367.3,25
1719462251656,367.3,25
1719462253042,368.7,50
1719462253042,368.7,50
1719462253042,368.7,50
1719462256528,367.6,25
1719462256528,367.6,25
1719462256528,367.6,25
1719462259508,367.65,25
1719462259508,367.65,25
1719462260296,367.2,25
1719462260296,367.2,25
1719462260296,367.2,25
1719462260296,367.2,25
1719462260296,367.2,25
1719462268270,365.95,25
1719462268270,365.95,25
1719462268270,365.95,25
1719462268270,365.95,25
1719462268270,365.95,25
1719462268270,365.95,25
1719462268270,365.95,25
1719462275490,366.05,25
1719462275490,366.05,25
1719462277499,364.45,25
1719462278051,364.25,25
1719462278051,364.25,25
1719462278051,364.25,25
1719462278051,364.25,25
1719462282760,363.2,25
1719462283443,363.8,25
1719462283443,363.8,25
1719462283443,363.8,25
1719462286913,364.15,25
1719462288005,364.0,1000
1719462288005,364.0,1000
1719462289860,362.1,50
1719462289860,362.1,50
1719462289860,362.1,50
1719462289860,362.1,50
1719462289860,362.1,50
1719462289860,362.1,50
1719462289860,362.1,50
1719462289860,362.1,50
1719462289860,362.1,50
1719462301713,361.85,25
1719462301713,361.85,25
1719462301713,361.85,25
1719462304366,362.05,25
1719462304366,362.05,25
1719462304366,362.05,25
1719462307556,362.45,25
1719462308022,361.15,25
1719462308022,361.15,25
1719462308022,361.15,25
1719462310457,362.4,50
1719462312066,360.0,150
1719462312066,360.0,150
1719462312841,358.95,25
1719462313566,359.3,25
1719462313566,359.3,25
1719462315111,359.25,25
1719462316482,360.7,25
1719462316482,360.7,25
1719462318077,358.8,25
1719462318077,358.8,25
1719462320474,360.05,25
1719462320474,360.05,25
1719462323178,360.3,25
1719462323178,360.3,25
1719462323178,360.3,25
1719462325426,360.45,25
1719462326018,360.35,25
1719462326812,360.2,25
1719462326812,360.2,25
1719462328695,358.5,25
1719462328695,358.5,25
1719462328695,358.5,25
1719462328695,358.5,25
1719462330385,357.9,25
1719462330889,358.6,25
1719462330889,358.6,25
1719462330889,358.6,25
1719462330889,358.6,25
1719462330889,358.6,25
1719462330889,358.6,25
1719462338716,361.15,50
1719462338716,361.15,50
1719462338716,361.15,50
1719462338716,361.15,50
1719462338716,361.15,50
1719462338716,361.15,50
1719462338716,361.15,50
1719462338716,361.15,50
1719462349380,360.5,50
1719462349380,360.5,50
1719462351351,359.7,25
1719462351351,359.7,25
1719462351351,359.7,25
1719462355206,360.1,25
1719462355206,360.1,25
1719462358303,361.8,25
1719462358303,361.8,25
1719462358303,361.8,25
1719462358303,361.8,25
1719462361561,360.6,25
1719462361561,360.6,25
1719462361561,360.6,25
1719462365012,361.9,25
1719462365012,361.9,25
1719462366910,362.35,25
1719462366910,362.35,25
1719462367403,363.0,25
1719462367403,363.0,25
1719462370703,361.55,25
1719462371816,361.8,50
1719462371816,361.8,50
1719462371816,361.8,50
1719462371816,361.8,50
1719462371816,361.8,50
1719462377462,360.4,25
1719462377462,360.4,25
1719462380501,363.0,25
1719462380501,363.0,25
1719462380501,363.0,25
1719462380501,363.0,25
1719462380501,363.0,25
1719462380501,363.0,25
1719462380501,363.0,25
1719462380501,363.0,25
1719462380501,363.0,25
1719462393120,363.0,50
1719462393120,363.0,50
1719462393120,363.0,50
1719462396303,361.15,25
1719462397185,360.0,25
1719462397185,360.0,25
1719462398725,360.0,125
1719462398725,360.0,125
1719462400317,356.4,25
1719462400672,355.0,25
1719462400828,354.45,50
1719462402278,353.55,25
1719462402902,353.55,25
1719462402902,353.55,25
1719462402902,353.55,25
1719462405719,353.55,25
1719462406500,353.7,25
1719462406844,353.0,25
1719462407253,352.8,50
1719462408288,351.05,25
1719462408850,350.0,25
1719462409331,350.1,25
1719462410159,351.35,25
1719462410634,351.35,25
1719462410634,351.35,25
1719462412246,350.5,25
1719462412246,350.5,25
1719462413411,350.25,50
1719462413638,350.25,25
1719462413938,349.95,25
1719462413938,349.95,25
1719462413938,349.95,25
1719462417592,345.9,25
1719462417780,345.95,25
1719462417780,345.95,25
1719462419102,345.0,50
1719462419343,345.05,25
1719462419343,345.05,25
1719462419343,345.05,25
1719462421587,342.75,25
1719462422271,340.0,25
1719462422525,340.0,25
1719462423038,340.45,50
1719462423555,341.55,25
1719462423555,341.55,25
1719462424765,343.35,75
1719462425695,342.0,25
1719462425789,342.65,75
1719462427245,342.0,50
1719462427245,342.0,50
1719462428531,344.05,50
1719462428531,344.05,50
1719462428531,344.05,50
1719462431751,344.4,25
1719462432111,342.7,25
1719462432111,342.7,25
1719462432822,343.85,25
1719462433764,344.5,25
1719462433764,344.5,25
1719462435278,342.0,25
1719462435697,342.0,325
1719462435697,342.0,325
1719462435697,342.0,325
1719462437503,341.95,25
1719462438093,341.95,25
1719462438093,341.95,25
1719462438093,341.95,25
1719462438093,341.95,25
1719462442595,342.0,25
1719462442595,342.0,25
1719462445333,340.85,50
1719462445333,340.85,50
1719462447197,340.6,25
1719462447859,340.45,25
1719462448871,341.4,25
1719462448871,341.4,25
1719462448871,341.4,25
1719462448871,341.4,25
1719462451919,342.15,25
1719462451975,341.9,25
1719462451975,341.9,25
1719462452917,343.7,25
1719462452917,343.7,25
1719462454375,342.05,25
1719462454375,342.05,25
1719462454375,342.05,25
1719462457387,341.6,50
1719462458858,343.0,25
1719462458858,343.0,25
1719462461392,341.7,25
1719462462303,341.1,125
1719462462303,341.1,125
1719462462303,341.1,125
1719462465131,339.9,25
1719462465131,339.9,25
1719462465131,339.9,25
1719462468970,336.0,100
1719462469655,335.7,25
1719462470360,334.4,25
1719462470360,334.4,25
1719462470974,333.75,25
1719462471852,333.0,400
1719462471852,333.0,400
1719462473180,331.3,50
1719462473180,331.3,50
1719462475447,332.5,25
1719462475447,332.5,25
1719462476809,330.45,25
1719462477350,330.65,50
1719462477350,330.65,50
1719462478357,331.1,25
1719462478357,331.1,25
1719462480716,330.0,50
1719462480716,330.0,50
1719462481847,328.95,25
1719462481847,328.95,25
1719462482695,327.05,50
1719462483116,327.15,75
1719462483717,327.8,25
1719462483717,327.8,25
1719462485215,327.25,25
1719462485215,327.25,25
1719462486375,328.55,50
1719462486867,329.65,25
1719462486867,329.65,25
1719462488096,329.5,100
1719462488096,329.5,100
1719462489244,329.25,25
1719462489833,329.25,25
1719462490594,331.1,50
1719462490594,331.1,50
1719462490594,331.1,50
1719462490594,331.1,50
1719462490594,331.1,50
1719462490594,331.1,50
1719462497954,329.45,25
1719462497954,329.45,25
1719462499251,330.25,50
1719462499251,330.25,50
1719462499251,330.25,50
1719462499251,330.25,50
1719462499251,330.25,50
1719462507168,326.9,25
1719462507168,326.9,25
1719462507168,326.9,25
1719462507168,326.9,25
1719462507168,326.9,25
1719462513412,325.75,25
1719462513412,325.75,25
1719462513412,325.75,25
1719462513412,325.75,25
1719462516820,326.4,25
1719462516820,326.4,25
1719462516820,326.4,25
1719462516820,326.4,25
1719462521187,328.9,25
1719462521187,328.9,25
1719462523547,329.5,25
1719462523547,329.5,25
1719462523547,329.5,25
1719462523547,329.5,25
1719462523547,329.5,25
1719462523547,329.5,25
1719462523547,329.5,25
1719462534086,329.5,25
1719462534086,329.5,25
1719462534086,329.5,25
1719462536015,329.5,525
1719462536015,329.5,525
1719462537645,328.55,25
1719462538650,328.5,25
1719462538887,328.45,25
1719462538887,328.45,25
1719462540316,328.85,25
1719462540316,328.85,25
1719462540316,328.85,25
1719462540316,328.85,25
1719462540316,328.85,25
1719462546592,329.45,75
1719462547476,328.55,25
1719462547476,328.55,25
1719462548812,328.85,25
1719462548812,328.85,25
1719462548812,328.85,25
1719462552487,327.0,25
1719462553473,328.15,25
1719462553473,328.15,25
1719462554123,327.0,25
1719462555115,327.0,75
1719462555115,327.0,75
1719462556512,326.0,75
1719462557146,325.45,25
1719462557146,325.45,25
1719462558032,325.5,25
1719462558032,325.5,25
1719462560078,326.25,50
1719462560472,326.45,50
1719462560472,326.45,50
1719462561962,326.4,25
1719462561962,326.4,25
1719462562857,326.2,25
1719462562857,326.2,25
1719462565361,326.65,50
1719462565361,326.65,50
1719462565361,326.65,50
1719462568042,325.35,25
1719462568042,325.35,25
1719462569690,326.3,50
1719462569690,326.3,50
1719462569690,326.3,50
1719462571487,324.7,25
1719462571487,324.7,25
1719462573437,324.9,25
1719462573437,324.9,25
1719462574375,325.15,25
1719462575484,326.2,25
1719462575484,326.2,25
1719462576712,327.2,25
1719462576712,327.2,25
1719462577971,327.45,25
1719462577971,327.45,25
1719462579536,328.4,25
1719462579536,328.4,25
1719462579536,328.4,25
1719462579536,328.4,25
1719462579536,328.4,25
1719462579536,328.4,25
1719462579536,328.4,25
1719462579536,328.4,25
1719462579536,328.4,25
1719462594126,326.3,25
1719462594126,326.3,25
1719462594126,326.3,25
1719462594126,326.3,25
1719462600248,325.0,25
1719462600716,324.1,50
1719462600914,324.0,25
1719462600914,324.0,25
1719462600914,324.0,25
1719462603350,323.6,25
1719462603831,325.35,50
1719462603831,325.35,50
1719462604689,325.85,50
1719462604689,325.85,50
1719462604689,325.85,50
1719462604689,325.85,50
1719462604689,325.85,50
1719462612320,326.1,25
1719462614041,326.05,100
1719462614041,326.05,100
1719462614703,325.55,50
1719462614703,325.55,50
1719462616420,324.95,25
1719462616799,325.85,50
1719462616799,325.85,50
1719462616799,325.85,50
1719462616799,325.85,50
1719462624117,327.9,25
1719462624117,327.9,25
1719462624117,327.9,25
1719462627111,327.45,25
1719462627964,326.9,25
1719462628815,326.1,25
1719462628815,326.1,25
1719462629825,326.2,25
1719462629825,326.2,25
1719462630935,325.65,25
1719462631144,325.35,25
1719462631938,325.6,50
1719462633392,324.5,25
1719462633392,324.5,25
1719462634414,323.9,25
1719462634789,324.45,25
1719462634789,324.45,25
1719462634789,324.45,25
1719462637477,324.0,25
1719462638192,324.0,25
1719462639000,325.0,75
1719462639000,325.0,75
1719462639852,325.4,25
1719462639852,325.4,25
1719462641747,324.6,25
1719462642317,324.95,25
1719462643525,325.45,25
1719462644011,326.6,25
1719462644011,326.6,25
1719462646870,324.45,25
1719462647237,324.0,25
1719462647329,324.0,250
1719462647329,324.0,250
1719462647329,324.0,250
1719462647329,324.0,250
1719462652355,324.0,25
1719462653912,326.5,550
1719462653912,326.5,550
1719462655040,325.05,25
1719462655474,325.0,25
1719462655474,325.0,25
1719462655474,325.0,25
1719462655474,325.0,25
1719462659285,322.3,25
1719462660425,321.0,25
1719462660979,320.0,25
1719462661461,320.0,25
1719462661461,320.0,25
1719462663256,320.35,50
1719462702308,316.55,25
1719462706910,316.2,25
1719462707193,316.2,25
1719462707193,316.2,25
1719462709805,316.6,25
1719462710795,316.8,25
1719462710795,316.8,25
1719462712530,315.0,25
1719462712568,315.0,25
1719462713552,314.8,25
1719462714006,314.1,25
1719462714006,314.1,25
1719462715205,313.7,25
1719462715205,313.7,25
1719462716486,313.75,25
1719462716486,313.75,25
1719462717709,313.4,25
1719462718455,313.4,25
1719462718455,313.4,25
1719462720004,313.5,25
1719462720004,313.5,25
1719462721101,311.0,125
1719462721360,310.55,50
1719462722426,308.55,25
1719462722809,309.45,25
1719462722809,309.45,25
1719462722809,309.45,25
1719462722809,309.45,25
1719462728807,308.6,25
1719462728807,308.6,25
1719462728807,308.6,25
1719462731058,310.15,25
1719462731058,310.15,25
1719462731541,310.15,50
1719462731541,310.15,50
1719462733567,310.8,25
1719462733567,310.8,25
1719462735753,312.0,25
1719462735753,312.0,25
1719462736709,311.65,25
1719462736709,311.65,25
1719462736709,311.65,25
1719462740804,311.95,25
1719462740804,311.95,25
1719462740804,311.95,25
1719462743949,312.2,50
1719462744331,311.4,25
1719462744331,311.4,25
1719462746112,311.45,25
1719462746112,311.45,25
1719462746112,311.45,25
1719462746112,311.45,25
1719462746112,311.45,25
1719462746112,311.45,25
1719462746112,311.45,25
1719462754457,311.4,50
1719462754457,311.4,50
1719462756739,311.1,50
1719462757013,310.0,25
1719462757013,310.0,25
1719462757013,310.0,25
1719462757013,310.0,25
1719462757013,310.0,25
1719462764134,311.4,25
1719462764134,311.4,25
1719462764134,311.4,25
1719462766671,310.4,25
1719462766671,310.4,25
1719462768268,310.6,25
1719462769075,310.0,25
1719462769075,310.0,25
1719462769075,310.0,25
1719462771039,310.15,50
1719462771039,310.15,50
1719462771039,310.15,50
1719462775640,306.9,50
1719462776062,304.8,25
1719462776062,304.8,25
1719462778906,306.6,25
1719462778906,306.6,25
1719462778906,306.6,25
1719462781033,305.95,25
1719462781499,304.75,25
1719462781499,304.75,25
1719462784181,303.3,25
1719462784350,303.3,25
1719462785219,303.0,250
1719462785839,304.2,75
1719462786221,304.05,50
1719462786221,304.05,50
1719462788196,303.3,25
1719462788196,303.3,25
1719462790558,301.0,25
1719462790558,301.0,25
1719462791195,301.0,25
1719462791778,302.05,25
1719462792505,301.7,25
1719462793262,303.05,25
1719462793479,302.55,250
1719462793479,302.55,250
1719462795286,302.55,25
1719462795286,302.55,25
1719462797094,303.3,25
1719462797094,303.3,25
1719462797094,303.3,25
1719462800739,301.65,25
1719462800739,301.65,25
1719462800739,301.65,25
1719462802721,302.9,25
1719462802721,302.9,25
1719462802721,302.9,25
1719462806091,302.9,75
1719462806505,304.15,25
1719462806505,304.15,25
1719462807682,304.45,50
1719462808292,305.0,375
1719462808789,305.7,25
1719462809551,306.05,50
1719462810564,306.1,25
1719462810564,306.1,25
1719462812180,307.65,50
1719462812180,307.65,50
1719462812180,307.65,50
1719462814422,305.95,50
1719462814422,305.95,50
1719462814422,305.95,50
1719462817908,306.0,125
1719462817908,306.0,125
1719462819737,308.05,25
1719462819737,308.05,25
1719462819737,308.05,25
1719462823311,309.05,25
1719462823311,309.05,25
1719462824948,308.55,75
1719462824948,308.55,75
1719462826686,309.6,25
1719462826686,309.6,25
1719462828094,308.35,25
1719462829141,310.0,150
1719462829141,310.0,150
1719462829552,308.8,25
1719462829552,308.8,25
1719462829552,308.8,25
1719462833200,307.8,50
1719462833200,307.8,50
1719462833200,307.8,50
1719462833200,307.8,50
1719462833200,307.8,50
1719462833200,307.8,50
1719462833200,307.8,50
1719462833200,307.8,50
1719462833200,307.8,50
1719462844588,306.7,25
1719462845494,306.4,25
1719462845494,306.4,25
1719462846458,308.05,25
1719462846458,308.05,25
1719462846458,308.05,25
1719462846458,308.05,25
1719462852009,307.8,100
1719462852009,307.8,100
1719462852663,307.95,100
1719462853335,308.25,25
1719462853335,308.25,25
1719462853335,308.25,25
1719462856664,308.9,25
1719462856664,308.9,25
1719462856664,308.9,25
1719462856664,308.9,25
1719462856664,308.9,25
1719462862788,307.9,50
1719462862788,307.9,50
1719462865640,306.7,25
1719462865640,306.7,25
1719462865640,306.7,25
1719462865640,306.7,25
1719463133946,306.65,25
1719463136414,306.0,25
1719463136414,306.0,25
1719463136414,306.0,25
1719463317190,301.6,50
1719463317190,301.6,50
1719463317190,301.6,50
1719463323403,301.15,25
1719463323403,301.15,25
1719463323403,301.15,25
1719463326485,300.95,25
1719463327111,300.75,25
1719463328116,301.65,75
1719463328116,301.65,75
1719463328116,301.65,75
1719463331021,301.7,25
1719463331021,301.7,25
1719463332298,301.05,25
1719463332298,301.05,25
1719463332298,301.05,25
1719463335503,301.7,100
1719463335503,301.7,100
1719463335503,301.7,100
1719463339699,301.2,25
1719463339699,301.2,25
1719463339699,301.2,25
1719463344868,302.1,50
1719463344868,302.1,50
1719463346746,301.9,50
1719463346746,301.9,50
1719463346746,301.9,50
1719463346746,301.9,50
1719463351256,301.05,25
1719463351256,301.05,25
1719463351256,301.05,25
1719463351256,301.05,25
1719463355207,300.15,125
1719463355484,300.3,25
1719463355484,300.3,25
1719463357013,299.0,25
1719463357139,299.75,75
1719463357139,299.75,75
1719463357139,299.75,75
1719463357139,299.75,75
1719463361776,298.0,25
1719463361776,298.0,25
1719463361776,298.0,25
1719463361776,298.0,25
1719463361776,298.0,25
1719463361776,298.0,25
1719463361776,298.0,25
1719463372256,299.4,25
1719463372256,299.4,25
1719463372256,299.4,25
1719463372256,299.4,25
1719463372256,299.4,25
1719463372256,299.4,25
1719463372256,299.4,25
1719463372256,299.4,25
1719463372256,299.4,25
1719463384644,300.6,25
1719463384644,300.6,25
1719463385261,301.15,50
1719463385261,301.15,50
1719463386876,300.25,50
1719463386876,300.25,50
1719463386876,300.25,50
1719463386876,300.25,50
1719463386876,300.25,50
1719463394060,302.8,25
1719463394060,302.8,25
1719463394060,302.8,25
1719463398173,303.1,75
1719463398173,303.1,75
1719463398173,303.1,75
1719463398173,303.1,75
1719463403759,303.1,25
1719463404319,304.1,50
1719463404319,304.1,50
1719463405884,303.85,50
1719463406274,304.4,25
1719463406274,304.4,25
1719463407331,305.8,50
1719463407331,305.8,50
1719463408821,305.8,150
1719463409646,306.25,125
1719463409646,306.25,125
1719463410452,306.75,100
1719463411076,307.6,25
1719463411803,305.15,50
1719463411803,305.15,50
1719463411803,305.15,50
1719463411803,305.15,50
1719463411803,305.15,50
1719463411803,305.15,50
1719463411803,305.15,50
1719463411803,305.15,50
1719463411803,305.15,50
1719463411803,305.15,50
1719463428087,307.8,50
1719463428228,309.1,50
1719463428641,312.0,100
1719463429151,311.45,25
1719463429151,311.45,25
1719463432508,312.3,25
1719463432508,312.3,25
1719463432508,312.3,25
1719463432508,312.3,25
1719463432508,312.3,25
1719463438757,311.1,25
1719463439373,312.25,25
1719463439373,312.25,25
1719463439373,312.25,25
1719463439373,312.25,25
1719463441736,310.45,25
1719463441736,310.45,25
1719463441736,310.45,25
1719463445045,310.1,25
1719463445303,309.0,75
1719463445303,309.0,75
1719463445303,309.0,75
1719463445303,309.0,75
1719463445303,309.0,75
1719463445303,309.0,75
1719463445303,309.0,75
1719463445303,309.0,75
1719463445303,309.0,75
1719463445303,309.0,75
1719463445303,309.0,75
1719463445303,309.0,75
1719463445303,309.0,75
1719463445303,309.0,75
1719463445303,309.0,75
1719463445303,309.0,75
1719463470236,307.6,25
1719463470236,307.6,25
1719463470236,307.6,25
1719463472573,305.8,25
1719463472573,305.8,25
1719463472573,305.8,25
1719463472573,305.8,25
1719463472573,305.8,25
1719463479210,308.4,75
1719463479210,308.4,75
1719463480642,308.7,50
1719463480642,308.7,50
1719463483284,310.2,50
1719463483284,310.2,50
1719463484469,308.9,50
1719463484469,308.9,50
1719463486503,308.25,75
1719463486503,308.25,75
1719463486503,308.25,75
1719463486503,308.25,75
1719463486503,308.25,75
1719463486503,308.25,75
1719463493812,310.3,25
1719463493812,310.3,25
1719463493812,310.3,25
1719463497955,310.1,25
1719463497955,310.1,25
1719463498930,310.3,75
1719463498930,310.3,75
1719463498930,310.3,75
1719463498930,310.3,75
1719463498930,310.3,75
1719463498930,310.3,75
1719463505725,311.0,125
1719463505725,311.0,125
1719463505725,311.0,125
1719463505725,311.0,125
1719463510073,310.35,25
1719463510073,310.35,25
1719463510073,310.35,25
1719463513411,311.5,100
1719463513411,311.5,100
1719463513411,311.5,100
1719463513411,311.5,100
1719463513411,311.5,100
1719463513411,311.5,100
1719463521767,310.35,25
1719463521767,310.35,25
1719463524672,308.0,25
1719463524672,308.0,25
1719463527024,308.25,50
1719463527024,308.25,50
1719463527024,308.25,50
1719463527024,308.25,50
1719463527024,308.25,50
1719463531589,306.85,25
1719463531589,306.85,25
1719463531589,306.85,25
1719463536400,305.6,25
1719463537009,305.0,500
1719463537480,304.45,25
1719463537480,304.45,25
1719463539087,304.85,25
1719463539087,304.85,25
1719463539087,304.85,25
1719463541726,305.65,25
1719463543393,305.05,25
1719463544239,305.05,25
1719463544239,305.05,25
1719463545733,305.05,925
1719463545733,305.05,925
1719463547503,305.1,50
1719463547503,305.1,50
1719463548810,302.75,75
1719463548810,302.75,75
1719463548810,302.75,75
1719463548810,302.75,75
1719463548810,302.75,75
1719463555572,305.15,25
1719463555572,305.15,25
1719463555572,305.15,25
1719463555572,305.15,25
1719463555572,305.15,25
1719463555572,305.15,25
1719463562237,305.85,1000
1719463563095,306.0,25
1719463563095,306.0,25
1719463564509,307.0,775
1719463564509,307.0,775
1719463564509,307.0,775
1719463564509,307.0,775
1719463564509,307.0,775
1719463564509,307.0,775
1719463572688,307.65,25
1719463572688,307.65,25
1719463572688,307.65,25
1719463572688,307.65,25
1719463572688,307.65,25
1719463572688,307.65,25
1719463572688,307.65,25
1719463572688,307.65,25
1719463583902,310.0,100
1719463584639,310.0,25
1719463584639,310.0,25
1719463584639,310.0,25
1719463584639,310.0,25
1719463584639,310.0,25
1719463584639,310.0,25
1719463584639,310.0,25
1719463584639,310.0,25
1719463584639,310.0,25
1719463584639,310.0,25
1719463584639,310.0,25
1719463584639,310.0,25
1719463584639,310.0,25
1719463602918,308.6,25
1719463602918,308.6,25
1719463602918,308.6,25
1719463605512,306.75,25
1719463605694,306.0,975
1719463605694,306.0,975
1719463605694,306.0,975
1719463605694,306.0,975
1719463605694,306.0,975
1719463605694,306.0,975
1719463605694,306.0,975
1719463605694,306.0,975
1719463605694,306.0,975
1719463605694,306.0,975
1719463605694,306.0,975
1719463605694,306.0,975
1719463622250,310.65,50
1719463622250,310.65,50
1719463622250,310.65,50
1719463622250,310.65,50
1719463622250,310.65,50
1719463622250,310.65,50
1719463622250,310.65,50
1719463622250,310.65,50
1719463622250,310.65,50
1719463622250,310.65,50
1719463637783,307.05,25
1719463637783,307.05,25
1719463637783,307.05,25
1719463637783,307.05,25
1719463637783,307.05,25
1719463637783,307.05,25
1719463637783,307.05,25
1719463637783,307.05,25
1719463637783,307.05,25
1719463650671,310.8,100
1719463650671,310.8,100
1719463650671,310.8,100
1719463650671,310.8,100
1719463650671,310.8,100
1719463650671,310.8,100
1719463650671,310.8,100
1719463650671,310.8,100
1719463650671,310.8,100
1719463650671,310.8,100
1719463650671,310.8,100
1719463650671,310.8,100
1719463650671,310.8,100
1719463650671,310.8,100
1719463650671,310.8,100
1719463672674,310.65,100
1719463672674,310.65,100
1719463672674,310.65,100
1719463672674,310.65,100
1719463672674,310.65,100
1719463679220,310.5,50
1719463679220,310.5,50
1719463680711,311.5,50
1719463680711,311.5,50
1719463680711,311.5,50
1719463683296,310.4,50
1719463683296,310.4,50
1719463683296,310.4,50
1719463686766,309.6,25
1719463686766,309.6,25
1719463686766,309.6,25
1719463686766,309.6,25
1719463686766,309.6,25
1719463693149,311.0,125
1719463693149,311.0,125
1719463693852,310.6,50
1719463693852,310.6,50
1719463695725,310.35,25
1719463696027,312.0,50
1719463696027,312.0,50
1719463697832,310.05,25
1719463697832,310.05,25
1719463697832,310.05,25
1719463697832,310.05,25
1719463702489,310.75,25
1719463702849,310.15,50
1719463702849,310.15,50
1719463702849,310.15,50
1719463702849,310.15,50
1719463708128,309.0,50
1719463708128,309.0,50
1719463708128,309.0,50
1719463710622,309.0,50
1719463710622,309.0,50
1719463710622,309.0,50
1719463710622,309.0,50
1719463714625,308.0,25
1719463714625,308.0,25
1719463715427,308.45,50
1719463715427,308.45,50
1719463715427,308.45,50
1719463719550,306.5,50
1719463720024,306.0,125
1719463720024,306.0,125
1719463721745,306.0,200
1719463721745,306.0,200
1719463721745,306.0,200
1719463721745,306.0,200
1719463726735,307.15,25
1719463726735,307.15,25
1719463726735,307.15,25
1719463729502,309.35,25
1719463729502,309.35,25
1719463729502,309.35,25
1719463729502,309.35,25
1719463729502,309.35,25
1719463729502,309.35,25
1719463729502,309.35,25
1719463729502,309.35,25
1719463729502,309.35,25
1719463741398,306.6,25
1719463741398,306.6,25
1719463741398,306.6,25
1719463741398,306.6,25
1719463741398,306.6,25
1719463741398,306.6,25
1719463741398,306.6,25
1719463741398,306.6,25
1719463741398,306.6,25
1719463741398,306.6,25
1719463741398,306.6,25
1719463741398,306.6,25
1719463759502,305.0,200
1719463760222,303.95,25
1719463760222,303.95,25
1719463760222,303.95,25
1719463760222,303.95,25
1719463763958,303.65,75
1719463764886,304.05,75
1719463764886,304.05,75
1719463766309,304.75,50
1719463766309,304.75,50
1719463766309,304.75,50
1719463766309,304.75,50
1719463766309,304.75,50
1719463771665,305.1,25
1719463771665,305.1,25
1719463771665,305.1,25
1719463771665,305.1,25
1719463771665,305.1,25
1719463777936,302.5,50
1719463777936,302.5,50
1719463777936,302.5,50
1719463777936,302.5,50
1719463777936,302.5,50
1719463777936,302.5,50
1719463777936,302.5,50
1719463777936,302.5,50
1719463777936,302.5,50
1719463793611,302.75,25
1719463793611,302.75,25
1719463793611,302.75,25
1719463793611,302.75,25
1719463793611,302.75,25
1719463793611,302.75,25
1719463793611,302.75,25
1719463803756,303.65,25
1719463803756,303.65,25
1719463804186,303.65,25
1719463804186,303.65,25
1719463806230,304.25,50
1719463806230,304.25,50
1719463806230,304.25,50
1719463806230,304.25,50
1719463810853,302.5,450
1719463810853,302.5,450
1719463813145,302.0,25
1719463813194,301.5,75
1719463813927,301.0,50
1719463813927,301.0,50
1719463813927,301.0,50
1719463813927,301.0,50
1719463819088,303.5,75
1719463819861,301.5,75
1719463819861,301.5,75
1719463819861,301.5,75
1719463823117,302.25,125
1719463823117,302.25,125
1719463823117,302.25,125
1719463826373,302.35,50
1719463826373,302.35,50
1719463826373,302.35,50
1719463828776,303.35,50
1719463828776,303.35,50
1719463828776,303.35,50
1719463828776,303.35,50
1719463828776,303.35,50
1719463828776,303.35,50
1719463828776,303.35,50
1719463837263,303.9,50
1719463838257,305.7,25
1719463838257,305.7,25
1719463838257,305.7,25
1719463838257,305.7,25
1719463842297,305.75,50
1719463843539,307.25,50
1719463843539,307.25,50
1719463843539,307.25,50
1719463843539,307.25,50
1719463843539,307.25,50
1719463849371,307.0,25
1719463849371,307.0,25
1719463849371,307.0,25
1719463852940,306.9,25
1719463852940,306.9,25
1719463852940,306.9,25
1719463852940,306.9,25
1719463852940,306.9,25
1719463860102,305.0,325
1719463860102,305.0,325
1719463860102,305.0,325
1719463861473,304.2,25
1719463861473,304.2,25
1719463861473,304.2,25
1719463861473,304.2,25
1719463861473,304.2,25
1719463861473,304.2,25
1719463861473,304.2,25
1719463861473,304.2,25
1719463861473,304.2,25
1719463861473,304.2,25
1719463861473,304.2,25
1719463878334,304.35,25
1719463878334,304.35,25
1719463879780,304.2,25
1719463880221,304.2,25
1719463880221,304.2,25
1719463882632,303.0,50
1719463882866,303.0,175
1719463883284,304.0,25
1719463883284,304.0,25
1719463883284,304.0,25
1719463883284,304.0,25
1719463883284,304.0,25
1719463883284,304.0,25
1719463883284,304.0,25
1719463883284,304.0,25
1719463883284,304.0,25
1719463883284,304.0,25
1719463883284,304.0,25
1719463883284,304.0,25
1719463883284,304.0,25
1719463883284,304.0,25
1719463883284,304.0,25
1719463883284,304.0,25
1719463883284,304.0,25
1719463908814,302.55,25
1719463908814,302.55,25
1719463909608,303.0,50
1719463909608,303.0,50
1719463911084,301.8,50
1719463911084,301.8,50
1719463911084,301.8,50
1719463915377,301.8,225
1719463915377,301.8,225
1719463915377,301.8,225
1719463915377,301.8,225
1719463919114,302.6,25
1719463919114,302.6,25
1719463919114,302.6,25
1719463919114,302.6,25
1719463919114,302.6,25
1719463919114,302.6,25
1719463925627,303.35,75
1719463925627,303.35,75
1719463925627,303.35,75
1719463925627,303.35,75
1719463925627,303.35,75
1719463935005,301.6,25
1719463935005,301.6,25
1719463935490,299.5,25
1719463935490,299.5,25
1719463935490,299.5,25
1719463935490,299.5,25
1719463935490,299.5,25
1719463935490,299.5,25
1719463935490,299.5,25
1719463935490,299.5,25
1719463935490,299.5,25
1719463935490,299.5,25
1719463935490,299.5,25
1719463935490,299.5,25
1719463935490,299.5,25
1719463954142,304.0,25
1719463954142,304.0,25
1719463954142,304.0,25
1719463954142,304.0,25
1719463959828,305.25,25
1719463959828,305.25,25
1719463959828,305.25,25
1719463959828,305.25,25
1719463959828,305.25,25
1719463959828,305.25,25
1719463959828,305.25,25
1719463969687,306.4,50
1719463969687,306.4,50
1719463970938,305.0,75
1719463970938,305.0,75
1719463970938,305.0,75
1719463974269,305.2,50
1719463974269,305.2,50
1719463974269,305.2,50
1719463978329,304.7,50
1719463978329,304.7,50
1719463978329,304.7,50
1719463978329,304.7,50
1719463978329,304.7,50
1719463978329,304.7,50
1719463985082,304.7,25
1719463985082,304.7,25
1719463985082,304.7,25
1719463985082,304.7,25
1719463985082,304.7,25
1719463985082,304.7,25
1719463985082,304.7,25
1719463985082,304.7,25
1719463985082,304.7,25
1719463985082,304.7,25
1719463999055,305.5,250
1719463999055,305.5,250
1719464000789,306.9,25
1719464001114,306.45,25
1719464001114,306.45,25
1719464001114,306.45,25
1719464001114,306.45,25
1719464007282,305.8,25
1719464007282,305.8,25
1719464007282,305.8,25
1719464007282,305.8,25
1719464007282,305.8,25
1719464007282,305.8,25
1719464007282,305.8,25
1719464007282,305.8,25
1719464007282,305.8,25
1719464007282,305.8,25
1719464007282,305.8,25
1719464020862,305.35,25
1719464020862,305.35,25
1719464022686,304.0,75
1719464023692,304.5,25
1719464023692,304.5,25
1719464023692,304.5,25
1719464026271,305.9,25
1719464026271,305.9,25
1719464026271,305.9,25
1719464029778,306.15,50
1719464029920,306.35,25
1719464030318,306.1,50
1719464030844,306.55,25
1719464030844,306.55,25
1719464030844,306.55,25
1719464034331,307.0,675
1719464034331,307.0,675
1719464034331,307.0,675
1719464034331,307.0,675
1719464039081,308.0,50
1719464039081,308.0,50
1719464039081,308.0,50
1719464039081,308.0,50
1719464039081,308.0,50
1719464044853,309.5,25
1719464044853,309.5,25
1719464044853,309.5,25
1719464044853,309.5,25
1719464044853,309.5,25
1719464044853,309.5,25
1719464044853,309.5,25
1719464055372,307.5,25
1719464055372,307.5,25
1719464055372,307.5,25
1719464055372,307.5,25
1719464055372,307.5,25
1719464055372,307.5,25
1719464055372,307.5,25
1719464064438,310.0,25
1719464064516,310.8,25
1719464064516,310.8,25
1719464064516,310.8,25
1719464064516,310.8,25
1719464064516,310.8,25
1719464064516,310.8,25
1719464064516,310.8,25
1719464064516,310.8,25
1719464064516,310.8,25
1719464064516,310.8,25
1719464064516,310.8,25
1719464064516,310.8,25
1719464081555,310.0,250
1719464081555,310.0,250
1719464083938,310.75,100
1719464083938,310.75,100
1719464083938,310.75,100
1719464083938,310.75,100
1719464088230,311.05,225
1719464088482,311.05,25
1719464088482,311.05,25
1719464088482,311.05,25
1719464088482,311.05,25
1719464094423,307.75,25
1719464095360,308.3,25
1719464095360,308.3,25
1719464097158,307.8,25
1719464097158,307.8,25
1719464097158,307.8,25
1719464097158,307.8,25
1719464097158,307.8,25
1719464102394,308.7,25
1719464102394,308.7,25
1719464102835,308.6,25
1719464103659,308.15,50
1719464103659,308.15,50
1719464103659,308.15,50
1719464103659,308.15,50
1719464109680,309.65,25
1719464109680,309.65,25
1719464109680,309.65,25
1719464109680,309.65,25
1719464114078,309.5,25
1719464114078,309.5,25
1719464114078,309.5,25
1719464114078,309.5,25
1719464120893,307.0,75
1719464121138,307.0,25
1719464121161,306.75,50
1719464121161,306.75,50
1719464121161,306.75,50
1719464121161,306.75,50
1719464127149,308.9,25
1719464127149,308.9,25
1719464128147,308.3,50
1719464128147,308.3,50
1719464129958,308.1,25
1719464129958,308.1,25
1719464129958,308.1,25
1719464133231,309.5,25
1719464133231,309.5,25
1719464133231,309.5,25
1719464133231,309.5,25
1719464133231,309.5,25
1719464140255,311.7,25
1719464140255,311.7,25
1719464141111,310.5,50
1719464141111,310.5,50
1719464141111,310.5,50
1719464145891,308.6,25
1719464145891,308.6,25
1719464145891,308.6,25
1719464145891,308.6,25
1719464152003,308.55,25
1719464152003,308.55,25
1719464154064,307.6,25
1719464155851,309.7,50
1719464155851,309.7,50
1719464158124,309.9,50
1719464158719,309.2,25
1719464158719,309.2,25
1719464158719,309.2,25
1719464158719,309.2,25
1719464158719,309.2,25
1719464158719,309.2,25
1719464166592,309.4,75
1719464166592,309.4,75
1719464167628,309.3,50
1719464167967,309.5,25
1719464167967,309.5,25
1719464167967,309.5,25
1719464167967,309.5,25
1719464167967,309.5,25
1719464167967,309.5,25
1719464177315,309.15,25
1719464177315,309.15,25
1719464177315,309.15,25
1719464177315,309.15,25
1719464177315,309.15,25
1719464183613,307.0,50
1719464183613,307.0,50
1719464183613,307.0,50
1719464183613,307.0,50
1719464188358,308.95,50
1719464188558,309.45,25
1719464188558,309.45,25
1719464190972,309.2,25
1719464190972,309.2,25
1719464192062,309.5,200
1719464192062,309.5,200
1719464192062,309.5,200
1719464192062,309.5,200
1719464192062,309.5,200
1719464192062,309.5,200
1719464192062,309.5,200
1719464192062,309.5,200
1719464205367,309.6,75
1719464205713,309.35,50
1719464205838,308.9,50
1719464207384,308.75,50
1719464207384,308.75,50
1719464207384,308.75,50
1719464210636,307.7,75
1719464210636,307.7,75
1719464210636,307.7,75
1719464210636,307.7,75
1719464210636,307.7,75
1719464218351,307.0,250
1719464219209,305.3,25
1719464219209,305.3,25
1719464220382,304.85,50
1719464220382,304.85,50
1719464220961,305.0,25
1719464220961,305.0,25
1719464220961,305.0,25
1719464220961,305.0,25
1719464220961,305.0,25
1719464220961,305.0,25
1719464220961,305.0,25
1719464220961,305.0,25
1719464220961,305.0,25
1719464220961,305.0,25
1719464220961,305.0,25
1719464220961,305.0,25
1719464220961,305.0,25
1719464220961,305.0,25
1719464242331,302.45,25
1719464242331,302.45,25
1719464242331,302.45,25
1719464246830,300.0,50
1719464246830,300.0,50
1719464248274,297.45,25
1719464248274,297.45,25
1719464249693,296.0,75
1719464250254,298.0,125
1719464250669,297.6,25
1719464250669,297.6,25
1719464250669,297.6,25
1719464252059,297.45,50
1719464252059,297.45,50
1719464252909,296.7,25
1719464252909,296.7,25
1719464254113,295.0,100
1719464254697,295.8,25
1719464254697,295.8,25
1719464254697,295.8,25
1719464258843,294.7,25
1719464258843,294.7,25
1719464260995,297.0,25
1719464261739,297.3,25
1719464261739,297.3,25
1719464261739,297.3,25
1719464261739,297.3,25
1719464266489,296.8,50
1719464266489,296.8,50
1719464268260,295.8,50
1719464268714,295.7,50
1719464268714,295.7,50
1719464270730,296.35,25
1719464271458,296.1,75
1719464271458,296.1,75
1719464271458,296.1,75
1719464275826,297.15,25
1719464275920,296.1,25
1719464275920,296.1,25
1719464278195,296.85,25
1719464278195,296.85,25
1719464279871,297.3,25
1719464279871,297.3,25
1719464279871,297.3,25
1719464281970,296.4,25
1719464282342,295.3,25
1719464282342,295.3,25
1719464283391,297.0,25
1719464283391,297.0,25
1719464283391,297.0,25
1719464286381,296.3,25
1719464286381,296.3,25
1719464286381,296.3,25
1719464289357,296.95,25
1719464289357,296.95,25
1719464291417,295.15,25
1719464292151,293.9,25
1719464292151,293.9,25
1719464292151,293.9,25
1719464292151,293.9,25
1719464297424,294.35,25
1719464297424,294.35,25
1719464297424,294.35,25
1719464297424,294.35,25
1719464297424,294.35,25
1719464297424,294.35,25
1719464297424,294.35,25
1719464307643,293.65,25
1719464307643,293.65,25
1719464310232,293.65,25
1719464310560,292.95,25
1719464310560,292.95,25
1719464311689,293.15,25
1719464311689,293.15,25
1719464314267,292.0,225
1719464314267,292.0,225
1719464315629,291.5,25
1719464315629,291.5,25
1719464316282,291.9,25
1719464316889,290.55,25
1719464316889,290.55,25
1719464317808,291.05,50
1719464317808,291.05,50
1719464319715,290.85,25
1719464320770,291.9,25
1719464320770,291.9,25
1719464320770,291.9,25
1719464323417,290.0,25
1719464323757,290.0,25
1719464323757,290.0,25
1719464325199,291.75,50
1719464325575,292.0,75
1719464325575,292.0,75
1719464326597,291.6,50
1719464326597,291.6,50
1719464328477,294.0,25
1719464328477,294.0,25
1719464330910,292.95,25
1719464332098,292.85,25
1719464332098,292.85,25
1719464332847,292.05,125
1719464332847,292.05,125
1719464334465,292.6,50
1719464334465,292.6,50
1719464334465,292.6,50
1719464334465,292.6,50
1719464334465,292.6,50
1719464334465,292.6,50
1719464334465,292.6,50
1719464334465,292.6,50
1719464334465,292.6,50
1719464346972,291.85,25
1719464346972,291.85,25
1719464346972,291.85,25
1719464349907,293.1,25
1719464349907,293.1,25
1719464352677,293.3,25
1719464352677,293.3,25
1719464352677,293.3,25
1719464353575,293.05,50
1719464354558,292.85,25
1719464354558,292.85,25
1719464356174,293.25,25
1719464356174,293.25,25
1719464358323,293.1,25
1719464359318,294.3,25
1719464359318,294.3,25
1719464360355,292.45,25
1719464360355,292.45,25
1719464361350,292.5,25
1719464361350,292.5,25
1719464361350,292.5,25
1719464361350,292.5,25
1719464367398,292.85,50
1719464367819,292.95,50
1719464367819,292.95,50
1719464368718,294.0,50
1719464368718,294.0,50
1719464370318,293.6,225
1719464370318,293.6,225
1719464370318,293.6,225
1719464373417,292.5,25
1719464374020,292.95,50
1719464374441,293.35,25
1719464374441,293.35,25
1719464375397,292.5,25
1719464375397,292.5,25
1719464375397,292.5,25
1719464379077,293.4,75
1719464379179,293.4,25
1719464379179,293.4,25
1719464381567,293.5,50
1719464381567,293.5,50
1719464384059,294.15,350
1719464384059,294.15,350
1719464385354,293.6,75
1719464385941,295.05,50
1719464385941,295.05,50
1719464387746,293.7,25
1719464388227,294.8,25
1719464388227,294.8,25
1719464388227,294.8,25
1719464388227,294.8,25
1719464388227,294.8,25
1719464388227,294.8,25
1719464397073,294.2,25
1719464397174,294.2,25
1719464397530,293.15,25
1719464398516,292.3,25
1719464398516,292.3,25
1719464398516,292.3,25
1719464400724,293.55,25
1719464400724,293.55,25
1719464401304,294.3,25
1719464402227,294.8,25
1719464402227,294.8,25
1719464402915,294.8,25
1719464402915,294.8,25
1719464402915,294.8,25
1719464407099,293.35,25
1719464407099,293.35,25
1719464407099,293.35,25
1719464407099,293.35,25
1719464411477,294.05,25
1719464411477,294.05,25
1719464413272,294.45,50
1719464413272,294.45,50
1719464414660,294.4,75
1719464415442,294.05,25
1719464415442,294.05,25
1719464417456,294.0,25
1719464417456,294.0,25
1719464417456,294.0,25
1719464419612,293.35,25
1719464420932,294.2,50
1719464420932,294.2,50
1719464420932,294.2,50
1719464420932,294.2,50
1719464420932,294.2,50
1719464428705,294.0,50
1719464428892,294.15,50
1719464428892,294.15,50
1719464432309,293.0,25
1719464432372,293.0,25
1719464432372,293.0,25
1719464432372,293.0,25
1719464432372,293.0,25
1719464436637,293.0,25
1719464436637,293.0,25
1719464438041,292.0,25
1719464438862,292.35,75
1719464438862,292.35,75
1719464438862,292.35,75
1719464438862,292.35,75
1719464438862,292.35,75
1719464438862,292.35,75
1719464438862,292.35,75
1719464438862,292.35,75
1719464438862,292.35,75
1719464438862,292.35,75
1719464438862,292.35,75
1719464455027,294.3,25
1719464455027,294.3,25
1719464455027,294.3,25
1719464455027,294.3,25
1719464455027,294.3,25
1719464455027,294.3,25
1719464455027,294.3,25
1719464463098,295.85,100
1719464463098,295.85,100
1719464465231,295.6,25
1719464465342,296.05,75
1719464465342,296.05,75
1719464466811,294.45,25
1719464466811,294.45,25
1719464466811,294.45,25
1719464466811,294.45,25
1719464471582,294.4,25
1719464471582,294.4,25
1719464474108,293.9,50
1719464474108,293.9,50
1719464474108,293.9,50
1719464476608,293.5,25
1719464476608,293.5,25
1719464476608,293.5,25
1719464480014,294.95,25
1719464481003,296.0,25
1719464482008,296.4,25
1719464482210,295.6,25
1719464482210,295.6,25
1719464482210,295.6,25
1719464482210,295.6,25
1719464487769,295.65,25
1719464487769,295.65,25
1719464489295,295.95,25
1719464489295,295.95,25
1719464489295,295.95,25
1719464489295,295.95,25
1719464491771,295.2,75
1719464491771,295.2,75
1719464491771,295.2,75
1719464496079,295.0,75
1719464496380,295.7,25
1719464496380,295.7,25
1719464498696,295.0,25
1719464498696,295.0,25
1719464499699,293.85,25
1719464499699,293.85,25
1719464502305,294.15,150
1719464502305,294.15,150
1719464502305,294.15,150
1719464506207,295.6,175
1719464506207,295.6,175
1719464506207,295.6,175
1719464506207,295.6,175
1719464506207,295.6,175
1719464506207,295.6,175
1719464514105,295.6,25
1719464514105,295.6,25
1719464514105,295.6,25
1719464514105,295.6,25
1719464514105,295.6,25
1719464514105,295.6,25
1719464514105,295.6,25
1719464521525,296.4,100
1719464521926,296.55,500
1719464522701,297.75,25
1719464523673,297.75,150
1719464523945,297.85,25
1719464523945,297.85,25
1719464523945,297.85,25
1719464527444,296.65,50
1719464527444,296.65,50
1719464527444,296.65,50
1719464530450,296.65,75
1719464530450,296.65,75
1719464530450,296.65,75
1719464530450,296.65,75
1719464535568,297.55,25
1719464535568,297.55,25
1719464535568,297.55,25
1719464538448,298.0,150
1719464538906,298.0,350
1719464538906,298.0,350
1719464538906,298.0,350
1719464542769,297.95,50
1719464542769,297.95,50
1719464544075,299.0,50
1719464544075,299.0,50
1719464545430,299.3,75
1719464545430,299.3,75
1719464545430,299.3,75
1719464545430,299.3,75
1719464550702,300.75,150
1719464550702,300.75,150
1719464551264,300.15,50
1719464551264,300.15,50
1719464552765,300.75,100
1719464552765,300.75,100
1719464552765,300.75,100
1719464555326,300.0,50
1719464555785,300.0,50
1719464555785,300.0,50
1719464556503,299.6,25
1719464556503,299.6,25
1719464556503,299.6,25
1719464556503,299.6,25
1719464556503,299.6,25
1719464556503,299.6,25
1719464564988,301.0,25
1719464565361,301.35,100
1719464566191,300.6,100
1719464566484,300.65,100
1719464566484,300.65,100
1719464568289,301.4,25
1719464569297,300.85,100
1719464569297,300.85,100
1719464570475,300.8,100
1719464570636,301.0,75
1719464572150,300.4,100
1719464572150,300.4,100
1719464573412,300.6,100
1719464574296,300.65,25
1719464574574,300.45,100
1719464574858,300.35,75
1719464576331,301.45,100
1719464576331,301.45,100
1719464576966,301.1,100
1719464578069,300.6,75
1719464578069,300.6,75
1719464578069,300.6,75
1719464579810,300.9,100
1719464579810,300.9,100
1719464579810,300.9,100
1719464582354,300.65,25
1719464583065,300.55,25
1719464583065,300.55,25
1719464583065,300.55,25
1719464583065,300.55,25
1719464583065,300.55,25
1719464588907,301.7,25
1719464588907,301.7,25
1719464590684,303.65,50
1719464590684,303.65,50
1719464591777,305.1,225
1719464591777,305.1,225
1719464593818,307.0,125
1719464593818,307.0,125
1719464593818,307.0,125
1719464593818,307.0,125
1719464593818,307.0,125
1719464593818,307.0,125
1719464599783,308.2,25
1719464601111,309.45,25
1719464601326,311.8,25
1719464601326,311.8,25
1719464602999,313.4,25
1719464603330,312.75,25
1719464603330,312.75,25
1719464605981,311.55,50
1719464605981,311.55,50
1719464606546,314.0,25
1719464606814,316.5,50
1719464606814,316.5,50
1719464609075,319.0,100
1719464609075,319.0,100
1719464609969,321.45,125
1719464610933,321.65,50
1719464610933,321.65,50
1719464610933,321.65,50
1719464610933,321.65,50
1719464610933,321.65,50
1719464610933,321.65,50
1719464612388,331.1,50
1719464612388,331.1,50
1719464612925,339.6,25
1719464613199,345.55,100
1719464613199,345.55,100
1719464613732,349.75,25
1719464613732,349.75,25
1719464613732,349.75,25
1719464614518,339.7,25
1719464615296,344.15,50
1719464616764,338.45,25
1719464618255,334.7,50
1719464619842,332.0,150
1719464622583,331.4,25
1719464622828,328.0,50
1719464623361,327.85,50
1719464624378,327.75,50
1719464625387,326.5,150
1719464625387,326.5,150
1719464626489,327.8,25
1719464627608,329.45,50
1719464627608,329.45,50
1719464628395,326.45,50
1719464628395,326.45,50
1719464630456,324.35,25
1719464630456,324.35,25
1719464632732,325.1,50
1719464633041,325.3,25
1719464633550,326.05,50
1719464633550,326.05,50
1719464634884,331.0,50
1719464635258,331.5,50
1719464636227,333.85,75
1719464636227,333.85,75
1719464637619,335.2,25
1719464637794,335.0,50
1719464637794,335.0,50
1719464637794,335.0,50
1719464640975,333.25,25
1719464641294,333.35,25
1719464641828,334.1,25
1719464641828,334.1,25
1719464643349,330.45,200
1719464643904,330.45,175
1719464645098,330.85,25
1719464646406,329.9,225
1719464646749,326.75,75
1719464647574,326.4,50
1719464647574,326.4,50
1719464648291,326.65,25
1719464648291,326.65,25
1719464649909,328.1,25
1719464649909,328.1,25
1719464651694,330.45,25
1719464652121,330.3,25
1719464652603,330.05,75
1719464653217,329.35,25
1719464654423,330.5,25
1719464654423,330.5,25
1719464655485,330.95,25
1719464655485,330.95,25
1719464657034,333.0,25
1719464657034,333.0,25
1719464659507,328.45,50
1719464659507,328.45,50
1719464660645,327.2,25
1719464660645,327.2,25
1719464663050,327.75,25
1719464663050,327.75,25
1719464663050,327.75,25
1719464665133,333.0,1100
1719464665133,333.0,1100
1719464667086,331.35,25
1719464667086,331.35,25
1719464668368,330.5,25
1719464668368,330.5,25
1719464670385,329.95,50
1719464670385,329.95,50
1719464670385,329.95,50
1719464670385,329.95,50
1719464674316,328.65,50
1719464674316,328.65,50
1719464674316,328.65,50
1719464674316,328.65,50
1719464679494,328.55,25
1719464680656,329.6,50
1719464680656,329.6,50
1719464683058,329.55,50
1719464683058,329.55,50
1719464683635,328.7,25
1719464684402,328.5,50
1719464684402,328.5,50
1719464686612,329.0,25
1719464687601,329.0,25
1719464687601,329.0,25
1719464687601,329.0,25
1719464691167,331.25,25
1719464691167,331.25,25
1719464691167,331.25,25
1719464691167,331.25,25
1719464695688,334.7,75
1719464696090,336.15,50
1719464696090,336.15,50
1719464696090,336.15,50
1719464699112,338.0,100
1719464699112,338.0,100
1719464700196,339.3,50
1719464700196,339.3,50
1719464700196,339.3,50
1719464701971,342.0,50
1719464702656,342.9,50
1719464702656,342.9,50
1719464703884,342.0,200
1719464703884,342.0,200
1719464705030,342.55,50
1719464705253,342.75,25
1719464705253,342.75,25
1719464705253,342.75,25
1719464708584,339.35,25
1719464708584,339.35,25
1719464708584,339.35,25
1719464712779,337.05,25
1719464712779,337.05,25
1719464714058,336.95,25
1719464714058,336.95,25
1719464714790,335.25,25
1719464714790,335.25,25
1719464716611,332.65,25
1719464717139,333.45,25
1719464717139,333.45,25
1719464718896,333.75,25
1719464718896,333.75,25
1719464720739,335.3,25
1719464721273,335.9,50
1719464721273,335.9,50
1719464721273,335.9,50
1719464721273,335.9,50
1719464721273,335.9,50
1719464721273,335.9,50
1719464729430,339.8,25
1719464729430,339.8,25
1719464729430,339.8,25
1719464733102,336.35,50
1719464733102,336.35,50
1719464734337,336.05,25
1719464734337,336.05,25
1719464734337,336.05,25
1719464734337,336.05,25
1719464734337,336.05,25
1719464740792,334.8,50
1719464741232,333.5,25
1719464741232,333.5,25
1719464741232,333.5,25
1719464741232,333.5,25
1719464746730,335.2,25
1719464746994,334.35,150
1719464746994,334.35,150
1719464748663,334.35,50
1719464748663,334.35,50
1719464748663,334.35,50
1719464752490,332.2,25
1719464752490,332.2,25
1719464752490,332.2,25
1719464755875,329.85,25
1719464755875,329.85,25
1719464756644,328.0,25
1719464757035,328.0,50
1719464757035,328.0,50
1719464757035,328.0,50
1719464760067,328.3,25
1719464760598,328.3,25
1719464760598,328.3,25
1719464760598,328.3,25
1719464762793,332.45,50
1719464762793,332.45,50
1719464763563,331.85,25
1719464764138,332.75,25
1719464764138,332.75,25
1719464764138,332.75,25
1719464768059,334.45,50
1719464768059,334.45,50
1719464768059,334.45,50
1719464770610,328.7,50
1719464771248,328.2,25
1719464771248,328.2,25
1719464771248,328.2,25
1719464773371,328.2,50
1719464773965,328.9,50
1719464773965,328.9,50
1719464773965,328.9,50
1719464773965,328.9,50
1719464773965,328.9,50
1719464773965,328.9,50
1719464782433,333.0,50
1719464782433,333.0,50
1719464782433,333.0,50
1719464786312,330.0,25
1719464786779,327.8,50
1719464786779,327.8,50
1719464786779,327.8,50
1719464791089,329.0,25
1719464791089,329.0,25
1719464792551,331.85,50
1719464792932,332.45,25
1719464792932,332.45,25
1719464792932,332.45,25
1719464796154,332.75,100
1719464796154,332.75,100
1719464796154,332.75,100
1719464796154,332.75,100
1719464800857,329.65,25
1719464800857,329.65,25
1719464800857,329.65,25
1719464803365,330.45,50
1719464803365,330.45,50
1719464803365,330.45,50
1719464803365,330.45,50
1719464808539,327.85,25
1719464809879,329.2,25
1719464809879,329.2,25
1719464809879,329.2,25
1719464813321,331.9,25
1719464814590,329.85,25
1719464814590,329.85,25
1719464815863,330.8,50
1719464815863,330.8,50
1719464817776,331.1,25
1719464817776,331.1,25
1719464817776,331.1,25
1719464817776,331.1,25
1719464817776,331.1,25
1719464822714,330.0,200
1719464822714,330.0,200
1719464823396,329.55,25
1719464823396,329.55,25
1719464823396,329.55,25
1719464828401,331.5,50
1719464828959,330.45,75
1719464828959,330.45,75
1719464828959,330.45,75
1719464828959,330.45,75
1719464833488,325.3,50
1719464833994,326.6,75
1719464833994,326.6,75
1719464836879,328.35,25
1719464837908,325.4,25
1719464837908,325.4,25
1719464839724,325.0,25
1719464839724,325.0,25
1719464840171,325.95,25
1719464840171,325.95,25
1719464842588,325.85,50
1719464843012,325.6,25
1719464843012,325.6,25
1719464843953,324.5,50
1719464843953,324.5,50
1719464843953,324.5,50
1719464843953,324.5,50
1719464843953,324.5,50
1719464849847,323.65,50
1719464850487,325.55,25
1719464850487,325.55,25
1719464850487,325.55,25
1719464850487,325.55,25
1719464854121,322.95,25
1719464854170,322.2,25
1719464854170,322.2,25
1719464855515,323.25,25
1719464855515,323.25,25
1719464857070,322.25,50
1719464857070,322.25,50
1719464859330,321.25,25
1719464859330,321.25,25
1719464859330,321.25,25
1719464859330,321.25,25
1719464863954,325.6,25
1719464863954,325.6,25
1719464865184,325.1,50
1719464865184,325.1,50
1719464867643,322.0,25
1719464867643,322.0,25
1719464867643,322.0,25
1719464867643,322.0,25
1719464867643,322.0,25
1719464867643,322.0,25
1719464876320,322.0,75
1719464876320,322.0,75
1719464876320,322.0,75
1719464876320,322.0,75
1719464876320,322.0,75
1719464876320,322.0,75
1719464882279,323.95,25
1719464882279,323.95,25
1719464882279,323.95,25
1719464882279,323.95,25
1719464886938,325.0,25
1719464886938,325.0,25
1719464886938,325.0,25
1719464886938,325.0,25
1719464892502,327.9,25
1719464892502,327.9,25
1719464892502,327.9,25
1719464892502,327.9,25
1719464897330,328.0,75
1719464897756,328.15,50
1719464897756,328.15,50
1719464897756,328.15,50
1719464897756,328.15,50
1719464897756,328.15,50
1719464904291,326.2,25
1719464904525,325.6,25
1719464904616,325.0,125
1719464904616,325.0,125
1719464905702,323.0,25
1719464905702,323.0,25
1719464905702,323.0,25
1719464908350,323.0,50
1719464908350,323.0,50
1719464910158,320.0,25
1719464910158,320.0,25
1719464910158,320.0,25
1719464910158,320.0,25
1719464912800,320.0,250
1719464912800,320.0,250
1719464914612,321.0,25
1719464914612,321.0,25
1719464916305,321.95,25
1719464916305,321.95,25
1719464916305,321.95,25
1719464919957,321.6,50
1719464919957,321.6,50
1719464921280,322.7,25
1719464921280,322.7,25
1719464921280,322.7,25
1719464921280,322.7,25
1719464921280,322.7,25
1719464921280,322.7,25
1719464929437,323.9,25
1719464929437,323.9,25
1719464929437,323.9,25
1719464929437,323.9,25
1719464929437,323.9,25
1719464929437,323.9,25
1719464937482,327.8,25
1719464937482,327.8,25
1719464937482,327.8,25
1719464937482,327.8,25
1719464937482,327.8,25
1719464941871,322.7,50
1719464941871,322.7,50
1719464941871,322.7,50
1719464941871,322.7,50
1719464941871,322.7,50
1719464948594,324.9,50
1719464948594,324.9,50
1719464948594,324.9,50
1719464952247,328.0,50
1719464952247,328.0,50
1719464952247,328.0,50
1719464952247,328.0,50
1719464956763,326.95,25
1719464956763,326.95,25
1719464956763,326.95,25
1719464960981,326.7,25
1719464960981,326.7,25
1719464960981,326.7,25
1719464960981,326.7,25
1719464960981,326.7,25
1719464960981,326.7,25
1719464960981,326.7,25
1719464960981,326.7,25
1719464960981,326.7,25
1719464960981,326.7,25
1719464960981,326.7,25
1719464960981,326.7,25
1719464960981,326.7,25
1719464960981,326.7,25
1719464960981,326.7,25
1719464960981,326.7,25
1719464960981,326.7,25
1719464960981,326.7,25
1719464960981,326.7,25
1719464960981,326.7,25
1719464960981,326.7,25
1719464992547,330.1,25
1719464992547,330.1,25
1719464992547,330.1,25
1719464995448,327.3,25
1719464995448,327.3,25
1719464997613,328.65,25
1719464997613,328.65,25
1719465000169,326.45,25
1719465000169,326.45,25
1719465000169,326.45,25
1719465002873,326.25,25
1719465002873,326.25,25
1719465002873,326.25,25
1719465002873,326.25,25
1719465002873,326.25,25
1719465009827,328.95,50
1719465009827,328.95,50
1719465009827,328.95,50
1719465009827,328.95,50
1719465015287,329.5,25
1719465015287,329.5,25
1719465017481,330.0,175
1719465017481,330.0,175
1719465020190,327.75,50
1719465020190,327.75,50
1719465024589,332.0,50
1719465024589,332.0,50
1719465024589,332.0,50
1719465027283,333.25,25
1719465027561,332.3,25
1719465028114,331.1,25
1719465028114,331.1,25
1719465028114,331.1,25
1719465028114,331.1,25
1719465031841,328.9,50
1719465031841,328.9,50
1719465031841,328.9,50
1719465031841,328.9,50
1719465036556,327.05,50
1719465036556,327.05,50
1719465036556,327.05,50
1719465036556,327.05,50
1719465036556,327.05,50
1719465036556,327.05,50
1719465044740,327.3,25
1719465044740,327.3,25
1719465044740,327.3,25
1719465044740,327.3,25
1719465044740,327.3,25
1719465051687,326.35,25
1719465051687,326.35,25
1719465051687,326.35,25
1719465051687,326.35,25
1719465051687,326.35,25
1719465051687,326.35,25
1719465059320,333.8,25
1719465059320,333.8,25
1719465059320,333.8,25
1719465059320,333.8,25
1719465059320,333.8,25
1719465059320,333.8,25
1719465059320,333.8,25
1719465068015,333.8,25
1719465068015,333.8,25
1719465068015,333.8,25
1719465071561,331.15,25
1719465071561,331.15,25
1719465072534,332.2,125
1719465072534,332.2,125
1719465073860,333.6,25
1719465073860,333.6,25
1719465073860,333.6,25
1719465073860,333.6,25
1719465073860,333.6,25
1719465073860,333.6,25
1719465082807,332.05,25
1719465082807,332.05,25
1719465082807,332.05,25
1719465086627,332.45,25
1719465086627,332.45,25
1719465086627,332.45,25
1719465086627,332.45,25
1719465086627,332.45,25
1719465086627,332.45,25
1719465091103,333.05,25
1719465091103,333.05,25
1719465092519,334.0,25
1719465092519,334.0,25
1719465092519,334.0,25
1719465095921,333.6,75
1719465095921,333.6,75
1719465095921,333.6,75
1719465098878,334.9,100
1719465099546,336.45,50
1719465099546,336.45,50
1719465101913,337.0,50
1719465101913,337.0,50
1719465101913,337.0,50
1719465104417,335.05,25
1719465104808,335.05,50
1719465104839,335.0,25
1719465105636,335.9,50
1719465105636,335.9,50
1719465105636,335.9,50
1719465105636,335.9,50
1719465105636,335.9,50
1719465110884,336.0,50
1719465111461,335.25,50
1719465111461,335.25,50
1719465111461,335.25,50
1719465111461,335.25,50
1719465111461,335.25,50
1719465111461,335.25,50
1719465111461,335.25,50
1719465111461,335.25,50
1719465111461,335.25,50
1719465122249,335.25,25
1719465122249,335.25,25
1719465124245,334.1,50
1719465124245,334.1,50
1719465124245,334.1,50
1719465124245,334.1,50
1719465124245,334.1,50
1719465131105,337.15,50
1719465131105,337.15,50
1719465131105,337.15,50
1719465131105,337.15,50
1719465131105,337.15,50
1719465131105,337.15,50
1719465131105,337.15,50
1719465131105,337.15,50
1719465131105,337.15,50
1719465131105,337.15,50
1719465131105,337.15,50
1719465147403,336.15,100
1719465147403,336.15,100
1719465147403,336.15,100
1719465147403,336.15,100
1719465147403,336.15,100
1719465147403,336.15,100
1719465147403,336.15,100
1719465147403,336.15,100
1719465147403,336.15,100
1719465158966,334.25,25
1719465158966,334.25,25
1719465158966,334.25,25
1719465158966,334.25,25
1719465158966,334.25,25
1719465158966,334.25,25
1719465167751,333.1,25
1719465167751,333.1,25
1719465167751,333.1,25
1719465167751,333.1,25
1719465167751,333.1,25
1719465167751,333.1,25
1719465176887,335.8,25
1719465176887,335.8,25
1719465176887,335.8,25
1719465176887,335.8,25
1719465176887,335.8,25
1719465176887,335.8,25
1719465176887,335.8,25
1719465184974,334.8,25
1719465184974,334.8,25
1719465185796,335.1,25
1719465185873,334.35,25
1719465185873,334.35,25
1719465185873,334.35,25
1719465185873,334.35,25
1719465185873,334.35,25
1719465192358,333.15,25
1719465192358,333.15,25
1719465194327,334.3,25
1719465194327,334.3,25
1719465196737,333.2,25
1719465196737,333.2,25
1719465200036,337.0,100
1719465200036,337.0,100
1719465200036,337.0,100
1719465202613,339.0,425
1719465203298,342.0,25
1719465203849,342.1,25
1719465204400,341.85,50
1719465204400,341.85,50
1719465204400,341.85,50
1719465204400,341.85,50
1719465204400,341.85,50
1719465204400,341.85,50
1719465204400,341.85,50
1719465213029,345.0,50
1719465213458,345.6,25
1719465214006,346.05,25
1719465214998,345.6,25
1719465214998,345.6,25
1719465215648,348.0,25
1719465216159,354.2,25
1719465216159,354.2,25
1719465216219,356.3,50
1719465217617,354.65,25
1719465218721,356.25,50
1719465219636,355.85,25
1719465220044,357.0,75
1719465220854,360.0,50
1719465221894,359.9,25
1719465221956,359.5,50
1719465222854,357.1,50
1719465223534,357.15,50
1719465223882,355.55,50
1719465224646,359.0,50
1719465225304,359.2,25
1719465225761,357.75,50
1719465226941,360.2,250
1719465226941,360.2,250
1719465227975,362.75,25
1719465228288,365.75,50
1719465228854,370.0,25
1719465228952,374.65,25
1719465229644,367.4,25
1719465230808,363.75,25
1719465231442,362.4,25
1719465231442,362.4,25
1719465232757,364.1,150
1719465232757,364.1,150
1719465233966,361.9,25
1719465233966,361.9,25
1719465235671,364.45,75
1719465236661,370.3,50
1719465236661,370.3,50
1719465239079,370.3,25
1719465239328,368.3,25
1719465240377,371.7,50
1719465240741,372.75,50
1719465241344,374.75,50
1719465241344,374.75,50
1719465242840,372.8,100
1719465243366,374.05,25
1719465243366,374.05,25
1719465244538,371.5,25
1719465245028,370.1,50
1719465245418,370.35,50
1719465246557,373.35,50
1719465247185,371.65,50
1719465248321,370.25,100
1719465249416,370.95,25
1719465249416,370.95,25
1719465251450,373.1,75
1719465251952,372.7,50
1719465251952,372.7,50
1719465252715,374.2,25
1719465253118,380.0,25
1719465254628,374.2,25
1719465255394,374.3,25
1719465255800,373.3,50
1719465256584,372.35,25
1719465256584,372.35,25
1719465257875,372.3,50
1719465257954,372.4,50
1719465257954,372.4,50
1719465257954,372.4,50
1719465257954,372.4,50
1719465257954,372.4,50
1719465264163,374.85,50
1719465264444,374.45,50
1719465264993,373.45,25
1719465265878,372.6,25
1719465266612,371.0,25
1719465266612,371.0,25
1719465268743,370.1,25
1719465268743,370.1,25
1719465269867,375.0,25
1719465269867,375.0,25
1719465269867,375.0,25
1719465271501,377.1,50
1719465271891,378.5,50
1719465271891,378.5,50
1719465273807,379.0,675
1719465273807,379.0,675
1719465274606,378.25,25
1719465274606,378.25,25
1719465274606,378.25,25
1719465277458,376.1,25
1719465277759,375.35,100
1719465278787,376.4,25
1719465278787,376.4,25
1719465279443,376.55,50
1719465279443,376.55,50
1719465282058,375.0,25
1719465282058,375.0,25
1719465282615,374.0,100
1719465282615,374.0,100
1719465282615,374.0,100
1719465285927,375.6,75
1719465285927,375.6,75
1719465287558,373.35,25
1719465288230,372.3,25
1719465288230,372.3,25
1719465288230,372.3,25
1719465290886,375.1,50
1719465291358,372.6,75
1719465291358,372.6,75
1719465291358,372.6,75
1719465294257,371.35,50
1719465294257,371.35,50
1719465294257,371.35,50
1719465297989,374.0,25
1719465297989,374.0,25
1719465299526,373.4,25
1719465300227,375.0,25
1719465300227,375.0,25
1719465300227,375.0,25
1719465300227,375.0,25
1719465302332,376.55,50
1719465303681,376.8,25
1719465303681,376.8,25
1719465305143,380.0,50
1719465305143,380.0,50
1719465305694,383.5,50
1719465306782,383.65,50
1719465307151,383.4,50
1719465308064,382.85,50
1719465308231,382.0,200
1719465308231,382.0,200
1719465308231,382.0,200
1719465311677,383.7,50
1719465311677,383.7,50
1719465312869,383.85,25
1719465313674,383.15,150
1719465313674,383.15,150
1719465314796,382.3,25
1719465314796,382.3,25
1719465315850,381.55,50
1719465316158,382.3,50
1719465317052,381.3,100
1719465317683,380.5,25
1719465317683,380.5,25
1719465319872,381.05,25
1719465320243,380.95,25
1719465320857,378.85,50
1719465321256,379.6,25
1719465321256,379.6,25
1719465323053,379.2,25
1719465323053,379.2,25
1719465324969,379.8,50
1719465324969,379.8,50
1719465326781,381.3,25
1719465326781,381.3,25
1719465328315,383.4,150
1719465328315,383.4,150
1719465328315,383.4,150
1719465330537,380.2,25
1719465330537,380.2,25
1719465330537,380.2,25
1719465332229,378.95,200
1719465332498,381.0,150
1719465333253,377.15,50
1719465333733,375.4,225
1719465335320,376.8,50
1719465335320,376.8,50
1719465335888,376.95,25
1719465335888,376.95,25
1719465337624,380.4,25
1719465338187,382.0,25
1719465338187,382.0,25
1719465340032,385.0,50
1719465340032,385.0,50
1719465341178,381.55,25
1719465341178,381.55,25
1719465342872,380.6,100
1719465343583,378.7,50
1719465343914,378.8,25
1719465345250,374.75,25
1719465345250,374.75,25
1719465346302,376.9,25
1719465347030,374.85,25
1719465347660,374.85,50
1719465347660,374.85,50
1719465347660,374.85,50
1719465350726,374.15,25
1719465350726,374.15,25
1719465352802,374.4,25
1719465352802,374.4,25
1719465352802,374.4,25
1719465352802,374.4,25
1719465352802,374.4,25
1719465359782,378.05,25
1719465359782,378.05,25
1719465359782,378.05,25
1719465359782,378.05,25
1719465362702,380.1,25
1719465362702,380.1,25
1719465363922,378.25,25
1719465363986,377.55,25
1719465365029,376.5,25
1719465365029,376.5,25
1719465365029,376.5,25
1719465365029,376.5,25
1719465365029,376.5,25
1719465370656,375.25,25
1719465371646,374.4,25
1719465371908,374.3,25
1719465372226,374.25,25
1719465372226,374.25,25
1719465374161,373.65,25
1719465374726,374.25,25
1719465374726,374.25,25
1719465375809,374.65,25
1719465375809,374.65,25
1719465377837,374.8,25
1719465378735,374.45,75
1719465378735,374.45,75
1719465379697,372.45,50
1719465379998,372.5,25
1719465379998,372.5,25
1719465381357,373.15,25
1719465381357,373.15,25
1719465382911,371.4,50
1719465383033,370.7,50
1719465383033,370.7,50
1719465384760,370.95,25
1719465385483,370.15,25
1719465385483,370.15,25
1719465385483,370.15,25
1719465387611,371.05,25
1719465388177,370.2,150
1719465388177,370.2,150
1719465388177,370.2,150
1719465388177,370.2,150
1719465388177,370.2,150
1719465393672,379.2,125
1719465393672,379.2,125
1719465394168,378.45,25
1719465394168,378.45,25
1719465394168,378.45,25
1719465397760,376.1,25
1719465398167,374.0,50
1719465398167,374.0,50
1719465398167,374.0,50
1719465398167,374.0,50
1719465398167,374.0,50
1719465398167,374.0,50
1719465398167,374.0,50
1719465407967,373.8,150
1719465407967,373.8,150
1719465407967,373.8,150
1719465407967,373.8,150
1719465413549,372.95,50
1719465413549,372.95,50
1719465413549,372.95,50
1719465415995,373.8,25
1719465415995,373.8,25
1719465415995,373.8,25
1719465415995,373.8,25
1719465415995,373.8,25
1719465415995,373.8,25
1719465415995,373.8,25
1719465415995,373.8,25
1719465426550,375.6,75
1719465426550,375.6,75
1719465426550,375.6,75
1719465430087,378.45,25
1719465430295,379.25,50
1719465430295,379.25,50
1719465430295,379.25,50
1719465430295,379.25,50
1719465430295,379.25,50
1719465430295,379.25,50
1719465430295,379.25,50
1719465430295,379.25,50
1719465430295,379.25,50
1719465442387,376.85,50
1719465442387,376.85,50
1719465442387,376.85,50
1719465442387,376.85,50
1719465442387,376.85,50
1719465442387,376.85,50
1719465442387,376.85,50
1719465442387,376.85,50
1719465452625,377.9,25
1719465452625,377.9,25
1719465454629,377.7,75
1719465454629,377.7,75
1719465457233,376.8,75
1719465457233,376.8,75
1719465457233,376.8,75
1719465460000,380.0,275
1719465460000,380.0,275
1719465461447,382.1,50
1719465461612,381.15,25
1719465461612,381.15,25
1719465461612,381.15,25
1719465464096,380.45,75
1719465464096,380.45,75
1719465464096,380.45,75
1719465464096,380.45,75
1719465464096,380.45,75
1719465471573,380.45,50
1719465471573,380.45,50
1719465471573,380.45,50
1719465474804,382.0,50
1719465474804,382.0,50
1719465474804,382.0,50
1719465477636,380.7,50
1719465477636,380.7,50
1719465477636,380.7,50
1719465477636,380.7,50
1719465477636,380.7,50
1719465483124,377.3,25
1719465483657,377.2,50
1719465485215,379.0,700
1719465485389,379.0,50
1719465485776,380.0,25
1719465486155,380.7,25
1719465486155,380.7,25
1719465488200,382.0,25
1719465488200,382.0,25
1719465488200,382.0,25
1719465488200,382.0,25
1719465488200,382.0,25
1719465488200,382.0,25
1719465488200,382.0,25
1719465488200,382.0,25
1719465488200,382.0,25
1719465488200,382.0,25
1719465488200,382.0,25
1719465488200,382.0,25
1719465488200,382.0,25
1719465488200,382.0,25
1719465509986,376.4,25
1719465509986,376.4,25
1719465509986,376.4,25
1719465509986,376.4,25
1719465509986,376.4,25
1719465514373,379.6,25
1719465514373,379.6,25
1719465514373,379.6,25
1719465518197,379.65,25
1719465518197,379.65,25
1719465518197,379.65,25
1719465519258,378.7,25
1719465520586,378.4,25
1719465520586,378.4,25
1719465521827,378.7,25
1719465521827,378.7,25
1719465521827,378.7,25
1719465524299,379.3,25
1719465524299,379.3,25
1719465524299,379.3,25
1719465527677,375.65,50
1719465527677,375.65,50
1719465530456,375.6,25
1719465530456,375.6,25
1719465530456,375.6,25
1719465533617,376.65,100
1719465533617,376.65,100
1719465535148,380.25,25
1719465535148,380.25,25
1719465535148,380.25,25
1719465535148,380.25,25
1719465535148,380.25,25
1719465535148,380.25,25
1719465535148,380.25,25
1719465535148,380.25,25
1719465535148,380.25,25
1719465535148,380.25,25
1719465535148,380.25,25
1719465535148,380.25,25
1719465535148,380.25,25
1719465535148,380.25,25
1719465535148,380.25,25
1719465535148,380.25,25
1719465558874,377.7,25
1719465558874,377.7,25
1719465560581,377.5,50
1719465561755,377.45,50
1719465561755,377.45,50
1719465563498,378.2,50
1719465563498,378.2,50
1719465563498,378.2,50
1719465567015,378.6,25
1719465567015,378.6,25
1719465567015,378.6,25
1719465570372,378.2,125
1719465570372,378.2,125
1719465570372,378.2,125
1719465570372,378.2,125
1719465572840,376.7,25
1719465572840,376.7,25
1719465574825,375.6,75
1719465574825,375.6,75
1719465574825,375.6,75
1719465577912,375.4,50
1719465577912,375.4,50
1719465577912,375.4,50
1719465577912,375.4,50
1719465582967,377.1,25
1719465582967,377.1,25
1719465584188,378.5,50
1719465584188,378.5,50
1719465584188,378.5,50
1719465584188,378.5,50
1719465589377,374.05,50
1719465589453,372.75,50
1719465589973,372.0,50
1719465589973,372.0,50
1719465591898,370.0,25
1719465591898,370.0,25
1719465591898,370.0,25
1719465591898,370.0,25
1719465591898,370.0,25
1719465598365,363.6,50
1719465598365,363.6,50
1719465598365,363.6,50
1719465598365,363.6,50
1719465598365,363.6,50
1719465598365,363.6,50
1719465598365,363.6,50
1719465598365,363.6,50
1719465608046,362.9,25
1719465608046,362.9,25
1719465608046,362.9,25
1719465611045,364.15,100
1719465611045,364.15,100
1719465611045,364.15,100
1719465611045,364.15,100
1719465611045,364.15,100
1719465611045,364.15,100
1719465611045,364.15,100
1719465611045,364.15,100
1719465611045,364.15,100
1719465611045,364.15,100
1719465626452,358.3,50
1719465627658,353.8,50
1719465627658,353.8,50
1719465627658,353.8,50
1719465627658,353.8,50
1719465627658,353.8,50
1719465627658,353.8,50
1719465627658,353.8,50
1719465627658,353.8,50
1719465627658,353.8,50
1719465639079,354.15,50
1719465639079,354.15,50
1719465639079,354.15,50
1719465642608,355.5,25
1719465642608,355.5,25
1719465644605,355.5,25
1719465644605,355.5,25
1719465644605,355.5,25
1719465644605,355.5,25
1719465650882,355.35,50
1719465650882,355.35,50
1719465650882,355.35,50
1719465650882,355.35,50
1719465655363,355.45,25
1719465655810,357.6,75
1719465655810,357.6,75
1719465655810,357.6,75
1719465658793,355.15,25
1719465659704,355.0,75
1719465659704,355.0,75
1719465659704,355.0,75
1719465661328,353.7,50
1719465661328,353.7,50
1719465661328,353.7,50
1719465661328,353.7,50
1719465666460,356.0,25
1719465666460,356.0,25
1719465666460,356.0,25
1719465666460,356.0,25
1719465666460,356.0,25
1719465666460,356.0,25
1719465666460,356.0,25
1719465666460,356.0,25
1719465666460,356.0,25
1719465666460,356.0,25
1719465666460,356.0,25
1719465666460,356.0,25
1719465666460,356.0,25
1719465686553,350.0,50
1719465686934,346.8,50
1719465687500,346.55,25
1719465687500,346.55,25
1719465687500,346.55,25
1719465687500,346.55,25
1719465691709,350.9,25
1719465691709,350.9,25
1719465691709,350.9,25
1719465691709,350.9,25
1719465697226,352.05,150
1719465697226,352.05,150
1719465698648,352.75,100
1719465698648,352.75,100
1719465698648,352.75,100
1719465698648,352.75,100
1719465698648,352.75,100
1719465704526,351.1,25
1719465704773,350.9,25
1719465704773,350.9,25
1719465707572,350.0,25
1719465707572,350.0,25
1719465709857,351.65,100
1719465709857,351.65,100
1719465712569,352.15,50
1719465712569,352.15,50
1719465712569,352.15,50
1719465712569,352.15,50
1719465718006,349.65,25
1719465718006,349.65,25
1719465718006,349.65,25
1719465718006,349.65,25
1719465718006,349.65,25
1719465718006,349.65,25
1719465718006,349.65,25
1719465718006,349.65,25
1719465718006,349.65,25
1719465718006,349.65,25
1719465718006,349.65,25
1719465718006,349.65,25
1719465737651,353.95,25
1719465737651,353.95,25
1719465737651,353.95,25
1719465741663,355.25,25
1719465741663,355.25,25
1719465741663,355.25,25
1719465741663,355.25,25
1719465741663,355.25,25
1719465748685,358.15,25
1719465748685,358.15,25
1719465750235,357.3,50
1719465750235,357.3,50
1719465750235,357.3,50
1719465750235,357.3,50
1719465750235,357.3,50
1719465750235,357.3,50
1719465750235,357.3,50
1719465750235,357.3,50
1719465750235,357.3,50
1719465750235,357.3,50
1719465765608,361.55,50
1719465765608,361.55,50
1719465765608,361.55,50
1719465768306,360.9,175
1719465768306,360.9,175
1719465768306,360.9,175
1719465768306,360.9,175
1719465773637,356.15,50
1719465773637,356.15,50
1719465773637,356.15,50
1719465773637,356.15,50
1719465773637,356.15,50
1719465773637,356.15,50
1719465782319,360.1,25
1719465782319,360.1,25
1719465782319,360.1,25
1719465782319,360.1,25
1719465782319,360.1,25
1719465782319,360.1,25
1719465782319,360.1,25
1719465782319,360.1,25
1719465782319,360.1,25
1719465795749,357.4,50
1719465795749,357.4,50
1719465795749,357.4,50
1719465795749,357.4,50
1719465795749,357.4,50
1719465803049,363.65,25
1719465803049,363.65,25
1719465803049,363.65,25
1719465803049,363.65,25
1719465803049,363.65,25
1719465803049,363.65,25
1719465803049,363.65,25
1719465803049,363.65,25
1719465803049,363.65,25
1719465817150,362.3,25
1719465817150,362.3,25
1719465817150,362.3,25
1719465817150,362.3,25
1719465817150,362.3,25
1719465817150,362.3,25
1719465825186,361.8,50
1719465825186,361.8,50
1719465825186,361.8,50
1719465825186,361.8,50
1719465825186,361.8,50
1719465825186,361.8,50
1719465825186,361.8,50
1719465825186,361.8,50
1719465825186,361.8,50
1719465825186,361.8,50
1719465825186,361.8,50
1719465842015,361.7,50
1719465842015,361.7,50
1719465842015,361.7,50
1719465845010,363.65,100
1719465845010,363.65,100
1719465845010,363.65,100
1719465847864,362.9,100
1719465847864,362.9,100
1719465847864,362.9,100
1719465847864,362.9,100
1719465847864,362.9,100
1719465855046,362.55,50
1719465855046,362.55,50
1719465855046,362.55,50
1719465855046,362.55,50
1719465859455,371.55,75
1719465859455,371.55,75
1719465859455,371.55,75
1719465859455,371.55,75
1719465864834,368.5,25
1719465864834,368.5,25
1719465864834,368.5,25
1719465864834,368.5,25
1719465864834,368.5,25
1719465864834,368.5,25
1719465864834,368.5,25
1719465864834,368.5,25
1719465864834,368.5,25
1719465864834,368.5,25
1719465864834,368.5,25
1719465864834,368.5,25
1719465881737,374.05,25
1719465881737,374.05,25
1719465884156,378.0,75
1719465884156,378.0,75
1719465884156,378.0,75
1719465886952,380.0,25
1719465886952,380.0,25
1719465887882,376.8,75
1719465887882,376.8,75
1719465887882,376.8,75
1719465887882,376.8,75
1719465887882,376.8,75
1719465887882,376.8,75
1719465887882,376.8,75
1719465887882,376.8,75
1719465887882,376.8,75
1719465887882,376.8,75
1719465887882,376.8,75
1719465887882,376.8,75
1719465887882,376.8,75
1719465907624,372.6,50
1719465907624,372.6,50
1719465908112,374.1,25
1719465908112,374.1,25
1719465908112,374.1,25
1719465908112,374.1,25
1719465908112,374.1,25
1719465908112,374.1,25
1719465908112,374.1,25
1719465908112,374.1,25
1719465908112,374.1,25
1719465908112,374.1,25
1719465908112,374.1,25
1719465908112,374.1,25
1719465908112,374.1,25
1719465929305,372.35,50
1719465929305,372.35,50
1719465929305,372.35,50
1719465929305,372.35,50
1719465929305,372.35,50
1719465929305,372.35,50
1719465929305,372.35,50
1719465929305,372.35,50
1719465929305,372.35,50
1719465929305,372.35,50
1719465929305,372.35,50
1719465929305,372.35,50
1719465929305,372.35,50
1719465929305,372.35,50
1719465929305,372.35,50
1719465929305,372.35,50
1719465951783,367.3,125
1719465951783,367.3,125
1719465951783,367.3,125
1719465951783,367.3,125
1719465951783,367.3,125
1719465951783,367.3,125
1719465951783,367.3,125
1719465951783,367.3,125
1719465961899,364.1,25
1719465962804,364.0,25
1719465962804,364.0,25
1719465964191,362.8,25
1719465964191,362.8,25
1719465965085,362.05,25
1719465965744,362.45,25
1719465966687,361.9,25
1719465967607,362.1,25
1719465967607,362.1,25
1719465967607,362.1,25
1719465967607,362.1,25
1719465967607,362.1,25
1719465967607,362.1,25
1719465967607,362.1,25
1719465967607,362.1,25
1719465978171,358.85,25
1719465978171,358.85,25
1719465979910,358.1,25
1719465980008,357.6,50
1719465980008,357.6,50
1719465980008,357.6,50
1719465980008,357.6,50
1719465985548,359.75,50
1719465985548,359.75,50
1719465985548,359.75,50
1719465988341,357.95,25
1719465988341,357.95,25
1719465988341,357.95,25
1719465988341,357.95,25
1719465988341,357.95,25
1719465988341,357.95,25
1719465988341,357.95,25
1719465988341,357.95,25
1719465988341,357.95,25
1719465988341,357.95,25
1719465988341,357.95,25
1719465988341,357.95,25
1719465988341,357.95,25
1719465988341,357.95,25
1719465988341,357.95,25
1719465988341,357.95,25
1719466011884,357.3,50
1719466011884,357.3,50
1719466011884,357.3,50
1719466011884,357.3,50
1719466011884,357.3,50
1719466011884,357.3,50
1719466019772,356.9,25
1719466019772,356.9,25
1719466019772,356.9,25
1719466019772,356.9,25
1719466019772,356.9,25
1719466019772,356.9,25
1719466026575,355.3,25
1719466026679,355.0,100
1719466026679,355.0,100
1719466026679,355.0,100
1719466026679,355.0,100
1719466026679,355.0,100
1719466026679,355.0,100
1719466026679,355.0,100
1719466037148,357.1,50
1719466037148,357.1,50
1719466037148,357.1,50
1719466037148,357.1,50
1719466041580,356.95,25
1719466041580,356.95,25
1719466041580,356.95,25
1719466041580,356.95,25
1719466041580,356.95,25
1719466041580,356.95,25
1719466041580,356.95,25
1719466041580,356.95,25
1719466041580,356.95,25
1719466041580,356.95,25
1719466041580,356.95,25
1719466041580,356.95,25
1719466041580,356.95,25
1719466063194,351.2,50
1719466222323,344.35,375
1719466222323,344.35,375
1719466222323,344.35,375
1719466222323,344.35,375
1719466222323,344.35,375
1719466222323,344.35,375
1719466222323,344.35,375
1719466222323,344.35,375
1719466222323,344.35,375
1719466222323,344.35,375
1719466222323,344.35,375
1719466222323,344.35,375
1719466222323,344.35,375
1719466222323,344.35,375
1719466222323,344.35,375
1719466222323,344.35,375
1719466222323,344.35,375
1719466222323,344.35,375
1719466222323,344.35,375
1719466222323,344.35,375
1719466222323,344.35,375
1719466262096,344.7,75
1719466262096,344.7,75
1719466262096,344.7,75
1719466265855,346.1,100
1719466265855,346.1,100
1719466266975,345.6,25
1719466266975,345.6,25
1719466266975,345.6,25
1719466271529,342.1,25
1719466271529,342.1,25
1719466273656,340.1,25
1719466273656,340.1,25
1719466273656,340.1,25
1719466273656,340.1,25
1719466279820,338.3,175
1719466279820,338.3,175
1719466279820,338.3,175
1719466282539,338.1,25
1719466282539,338.1,25
1719466282539,338.1,25
1719466282539,338.1,25
1719466282539,338.1,25
1719466282539,338.1,25
1719466290567,339.0,25
1719466290567,339.0,25
1719466290567,339.0,25
1719466292246,339.8,25
1719466292364,340.3,25
1719466292364,340.3,25
1719466292364,340.3,25
1719466292364,340.3,25
1719466292364,340.3,25
1719466301024,340.55,50
1719466301024,340.55,50
1719466301024,340.55,50
1719466301024,340.55,50
1719466301024,340.55,50
1719466307517,340.35,100
1719466307517,340.35,100
1719466307517,340.35,100
1719466307517,340.35,100
1719466312881,342.1,25
1719466312881,342.1,25
1719466312881,342.1,25
1719466312881,342.1,25
1719466312881,342.1,25
1719466312881,342.1,25
1719466320025,343.35,50
1719466320025,343.35,50
1719466320025,343.35,50
1719466320025,343.35,50
1719466320025,343.35,50
1719466320025,343.35,50
1719466327111,345.2,25
1719466327111,345.2,25
1719466327111,345.2,25
1719466327111,345.2,25
1719466327111,345.2,25
1719466327111,345.2,25
1719466327111,345.2,25
1719466327111,345.2,25
1719466327111,345.2,25
1719466341273,345.45,25
1719466341273,345.45,25
1719466341273,345.45,25
1719466341273,345.45,25
1719466341273,345.45,25
1719466341273,345.45,25
1719466341273,345.45,25
1719466341273,345.45,25
1719466341273,345.45,25
1719466341273,345.45,25
1719466341273,345.45,25
1719466341273,345.45,25
1719466341273,345.45,25
1719466341273,345.45,25
1719466341273,345.45,25
1719466341273,345.45,25
1719466341273,345.45,25
1719466365081,345.4,50
1719466365081,345.4,50
1719466365081,345.4,50
1719466365081,345.4,50
1719466365081,345.4,50
1719466365081,345.4,50
1719466375003,344.85,50
1719466375003,344.85,50
1719466375003,344.85,50
1719466378594,348.0,50
1719466378594,348.0,50
1719466378594,348.0,50
1719466378594,348.0,50
1719466383139,350.6,50
1719466383139,350.6,50
1719466383632,351.35,50
1719466383632,351.35,50
1719466383632,351.35,50
1719466383632,351.35,50
1719466383632,351.35,50
1719466383632,351.35,50
1719466383632,351.35,50
1719466396541,348.25,50
1719466396541,348.25,50
1719466396541,348.25,50
1719466396541,348.25,50
1719466396541,348.25,50
1719466396541,348.25,50
1719466396541,348.25,50
1719466405720,346.45,25
1719466406670,344.4,25
1719466406783,342.45,150
1719466406783,342.45,150
1719466406783,342.45,150
1719466406783,342.45,150
1719466406783,342.45,150
1719466406783,342.45,150
1719466406783,342.45,150
1719466406783,342.45,150
1719466406783,342.45,150
1719466406783,342.45,150
1719466421075,349.5,50
1719466421075,349.5,50
1719466422006,349.9,50
1719466422006,349.9,50
1719466422006,349.9,50
1719466422006,349.9,50
1719466422006,349.9,50
1719466422006,349.9,50
1719466422006,349.9,50
1719466422006,349.9,50
1719466422006,349.9,50
1719466422006,349.9,50
1719466422006,349.9,50
1719466422006,349.9,50
1719466440552,353.25,50
1719466440644,353.55,175
1719466440644,353.55,175
1719466440644,353.55,175
1719466440644,353.55,175
1719466440644,353.55,175
1719466440644,353.55,175
1719466440644,353.55,175
1719466440644,353.55,175
1719466440644,353.55,175
1719466440644,353.55,175
1719466440644,353.55,175
1719466440644,353.55,175
1719466457594,347.7,50
1719466457594,347.7,50
1719466458395,350.1,25
1719466458395,350.1,25
1719466458395,350.1,25
1719466458395,350.1,25
1719466458395,350.1,25
1719466465023,350.1,25
1719466465023,350.1,25
1719466465023,350.1,25
1719466465023,350.1,25
1719466465023,350.1,25
1719466465023,350.1,25
1719466465023,350.1,25
1719466465023,350.1,25
1719466465023,350.1,25
1719466465023,350.1,25
1719466465023,350.1,25
1719466465023,350.1,25
1719466465023,350.1,25
1719466465023,350.1,25
1719466465023,350.1,25
1719466465023,350.1,25
1719466465023,350.1,25
1719466465023,350.1,25
1719466465023,350.1,25
1719466465023,350.1,25
1719466465023,350.1,25
1719466465023,350.1,25
1719466498913,351.6,25
1719466498913,351.6,25
1719466498913,351.6,25
1719466498913,351.6,25
1719466498913,351.6,25
1719466498913,351.6,25
1719466498913,351.6,25
1719466509157,348.5,25
1719466509157,348.5,25
1719466509157,348.5,25
1719466509157,348.5,25
1719466509157,348.5,25
1719466509157,348.5,25
1719466509157,348.5,25
1719466509157,348.5,25
1719466509157,348.5,25
1719466522694,348.5,50
1719466522694,348.5,50
1719466522694,348.5,50
1719466522694,348.5,50
1719466522694,348.5,50
1719466529605,348.5,25
1719466529605,348.5,25
1719466529605,348.5,25
1719466529605,348.5,25
1719466529605,348.5,25
1719466529605,348.5,25
1719466529605,348.5,25
1719466529605,348.5,25
1719466529605,348.5,25
1719466544420,346.15,25
1719466544420,346.15,25
1719466544420,346.15,25
1719466544420,346.15,25
1719466544420,346.15,25
1719466544420,346.15,25
1719466544420,346.15,25
1719466544420,346.15,25
1719466544420,346.15,25
1719466544420,346.15,25
1719466544420,346.15,25
1719466544420,346.15,25
1719466544420,346.15,25
1719466544420,346.15,25
1719466544420,346.15,25
1719466567272,348.5,100
1719466567272,348.5,100
1719466567272,348.5,100
1719466567272,348.5,100
1719466567272,348.5,100
1719466572984,346.15,50
1719466573679,345.15,50
1719466573679,345.15,50
1719466575309,342.5,25
1719466576088,342.0,25
1719466577202,343.05,25
1719466577202,343.05,25
1719466577202,343.05,25
1719466577202,343.05,25
1719466577202,343.05,25
1719466577202,343.05,25
1719466577202,343.05,25
1719466577202,343.05,25
1719466577202,343.05,25
1719466577202,343.05,25
1719466577202,343.05,25
1719466577202,343.05,25
1719466593883,345.1,25
1719466593883,345.1,25
1719466595993,344.8,25
1719466595993,344.8,25
1719466596668,345.2,25
1719466596668,345.2,25
1719466596668,345.2,25
1719466596668,345.2,25
1719466596668,345.2,25
1719466596668,345.2,25
1719466596668,345.2,25
1719466596668,345.2,25
1719466596668,345.2,25
1719466596668,345.2,25
1719466596668,345.2,25
1719466596668,345.2,25
1719466596668,345.2,25
1719466616558,345.6,100
1719466616558,345.6,100
1719466616558,345.6,100
1719466616558,345.6,100
1719466616558,345.6,100
1719466616558,345.6,100
1719466616558,345.6,100
1719466616558,345.6,100
1719466616558,345.6,100
1719466616558,345.6,100
1719466616558,345.6,100
1719466616558,345.6,100
1719466616558,345.6,100
1719466616558,345.6,100
1719466616558,345.6,100
1719466616558,345.6,100
1719466616558,345.6,100
1719466616558,345.6,100
1719466616558,345.6,100
1719466644782,347.0,50
1719466644782,347.0,50
1719466644782,347.0,50
1719466644782,347.0,50
1719466644782,347.0,50
1719466644782,347.0,50
1719466644782,347.0,50
1719466644782,347.0,50
1719466644782,347.0,50
1719466644782,347.0,50
1719466644782,347.0,50
1719466644782,347.0,50
1719466644782,347.0,50
1719466644782,347.0,50
1719466644782,347.0,50
1719466644782,347.0,50
1719466668952,347.2,75
1719466669197,346.6,50
1719466669197,346.6,50
1719466669197,346.6,50
1719466669197,346.6,50
1719466669197,346.6,50
1719466669197,346.6,50
1719466669197,346.6,50
1719466679519,343.2,50
1719466679519,343.2,50
1719466679519,343.2,50
1719466679519,343.2,50
1719466679519,343.2,50
1719466679519,343.2,50
1719466679519,343.2,50
1719466679519,343.2,50
1719466679519,343.2,50
1719466679519,343.2,50
1719466679519,343.2,50
1719466679519,343.2,50
1719466679519,343.2,50
1719466679519,343.2,50
1719466679519,343.2,50
1719466679519,343.2,50
1719466679519,343.2,50
1719466679519,343.2,50
1719466679519,343.2,50
1719466679519,343.2,50
1719466679519,343.2,50
1719466679519,343.2,50
1719466679519,343.2,50
1719466679519,343.2,50
1719466679519,343.2,50
1719466679519,343.2,50
1719466679519,343.2,50
1719466679519,343.2,50
1719466679519,343.2,50
1719466679519,343.2,50
1719466726653,346.4,25
1719466726653,346.4,25
1719466726653,346.4,25
1719466726653,346.4,25
1719466732694,345.5,50
1719466732694,345.5,50
1719466732694,345.5,50
1719466732694,345.5,50
1719466732694,345.5,50
1719466732694,345.5,50
1719466732694,345.5,50
1719466732694,345.5,50
1719466732694,345.5,50
1719466743355,343.55,50
1719466743355,343.55,50
1719466743355,343.55,50
1719466743355,343.55,50
1719466743355,343.55,50
1719466743355,343.55,50
1719466743355,343.55,50
1719466743355,343.55,50
1719466743355,343.55,50
1719466743355,343.55,50
1719466759313,345.0,25
1719466759313,345.0,25
1719466759313,345.0,25
1719466759313,345.0,25
1719466759313,345.0,25
1719466765693,346.0,100
1719466765693,346.0,100
1719466765693,346.0,100
1719466769252,344.8,200
1719466769252,344.8,200
1719466769252,344.8,200
1719466769252,344.8,200
1719466769252,344.8,200
1719466769252,344.8,200
1719466769252,344.8,200
1719466779018,343.9,350
1719466779018,343.9,350
1719466779018,343.9,350
1719466779018,343.9,350
1719466779018,343.9,350
1719466779018,343.9,350
1719466779018,343.9,350
1719466779018,343.9,350
1719466779018,343.9,350
1719466779018,343.9,350
1719466779018,343.9,350
1719466779018,343.9,350
1719466779018,343.9,350
1719466779018,343.9,350
1719466779018,343.9,350
1719466801428,341.45,50
1719466801428,341.45,50
1719466801428,341.45,50
1719466801428,341.45,50
1719466801428,341.45,50
1719466801428,341.45,50
1719466801428,341.45,50
1719466801428,341.45,50
1719466814504,342.55,75
1719466814504,342.55,75
1719466814504,342.55,75
1719466814504,342.55,75
1719466814504,342.55,75
1719466814504,342.55,75
1719466814504,342.55,75
1719466814504,342.55,75
1719466814504,342.55,75
1719466814504,342.55,75
1719466814504,342.55,75
1719466814504,342.55,75
1719466814504,342.55,75
1719466831874,343.75,25
1719466831874,343.75,25
1719466831874,343.75,25
1719466835996,341.0,50
1719466836258,340.9,50
1719466836819,340.0,150
1719466836819,340.0,150
1719466836819,340.0,150
1719466836819,340.0,150
1719466836819,340.0,150
1719466836819,340.0,150
1719466845738,339.7,25
1719466845738,339.7,25
1719466845738,339.7,25
1719466845738,339.7,25
1719466845738,339.7,25
1719466845738,339.7,25
1719466854741,338.05,50
1719466854741,338.05,50
1719466854741,338.05,50
1719466854741,338.05,50
1719466854741,338.05,50
1719466854741,338.05,50
1719466854741,338.05,50
1719466854741,338.05,50
1719466854741,338.05,50
1719466865715,336.3,50
1719466865715,336.3,50
1719466865715,336.3,50
1719466865715,336.3,50
1719466865715,336.3,50
1719466871632,333.0,50
1719466872221,332.5,50
1719466872221,332.5,50
1719466874696,332.85,50
1719466874696,332.85,50
1719466874696,332.85,50
1719466874696,332.85,50
1719466874696,332.85,50
1719466874696,332.85,50
1719466874696,332.85,50
1719466885372,333.55,100
1719466885372,333.55,100
1719466885372,333.55,100
1719466885372,333.55,100
1719466885372,333.55,100
1719466885372,333.55,100
1719466892444,334.45,25
1719466892444,334.45,25
1719466892444,334.45,25
1719466892444,334.45,25
1719466892444,334.45,25
1719466898710,333.9,25
1719466898710,333.9,25
1719466898710,333.9,25
1719466901964,334.4,75
1719466901964,334.4,75
1719466901964,334.4,75
1719466901964,334.4,75
1719466906666,334.0,50
1719466906666,334.0,50
1719466906666,334.0,50
1719466906666,334.0,50
1719466906666,334.0,50
1719466906666,334.0,50
1719466906666,334.0,50
1719466917894,334.0,25
1719466917894,334.0,25
1719466917894,334.0,25
1719466917894,334.0,25
1719466917894,334.0,25
1719466917894,334.0,25
1719466917894,334.0,25
1719466917894,334.0,25
1719466917894,334.0,25
1719466917894,334.0,25
1719466917894,334.0,25
1719466917894,334.0,25
1719466934517,330.8,25
1719466934517,330.8,25
1719466934517,330.8,25
1719466937039,331.7,25
1719466937039,331.7,25
1719466939876,331.2,25
1719466939876,331.2,25
1719466939876,331.2,25
1719466939876,331.2,25
1719466939876,331.2,25
1719466939876,331.2,25
1719466939876,331.2,25
1719466939876,331.2,25
1719466939876,331.2,25
1719466939876,331.2,25
1719466939876,331.2,25
1719466939876,331.2,25
1719466955841,332.9,50
1719466955841,332.9,50
1719466955841,332.9,50
1719466955841,332.9,50
1719466955841,332.9,50
1719466961674,332.75,50
1719466961674,332.75,50
1719466961674,332.75,50
1719466961674,332.75,50
1719466961674,332.75,50
1719466968636,331.9,25
1719466968636,331.9,25
1719466970217,328.65,25
1719466970790,327.15,150
1719466970790,327.15,150
1719466970790,327.15,150
1719466970790,327.15,150
1719466970790,327.15,150
1719466977326,326.25,50
1719466977326,326.25,50
1719466977326,326.25,50
1719466980776,322.55,50
1719466980776,322.55,50
1719466981556,320.4,25
1719466981556,320.4,25
1719466983810,321.5,25
1719466983810,321.5,25
1719466983810,321.5,25
1719466987766,321.5,25
1719466987766,321.5,25
