time,price,volume
1719461503393,73.55,200
1719461504336,73.65,25
1719461505159,73.35,25
1719461505776,73.55,25
1719461506585,73.7,50
1719461506585,73.7,50
1719461507680,73.45,50
1719461508497,73.25,450
1719461508497,73.25,450
1719461509952,73.3,100
1719461509952,73.3,100
1719461511774,73.1,25
1719461511774,73.1,25
1719461514067,73.15,25
1719461515635,72.95,100
1719461515635,72.95,100
1719461516351,72.05,150
1719461517367,72.9,50
1719461517367,72.9,50
1719461518677,73.3,25
1719461518940,73.55,25
1719461518940,73.55,25
1719461518940,73.55,25
1719461520719,73.3,75
1719461520719,73.3,75
1719461521593,73.05,25
1719461522489,73.7,100
1719461523413,73.1,50
1719461524140,73.45,25
1719461524422,73.3,25
1719461525445,73.05,75
1719461525445,73.05,75
1719461526663,73.7,50
1719461526663,73.7,50
1719461527757,74.3,25
1719461527757,74.3,25
1719461529357,73.8,100
1719461529840,73.95,75
1719461530512,74.0,25
1719461530512,74.0,25
1719461532342,73.9,25
1719461532342,73.9,25
1719461532720,73.7,25
1719461532720,73.7,25
1719461534802,73.7,50
1719461534802,73.7,50
1719461536921,73.55,25
1719461537585,73.6,50
1719461537585,73.6,50
1719461540192,74.1,100
1719461540192,74.1,100
1719461541764,74.3,25
1719461542299,73.95,25
1719461542299,73.95,25
1719461543630,74.15,25
1719461544129,74.6,25
1719461544233,74.2,25
1719461544915,74.6,150
1719461545689,74.95,75
1719461546452,75.25,50
1719461546452,75.25,50
1719461548652,74.05,200
1719461549089,74.3,25
1719461549743,74.35,25
1719461549743,74.35,25
1719461549743,74.35,25
1719461549743,74.35,25
1719461549743,74.35,25
1719461554923,74.0,25
1719461554923,74.0,25
1719461557057,74.05,25
1719461557057,74.05,25
1719461557770,74.3,100
1719461559078,74.15,25
1719461559078,74.15,25
1719461560741,74.0,300
1719461561964,74.35,25
1719461561964,74.35,25
1719461563051,74.75,75
1719461563051,74.75,75
1719461565386,75.55,150
1719461565386,75.55,150
1719461565963,74.95,75
1719461566478,75.0,1175
1719461566958,75.3,225
1719461568501,75.05,125
1719461568952,75.2,25
1719461569551,75.35,25
1719461570770,75.3,25
1719461571645,75.0,300
1719461571645,75.0,300
1719461574048,75.5,25
1719461574048,75.5,25
1719461575334,75.25,50
1719461575605,75.3,25
1719461576555,75.2,100
1719461576555,75.2,100
1719461577999,75.0,125
1719461578170,75.0,100
1719461578170,75.0,100
1719461579394,75.0,25
1719461580122,75.0,25
1719461580122,75.0,25
1719461580122,75.0,25
1719461581241,75.1,25
1719461581241,75.1,25
1719461583070,74.75,50
1719461583340,74.7,125
1719461583758,74.95,100
1719461584734,74.75,25
1719461585621,75.15,50
1719461585826,75.1,25
1719461586227,75.35,25
1719461587040,75.15,175
1719461588277,75.7,250
1719461588277,75.7,250
1719461589413,75.15,25
1719461589413,75.15,25
1719461591060,75.65,25
1719461592601,76.0,75
1719461593232,75.9,100
1719461593232,75.9,100
1719461594441,75.45,100
1719461595411,75.55,25
1719461595411,75.55,25
1719461596461,74.8,25
1719461597508,75.35,150
1719461597508,75.35,150
1719461598062,75.25,25
1719461598722,75.5,25
1719461598722,75.5,25
1719461600294,75.1,200
1719461600813,75.0,50
1719461600813,75.0,50
1719461602642,75.4,25
1719461603187,75.45,150
1719461603749,75.45,50
1719461603749,75.45,50
1719461604988,75.35,100
1719461604988,75.35,100
1719461606141,74.95,350
1719461606735,75.0,150
1719461609192,75.65,50
1719461609546,75.25,50
1719461609546,75.25,50
1719461609546,75.25,50
1719461610965,75.35,75
1719461611844,75.4,25
1719461611844,75.4,25
1719461611844,75.4,25
1719461614785,75.3,25
1719461615341,75.45,400
1719461615341,75.45,400
1719461616526,75.45,25
1719461616526,75.45,25
1719461617915,75.75,50
1719461618216,75.8,75
1719461619140,75.4,25
1719461619140,75.4,25
1719461620169,75.55,150
1719461620169,75.55,150
1719461621389,74.95,375
1719461622205,74.9,25
1719461622944,75.15,25
1719461624236,74.65,25
1719461624909,74.2,575
1719461624909,74.2,575
1719461626663,74.6,400
1719461627190,74.4,50
1719461627190,74.4,50
1719461628073,74.0,75
1719461629050,74.2,25
1719461629050,74.2,25
1719461629050,74.2,25
1719461631897,74.8,150
1719461631897,74.8,150
1719461633280,74.4,25
1719461633280,74.4,25
1719461634820,74.45,25
1719461634820,74.45,25
1719461635948,74.6,25
1719461637451,74.4,50
1719461637451,74.4,50
1719461638406,74.65,25
1719461638406,74.65,25
1719461638406,74.65,25
1719461640484,74.8,150
1719461640484,74.8,150
1719461641604,74.95,150
1719461642018,75.0,1525
1719461642796,74.95,150
1719461642796,74.95,150
1719461642796,74.95,150
1719461646194,75.25,100
1719461647580,74.7,25
1719461648662,74.7,250
1719461648662,74.7,250
1719461650627,74.9,100
1719461650627,74.9,100
1719461651363,74.95,75
1719461651970,74.85,25
1719461652740,74.7,25
1719461653479,74.25,25
1719461653479,74.25,25
1719461654572,74.25,25
1719461654572,74.25,25
1719461657591,74.15,100
1719461658917,75.0,125
1719461658917,75.0,125
1719461660459,75.1,25
1719461660730,75.0,50
1719461661103,75.25,500
1719461661198,75.5,200
1719461661198,75.5,200
1719461662873,75.8,200
1719461663696,76.1,375
1719461663779,75.9,200
1719461664704,75.8,25
1719461664704,75.8,25
1719461664704,75.8,25
1719461666392,75.3,25
1719461667060,75.1,25
1719461667060,75.1,25
1719461669679,74.6,50
1719461669679,74.6,50
1719461669679,74.6,50
1719461671562,74.55,25
1719461671562,74.55,25
1719461671562,74.55,25
1719461671562,74.55,25
1719461677095,74.4,75
1719461677095,74.4,75
1719461678832,74.6,25
1719461679321,74.9,75
1719461679321,74.9,75
1719461679321,74.9,75
1719461681485,74.7,400
1719461681485,74.7,400
1719461683568,74.35,25
1719461684127,74.3,100
1719461684127,74.3,100
1719461684127,74.3,100
1719461684127,74.3,100
1719461688371,74.75,50
1719461689126,74.55,25
1719461689575,74.3,100
1719461690305,74.15,25
1719461690998,74.0,50
1719461690998,74.0,50
1719461692547,74.4,25
1719461692547,74.4,25
1719461693181,74.35,25
1719461694285,74.4,25
1719461694285,74.4,25
1719461695338,74.3,25
1719461696069,74.4,150
1719461696069,74.4,150
1719461696069,74.4,150
1719461698877,74.85,25
1719461699299,74.9,25
1719461699299,74.9,25
1719461699974,74.55,150
1719461699974,74.55,150
1719461701124,74.0,800
1719461701577,73.75,50
1719461702786,73.6,50
1719461702927,73.75,75
1719461703689,73.7,25
1719461704054,73.9,100
1719461704054,73.9,100
1719461705443,74.7,275
1719461705443,74.7,275
1719461706584,74.75,25
1719461707725,75.0,1800
1719461707789,75.3,150
1719461708170,75.1,25
1719461708170,75.1,25
1719461709591,75.05,25
1719461710332,74.5,25
1719461710920,74.1,25
1719461710920,74.1,25
1719461712454,74.25,25
1719461712454,74.25,25
1719461713577,74.7,250
1719461713577,74.7,250
1719461714677,74.8,400
1719461715547,74.7,25
1719461715547,74.7,25
1719461717586,74.7,25
1719461717586,74.7,25
1719461718449,74.35,25
1719461718449,74.35,25
1719461719544,74.45,250
1719461720533,73.7,25
1719461720533,73.7,25
1719461722705,73.65,75
1719461724064,74.0,25
1719461748688,71.75,475
1719461748688,71.75,475
1719461749511,71.8,25
1719461749511,71.8,25
1719461751608,71.2,25
1719461752446,71.0,25
1719461752863,71.5,50
1719461752863,71.5,50
1719461755820,71.35,25
1719461755820,71.35,25
1719461756163,71.7,50
1719461757668,71.8,100
1719461757668,71.8,100
1719461758730,71.75,100
1719461759215,71.55,25
1719461759861,71.4,100
1719461760003,71.9,50
1719461760499,71.75,75
1719461761106,71.55,100
1719461761266,71.8,25
1719461762530,71.2,50
1719461762530,71.2,50
1719461763495,71.65,50
1719461763495,71.65,50
1719461765012,71.0,25
1719461765585,71.75,25
1719461765585,71.75,25
1719461766526,71.45,50
1719461766526,71.45,50
1719461768511,71.6,50
1719461768708,71.8,75
1719461769040,71.35,25
1719461769776,71.7,25
1719461770304,71.4,25
1719461770304,71.4,25
1719461771758,71.55,25
1719461771758,71.55,25
1719461772888,71.85,225
1719461773860,72.0,25
1719461774277,72.15,50
1719461774277,72.15,50
1719461775665,71.95,300
1719461775665,71.95,300
1719461776249,71.85,25
1719461777476,71.7,25
1719461777643,71.8,25
1719461778362,71.8,25
1719461778993,71.8,100
1719461779941,71.85,125
1719461780538,71.95,25
1719461780538,71.95,25
1719461781242,71.65,50
1719461782397,71.5,50
1719461782749,71.55,125
1719461783387,71.85,500
1719461783387,71.85,500
1719461784453,71.45,150
1719461784453,71.45,150
1719461786310,71.0,25
1719461786657,70.9,25
1719461786657,70.9,25
1719461788337,70.4,25
1719461788337,70.4,25
1719461789559,70.6,25
1719461789559,70.6,25
1719461790772,70.25,25
1719461790916,70.5,25
1719461791616,70.6,25
1719461792164,70.65,25
1719461792164,70.65,25
1719461793217,71.0,200
1719461793217,71.0,200
1719461794597,71.05,25
1719461795882,71.0,25
1719461796114,70.85,25
1719461797502,71.0,25
1719461797502,71.0,25
1719461798680,70.55,150
1719461799303,70.4,50
1719461799749,70.8,25
1719461799875,70.8,100
1719461800928,70.9,25
1719461801927,70.8,150
1719461802433,70.9,50
1719461802708,70.8,50
1719461804139,70.75,50
1719461804319,70.9,100
1719461804668,70.95,25
1719461805249,70.95,25
1719461806244,70.75,25
1719461807272,70.8,25
1719461807940,70.75,25
1719461808393,70.95,50
1719461809227,70.9,25
1719461809695,70.7,75
1719461810772,70.9,25
1719461810872,70.75,25
1719461811765,70.75,25
1719461812587,71.1,75
1719461812885,71.15,25
1719461813383,70.9,300
1719461814134,71.05,75
1719461814134,71.05,75
1719461815401,71.25,25
1719461816498,71.15,100
1719461817360,71.85,50
1719461817360,71.85,50
1719461818886,71.75,25
1719461819297,71.85,25
1719461819943,71.75,25
1719461820137,71.65,50
1719461820638,71.6,25
1719461820907,71.75,425
1719461821313,71.7,25
1719461822423,71.45,25
1719461822423,71.45,25
1719461823815,71.9,25
1719461824340,71.9,100
1719461824766,72.3,25
1719461825344,71.8,150
1719461825344,71.8,150
1719461826768,72.05,25
1719461827357,72.1,25
1719461827357,72.1,25
1719461829376,71.95,300
1719461829376,71.95,300
1719461829717,72.15,50
1719461830065,72.3,25
1719461831029,72.4,25
1719461831360,72.4,75
1719461831360,72.4,75
1719461833075,72.05,25
1719461833782,71.85,25
1719461834592,71.8,25
1719461834782,71.85,175
1719461835550,71.15,150
1719461835550,71.15,150
1719461836378,71.65,25
1719461837786,72.1,150
1719461837822,72.15,250
1719461838710,72.3,25
1719461839583,72.5,25
1719461839823,72.65,25
1719461840551,72.65,25
1719461841149,72.65,25
1719461841593,72.85,25
1719461842639,72.75,50
1719461843620,72.5,25
1719461843620,72.5,25
1719461844670,72.45,50
1719461845617,72.6,25
1719461845617,72.6,25
1719461846584,72.65,25
1719461846584,72.65,25
1719461848090,72.55,50
1719461848630,72.4,25
1719461849500,72.65,50
1719461849822,72.7,25
1719461850359,73.0,150
1719461850742,72.85,50
1719461851128,72.75,50
1719461851538,72.65,50
1719461852561,73.15,25
1719461853439,73.3,25
1719461853628,73.05,50
1719461855591,73.0,50
1719461855984,72.8,50
1719461855984,72.8,50
1719461856579,72.75,25
1719461857178,72.75,25
1719461857178,72.75,25
1719461860211,73.5,25
1719461860446,73.35,50
1719461860446,73.35,50
1719461861655,72.95,50
1719461862084,73.2,25
1719461862084,73.2,25
1719461863801,73.35,25
1719461863801,73.35,25
1719461864702,73.2,50
1719461864883,73.15,25
1719461864883,73.15,25
1719461866588,72.9,25
1719461866877,72.85,50
1719461866877,72.85,50
1719461870174,73.65,50
1719461871028,73.5,25
1719461871028,73.5,25
1719461871900,73.65,400
1719461871900,73.65,400
1719461873511,73.55,25
1719461873765,73.95,25
1719461874596,74.0,200
1719461874596,74.0,200
1719461874851,74.05,550
1719461876139,73.95,50
1719461876139,73.95,50
1719461876979,74.2,25
1719461876979,74.2,25
1719461879593,74.25,50
1719461879593,74.25,50
1719461879745,74.25,25
1719461880353,74.2,25
1719461880353,74.2,25
1719461881008,74.05,250
1719461881798,74.05,250
1719461881930,74.55,25
1719461883259,74.2,250
1719461884069,74.05,1000
1719461884069,74.05,1000
1719461885134,74.05,100
1719461886272,74.0,100
1719461886721,73.85,25
1719461887199,73.95,75
1719461888758,74.0,25
1719461889015,73.85,25
1719461890131,74.2,25
1719461891109,74.25,25
1719461891716,74.35,25
1719461892610,74.55,25
1719461892610,74.55,25
1719461893704,74.5,175
1719461893704,74.5,175
1719461893704,74.5,175
1719461893704,74.5,175
1719461898786,74.3,25
1719461899522,74.25,500
1719461899522,74.25,500
1719461900012,74.2,75
1719461900012,74.2,75
1719461901581,74.2,25
1719461902369,74.1,25
1719461902369,74.1,25
1719461904175,73.95,100
1719461904330,74.0,200
1719461905071,73.95,25
1719461905071,73.95,25
1719461905071,73.95,25
1719461906648,74.4,25
1719461907388,74.4,25
1719461908686,74.25,100
1719461908686,74.25,100
1719461908686,74.25,100
1719461910960,74.75,150
1719461911325,75.0,50
1719461911440,74.95,25
1719461912492,74.65,25
1719461912492,74.65,25
1719461915241,75.0,25
1719461915320,74.7,25
1719461915320,74.7,25
1719461916975,75.15,725
1719461917634,74.8,25
1719461917634,74.8,25
1719461917634,74.8,25
1719461920600,74.8,25
1719461921206,74.4,25
1719461921206,74.4,25
1719461922267,74.0,25
1719461922267,74.0,25
1719461923970,74.45,25
1719461924362,74.5,25
1719461924362,74.5,25
1719461926024,73.65,100
1719461926125,73.6,100
1719461926932,74.0,25
1719461927728,74.25,25
1719461928432,74.0,25
1719461928432,74.0,25
1719461929888,74.2,25
1719461929888,74.2,25
1719461932454,74.0,25
1719461932454,74.0,25
1719461933399,74.25,25
1719461934227,74.35,25
1719461934227,74.35,25
1719461935858,74.3,50
1719461935858,74.3,50
1719461937652,74.45,25
1719461937652,74.45,25
1719461938894,74.25,25
1719461939754,74.15,25
1719461939754,74.15,25
1719461940252,74.15,25
1719461940790,74.0,425
1719461940790,74.0,425
1719461941675,74.05,25
1719461942903,74.0,125
1719461944125,74.1,25
1719461944421,74.25,25
1719461945115,73.9,350
1719461945115,73.9,350
1719461946597,73.55,25
1719461947089,73.7,25
1719461947089,73.7,25
1719461948318,73.6,25
1719461948896,73.7,225
1719461948896,73.7,225
1719461950797,73.45,25
1719461951044,73.6,25
1719461951044,73.6,25
1719461952465,73.5,25
1719461953050,73.5,25
1719461954199,73.3,25
1719461954199,73.3,25
1719461955160,73.55,50
1719461956160,73.45,25
1719461956643,73.6,25
1719461956984,73.6,50
1719461956984,73.6,50
1719461959045,72.95,25
1719461959251,72.95,25
1719461959251,72.95,25
1719461960790,72.2,25
1719461960790,72.2,25
1719461961886,71.6,25
1719461962417,71.95,25
1719461962417,71.95,25
1719461963690,71.7,25
1719461964122,71.85,25
1719461964122,71.85,25
1719461965686,71.85,25
1719461966079,71.95,25
1719461966814,72.25,25
1719461967952,72.4,25
1719461967952,72.4,25
1719461969503,72.05,25
1719461969802,72.05,25
1719461970410,72.2,25
1719461970657,72.15,25
1719461970657,72.15,25
1719461971489,71.95,25
1719461972818,72.0,25
1719461972818,72.0,25
1719461974078,72.5,25
1719461974612,72.2,50
1719461974612,72.2,50
1719461975617,72.35,25
1719461976119,72.2,25
1719461976701,72.3,125
1719461977983,72.35,25
1719461978860,72.65,25
1719461979293,72.65,25
1719461979782,72.55,25
1719461980830,72.5,25
1719461980830,72.5,25
1719461981657,72.35,25
1719461982831,72.35,25
1719461982831,72.35,25
1719461983572,71.85,25
1719461984577,71.3,25
1719461984893,71.45,25
1719461985825,71.7,25
1719461986142,71.8,25
1719461986909,71.6,25
1719461987815,71.7,25
1719461987815,71.7,25
1719461988558,71.75,25
1719461989467,71.8,25
1719461989467,71.8,25
1719461990613,71.85,25
1719461991031,71.85,25
1719461991635,71.75,25
1719461992605,71.8,25
1719461993034,71.85,25
1719461993785,71.75,25
1719461994625,71.7,25
1719461994625,71.7,25
1719461995877,71.3,25
1719461995958,71.5,25
1719461997121,72.1,25
1719461997895,71.9,25
1719461997895,71.9,25
1719461998151,72.1,25
1719461999132,71.85,25
1719461999132,71.85,25
1719462000342,71.95,25
1719462000845,71.75,225
1719462000845,71.75,225
1719462002002,71.5,75
1719462002958,71.3,25
1719462002958,71.3,25
1719462003639,71.5,25
1719462004568,71.55,25
1719462004568,71.55,25
1719462005873,71.35,25
1719462005873,71.35,25
1719462007163,70.9,25
1719462008107,70.85,25
1719462009108,70.75,25
1719462009251,70.75,50
1719462009251,70.75,50
1719462010389,70.85,25
1719462011007,70.95,25
1719462011713,71.1,25
1719462012683,71.3,25
1719462012683,71.3,25
1719462014039,71.0,50
1719462014243,71.15,25
1719462014845,71.2,25
1719462015683,70.9,25
1719462015683,70.9,25
1719462016768,70.95,25
1719462017908,70.5,25
1719462017988,70.6,25
1719462018990,70.7,25
1719462019711,70.9,25
1719462019711,70.9,25
1719462020522,70.7,25
1719462021115,70.8,25
1719462021901,71.05,25
1719462022297,71.5,100
1719462024130,71.5,25
1719462024627,71.75,25
1719462024990,71.8,25
1719462026079,71.65,25
1719462026456,71.55,25
1719462026806,71.7,25
1719462027406,71.9,25
1719462028049,71.95,25
1719462028747,71.65,125
1719462029456,71.65,25
1719462029456,71.65,25
1719462029456,71.65,25
1719462030933,71.4,25
1719462031323,71.4,25
1719462031323,71.4,25
1719462032916,71.4,25
1719462033092,71.4,25
1719462033551,71.35,25
1719462034135,71.5,25
1719462034135,71.5,25
1719462035181,71.7,50
1719462036367,71.5,25
1719462036882,71.45,50
1719462037496,71.7,150
1719462038125,71.95,100
1719462038835,71.9,725
1719462039050,71.75,25
1719462039050,71.75,25
1719462041132,71.8,25
1719462041507,72.0,25
1719462041793,72.1,25
1719462042823,72.1,25
1719462042982,72.1,25
1719462043600,72.1,50
1719462044314,72.5,25
1719462044858,72.35,225
1719462045053,72.3,25
1719462045053,72.3,25
1719462045053,72.3,25
1719462048431,71.75,25
1719462048431,71.75,25
1719462050201,71.75,25
1719462050711,71.75,25
1719462051319,71.5,75
1719462051319,71.5,75
1719462053029,71.1,25
1719462053514,71.2,125
1719462054551,71.65,25
1719462054551,71.65,25
1719462054551,71.65,25
1719462056610,72.05,25
1719462057111,72.2,50
1719462057111,72.2,50
1719462057111,72.2,50
1719462057111,72.2,50
1719462057111,72.2,50
1719462061768,71.6,25
1719462062912,72.0,25
1719462062912,72.0,25
1719462064653,72.5,50
1719462064763,72.75,150
1719462064763,72.75,150
1719462064969,72.35,200
1719462064969,72.35,200
1719462067022,72.7,75
1719462067022,72.7,75
1719462069005,72.4,50
1719462069588,72.35,25
1719462069588,72.35,25
1719462070376,72.3,125
1719462071333,72.65,250
1719462071333,72.65,250
1719462071333,72.65,250
1719462074704,72.45,100
1719462075769,72.35,200
1719462076502,72.2,25
1719462076502,72.2,25
1719462077928,72.2,25
1719462078154,72.15,25
1719462078979,72.35,25
1719462079215,72.4,75
1719462079215,72.4,75
1719462079215,72.4,75
1719462081802,72.25,50
1719462082963,73.15,25
1719462082963,73.15,25
1719462083801,72.7,25
1719462084763,72.95,50
1719462084763,72.95,50
1719462085453,73.0,100
1719462085453,73.0,100
1719462086739,73.0,25
1719462087952,72.95,50
1719462087952,72.95,50
1719462088566,72.6,75
1719462089231,72.7,25
1719462089838,72.9,25
1719462089838,72.9,25
1719462089838,72.9,25
1719462092135,73.15,25
1719462092844,72.9,25
1719462092844,72.9,25
1719462093896,73.0,25
1719462093896,73.0,25
1719462094901,73.3,50
1719462095792,72.9,25
1719462095792,72.9,25
1719462096627,72.85,50
1719462097547,72.8,25
1719462098191,73.2,25
1719462098191,73.2,25
1719462098191,73.2,25
1719462100695,72.8,25
1719462101334,72.9,25
1719462101615,72.9,25
1719462101615,72.9,25
1719462102342,72.6,25
1719462102991,72.85,50
1719462103730,72.65,25
1719462104825,72.6,25
1719462104825,72.6,25
1719462127418,72.6,100
1719462128161,73.0,25
1719462128161,73.0,25
1719462129925,72.75,25
1719462130524,72.95,25
1719462131362,73.1,50
1719462132993,72.95,50
1719462133923,72.75,25
1719462133923,72.75,25
1719462135417,72.6,25
1719462136172,72.6,25
1719462136356,72.85,125
1719462136930,72.75,25
1719462137876,72.8,50
1719462137876,72.8,50
1719462138618,72.95,50
1719462139618,73.2,25
1719462139618,73.2,25
1719462140497,73.5,175
1719462141548,72.95,600
1719462141548,72.95,600
1719462142122,73.1,275
1719462143182,73.25,175
1719462143182,73.25,175
1719462144021,73.2,50
1719462144962,73.25,100
1719462145868,73.1,50
1719462145868,73.1,50
1719462146839,73.0,50
1719462147469,72.7,25
1719462147469,72.7,25
1719462148828,72.6,25
1719462149622,72.9,25
1719462149622,72.9,25
1719462149622,72.9,25
1719462150828,73.15,25
1719462151050,73.0,75
1719462151912,73.25,100
1719462152860,73.2,125
1719462152860,73.2,125
1719462152860,73.2,125
1719462155084,73.25,25
1719462156270,73.3,25
1719462156655,73.25,25
1719462156655,73.25,25
1719462157602,72.9,125
1719462158007,73.25,25
1719462158007,73.25,25
1719462158007,73.25,25
1719462160198,73.55,25
1719462160605,73.35,25
1719462160605,73.35,25
1719462161947,73.3,25
1719462161947,73.3,25
1719462161947,73.3,25
1719462161947,73.3,25
1719462161947,73.3,25
1719462169331,74.0,25
1719462169901,74.25,350
1719462170664,73.9,25
1719462170664,73.9,25
1719462172031,73.75,125
1719462172724,73.65,600
1719462172724,73.65,600
1719462173380,73.3,250
1719462174915,73.2,25
1719462174915,73.2,25
1719462175728,73.1,175
1719462176326,73.55,25
1719462176911,73.65,25
1719462178400,74.25,1725
1719462179633,74.35,25
1719462179633,74.35,25
1719462180960,74.4,25
1719462181542,74.25,50
1719462181868,74.45,25
1719462181868,74.45,25
1719462183631,74.25,25
1719462183923,74.35,100
1719462183923,74.35,100
1719462183923,74.35,100
1719462187107,74.3,100
1719462187530,74.2,300
1719462188060,74.55,25
1719462188699,74.5,25
1719462189385,74.5,150
1719462189385,74.5,150
1719462190907,74.15,150
1719462191510,74.05,175
1719462191957,73.75,50
1719462192500,73.65,25
1719462193551,74.05,25
1719462193551,74.05,25
1719462195673,74.25,25
1719462195673,74.25,25
1719462196887,74.4,50
1719462197107,74.15,25
1719462197107,74.15,25
1719462198319,74.3,25
1719462199513,74.25,150
1719462199513,74.25,150
1719462200775,74.05,25
1719462200775,74.05,25
1719462201839,73.7,25
1719462202885,74.05,25
1719462202885,74.05,25
1719462204346,73.3,25
1719462204346,73.3,25
1719462204920,73.3,25
1719462204920,73.3,25
1719462206700,73.4,125
1719462207203,73.25,150
1719462207758,73.2,50
1719462207758,73.2,50
1719462208634,73.5,75
1719462209558,73.45,25
1719462209558,73.45,25
1719462210349,73.7,100
1719462211040,73.8,25
1719462211040,73.8,25
1719462211967,73.8,25
1719462212969,73.8,25
1719462212969,73.8,25
1719462213412,73.65,25
1719462214679,74.0,25
1719462214679,74.0,25
1719462215831,73.95,25
1719462216099,73.95,50
1719462216846,73.85,25
1719462218105,73.55,25
1719462218216,73.85,25
1719462218635,73.8,225
1719462219499,73.5,25
1719462219917,73.55,25
1719462221006,73.65,25
1719462221322,73.65,25
1719462222008,73.7,100
1719462222008,73.7,100
1719462224248,73.55,125
1719462224702,73.7,25
1719462224987,73.85,275
1719462225835,73.45,25
1719462226425,73.55,25
1719462226709,73.65,75
1719462228022,73.65,25
1719462228022,73.65,25
1719462228473,73.55,75
1719462229499,73.8,25
1719462229499,73.8,25
1719462231040,74.35,375
1719462231451,73.95,25
1719462231451,73.95,25
1719462232180,73.95,50
1719462233104,74.3,25
1719462233104,74.3,25
1719462234661,73.8,50
1719462234833,74.05,75
1719462235688,74.1,25
1719462236281,74.0,25
1719462237050,74.2,150
1719462237050,74.2,150
1719462237050,74.2,150
1719462238812,74.0,25
1719462238812,74.0,25
1719462240218,73.95,25
1719462240218,73.95,25
1719462241563,73.55,25
1719462241981,73.45,25
1719462242324,73.85,25
1719462242324,73.85,25
1719462243608,73.65,425
1719462244636,73.15,50
1719462244636,73.15,50
1719462245260,73.2,25
1719462246439,73.4,25
1719462246775,72.85,25
1719462248013,73.2,250
1719462248216,72.9,25
1719462248216,72.9,25
1719462249653,73.2,25
1719462249653,73.2,25
1719462251475,73.9,25
1719462251618,74.0,125
1719462252106,74.2,425
1719462253254,74.4,75
1719462253698,74.4,25
1719462254808,74.05,150
1719462255019,74.1,25
1719462256033,74.2,50
1719462256553,74.1,25
1719462256796,74.25,150
1719462257923,74.25,25
1719462258145,74.25,625
1719462259016,74.3,25
1719462259452,74.15,50
1719462259452,74.15,50
1719462261222,74.25,50
1719462261222,74.25,50
1719462261667,74.0,25
1719462262516,73.85,75
1719462263147,74.05,25
1719462264167,73.6,25
1719462264341,73.6,100
1719462264341,73.6,100
1719462265429,73.95,25
1719462266319,73.95,25
1719462266319,73.95,25
1719462267742,73.65,25
1719462267742,73.65,25
1719462268928,73.8,25
1719462269542,73.65,25
1719462269542,73.65,25
1719462270295,73.55,75
1719462270295,73.55,75
1719462270295,73.55,75
1719462271955,73.85,100
1719462272958,73.75,25
1719462272958,73.75,25
1719462274984,73.7,25
1719462275748,73.65,25
1719462276193,73.6,25
1719462276945,73.55,25
1719462277747,72.9,50
1719462277747,72.9,50
1719462278638,72.9,25
1719462279875,72.9,25
1719462279875,72.9,25
1719462280730,72.65,50
1719462281457,72.75,50
1719462281998,72.6,25
1719462282961,72.7,25
1719462282961,72.7,25
1719462283497,72.75,25
1719462284840,73.0,25
1719462285020,73.25,25
1719462286087,72.8,50
1719462286087,72.8,50
1719462287260,72.8,100
1719462287307,72.8,75
1719462288147,73.0,25
1719462288976,72.9,25
1719462289864,72.2,25
1719462290017,72.4,25
1719462291056,72.25,25
1719462291511,72.25,50
1719462291974,71.85,25
1719462292625,72.1,25
1719462293513,72.45,25
1719462294308,72.35,125
1719462294308,72.35,125
1719462296352,72.95,150
1719462296601,72.75,25
1719462297059,72.8,25
1719462298286,72.7,25
1719462298286,72.7,25
1719462299305,72.6,300
1719462299305,72.6,300
1719462299305,72.6,300
1719462300648,72.4,25
1719462301260,72.6,25
1719462301476,72.3,100
1719462301847,72.3,50
1719462302959,72.5,25
1719462303299,72.5,25
1719462303299,72.5,25
1719462303299,72.5,25
1719462305207,72.3,50
1719462305992,72.6,25
1719462305992,72.6,25
1719462307491,72.35,25
1719462307983,72.0,75
1719462307983,72.0,75
1719462309021,72.2,100
1719462310041,72.8,25
1719462311012,72.55,25
1719462311131,72.3,25
1719462312283,71.35,100
1719462313285,71.0,25
1719462313294,70.85,150
1719462314272,71.8,25
1719462315148,71.3,25
1719462315219,71.45,25
1719462316052,71.5,25
1719462316550,71.9,25
1719462316782,72.0,25
1719462318072,71.6,50
1719462318072,71.6,50
1719462318929,71.7,50
1719462320122,71.8,125
1719462320905,72.05,25
1719462320905,72.05,25
1719462322051,71.7,50
1719462322996,71.8,50
1719462323142,71.9,50
1719462324068,71.75,25
1719462324872,71.6,25
1719462324872,71.6,25
1719462326051,72.05,25
1719462326633,71.9,100
1719462327262,71.7,25
1719462327736,71.65,75
1719462328352,71.0,50
1719462329070,71.35,50
1719462330124,71.55,25
1719462330354,71.2,50
1719462330853,71.1,25
1719462331744,71.2,25
1719462331744,71.2,25
1719462332615,71.55,125
1719462332615,71.55,125
1719462334052,71.35,25
1719462334484,71.6,25
1719462335292,71.6,125
1719462336346,71.7,50
1719462336721,71.55,25
1719462337060,71.55,100
1719462338003,71.95,25
1719462338312,72.05,50
1719462339172,71.85,25
1719462340189,71.5,25
1719462340189,71.5,25
1719462341727,72.0,25
1719462341727,72.0,25
1719462342926,71.85,75
1719462342926,71.85,75
1719462343613,71.65,25
1719462345154,71.6,25
1719462345694,71.9,25
1719462346498,71.85,25
1719462346958,72.1,25
1719462347908,71.8,50
1719462348389,72.0,25
1719462348917,71.9,50
1719462350078,71.75,50
1719462350917,71.75,25
1719462351654,71.85,25
1719462351654,71.85,25
1719462353077,72.0,50
1719462353334,72.05,25
1719462353495,72.0,25
1719462355175,71.85,25
1719462355175,71.85,25
1719462355572,71.9,50
1719462356549,72.0,25
1719462356882,72.0,25
1719462358226,72.05,25
1719462359086,72.25,25
1719462359640,72.05,25
1719462360407,72.2,75
1719462361117,72.3,25
1719462361479,72.1,25
1719462362065,72.0,50
1719462363063,72.15,50
1719462363362,72.15,25
1719462364089,72.1,50
1719462364991,72.6,25
1719462364991,72.6,25
1719462366049,72.4,25
1719462366704,72.6,25
1719462367238,72.9,25
1719462368070,72.7,25
1719462368471,72.75,25
1719462369137,72.65,25
1719462369848,72.65,25
1719462369848,72.65,25
1719462370982,72.2,25
1719462371242,72.3,25
1719462371923,72.05,25
1719462372887,71.85,25
1719462373572,71.95,25
1719462374083,71.75,25
1719462375202,71.95,25
1719462376026,71.95,75
1719462376575,71.75,75
1719462376575,71.75,75
1719462378111,72.35,25
1719462378169,72.3,25
1719462378169,72.3,25
1719462380249,72.6,25
1719462380571,72.75,25
1719462381753,72.9,25
1719462382042,72.8,25
1719462382868,72.45,25
1719462383511,72.5,25
1719462384137,72.5,125
1719462384413,72.6,25
1719462384413,72.6,25
1719462386576,72.35,25
1719462386576,72.35,25
1719462387219,72.65,25
1719462387219,72.65,25
1719462389271,72.6,25
1719462389271,72.6,25
1719462389271,72.6,25
1719462391742,72.5,325
1719462391914,72.9,25
1719462393636,72.5,25
1719462393716,72.5,25
1719462394004,72.3,25
1719462394981,72.45,75
1719462395166,72.5,25
1719462396123,72.05,25
1719462396560,71.9,300
1719462397058,71.75,25
1719462398085,71.95,25
1719462398598,71.65,50
1719462398943,71.6,75
1719462400155,70.8,25
1719462400155,70.8,25
1719462401179,70.25,125
1719462401715,70.1,25
1719462402117,69.9,100
1719462403309,69.55,25
1719462403562,69.65,25
1719462404241,69.5,50
1719462404563,69.65,25
1719462405196,69.8,25
1719462406207,70.05,50
1719462406871,69.75,100
1719462407021,69.65,25
1719462408323,69.2,25
1719462408617,69.15,25
1719462409152,68.7,125
1719462410114,69.4,25
1719462410114,69.4,25
1719462411233,69.5,25
1719462411733,69.25,25
1719462412222,69.25,100
1719462413275,69.0,125
1719462413643,69.15,25
1719462413887,69.0,125
1719462415152,68.3,100
1719462415340,68.05,75
1719462416165,68.15,25
1719462416715,67.9,25
1719462417180,67.95,25
1719462418139,67.7,25
1719462418694,68.0,25
1719462419091,67.45,100
1719462419584,67.6,25
1719462420375,67.0,25
1719462421209,66.95,50
1719462421842,66.55,25
1719462422413,66.55,75
1719462423163,66.65,25
1719462423635,66.95,25
1719462424091,67.0,25
1719462425017,67.15,25
1719462425291,67.0,100
1719462426103,67.4,50
1719462426737,67.3,250
1719462427127,67.25,25
1719462428102,67.85,25
1719462428102,67.85,25
1719462429524,67.7,175
1719462430029,67.8,100
1719462430029,67.8,100
1719462431014,67.65,25
1719462431605,67.6,225
1719462432195,67.65,125
1719462433136,68.0,25
1719462433136,68.0,25
1719462434122,67.85,25
1719462435078,67.55,250
1719462436106,67.3,200
1719462436106,67.3,200
1719462437133,67.4,25
1719462438100,66.9,25
1719462438906,66.95,25
1719462439488,67.1,50
1719462440290,67.4,25
1719462441246,67.45,300
1719462441620,67.15,25
1719462442086,67.0,300
1719462443257,67.05,225
1719462443257,67.05,225
1719462444320,66.65,25
1719462445098,66.4,25
1719462445098,66.4,25
1719462445986,66.4,50
1719462446692,66.2,25
1719462447178,66.6,25
1719462447662,66.75,50
1719462447662,66.75,50
1719462449201,66.9,50
1719462450061,66.85,50
1719462450363,66.85,50
1719462451028,67.1,25
1719462451625,67.15,25
1719462452180,67.25,25
1719462453151,67.45,25
1719462453174,67.5,25
1719462454246,66.95,25
1719462454246,66.95,25
1719462455334,66.8,25
1719462456016,66.9,50
1719462456016,66.9,50
1719462457110,66.75,125
1719462457110,66.75,125
1719462458458,67.05,100
1719462458876,67.0,25
1719462460013,66.7,225
1719462460013,66.7,225
1719462460013,66.7,225
1719462462188,66.6,25
1719462462835,66.25,25
1719462463298,66.1,25
1719462464048,65.95,25
1719462465132,66.4,50
1719462465132,66.4,50
1719462466299,65.6,50
1719462466675,65.5,25
1719462467239,65.45,25
1719462468164,65.2,75
1719462468403,65.2,25
1719462469187,65.45,25
1719462470029,65.0,50
1719462470962,64.55,25
1719462471550,64.7,125
1719462472324,64.25,25
1719462472684,64.3,25
1719462474296,64.25,25
1719462475140,64.3,25
1719462475140,64.3,25
1719462476320,63.75,350
1719462476743,63.75,100
1719462477238,63.35,25
1719462478093,63.75,25
1719462478093,63.75,25
1719462479070,64.05,25
1719462480136,63.9,50
1719462480365,63.8,25
1719462481081,62.85,25
1719462481789,63.25,150
1719462482176,63.2,75
1719462483385,62.65,50
1719462484171,63.05,225
1719462485164,63.0,25
1719462485910,63.4,100
1719462486787,63.55,25
1719462487133,63.3,375
1719462488512,63.8,25
1719462488899,63.7,150
1719462490004,63.75,25
1719462490854,63.9,125
1719462491925,63.3,25
1719462491925,63.3,25
1719462492521,63.4,25
1719462493607,63.8,25
1719462494166,63.6,25
1719462495098,63.25,25
1719462495098,63.25,25
1719462496172,63.4,125
1719462496919,63.25,25
1719462497114,63.05,25
1719462498341,63.15,25
1719462498539,63.3,25
1719462499050,63.25,25
1719462500107,63.5,25
1719462500756,63.25,25
1719462501882,63.25,25
1719462502334,63.15,25
1719462502825,63.15,50
1719462502825,63.15,50
1719462504376,63.0,25
1719462505206,62.9,25
1719462505997,62.5,25
1719462506995,62.55,25
1719462507085,62.15,75
1719462508194,62.35,50
1719462508640,62.7,25
1719462509078,62.5,25
1719462509918,62.7,25
1719462509918,62.7,25
1719462511377,62.3,500
1719462511989,62.5,25
1719462512322,62.45,25
1719462513412,62.05,25
1719462513484,62.05,25
1719462514278,62.1,25
1719462515124,62.2,100
1719462515409,62.3,25
1719462516069,62.4,25
1719462516761,62.1,100
1719462517062,62.0,350
1719462517846,62.45,25
1719462518641,62.45,275
1719462518890,62.7,25
1719462519794,62.35,25
1719462520936,62.4,25
1719462522137,62.85,25
1719462523356,62.8,25
1719462523587,62.95,50
1719462524276,62.45,25
1719462525202,62.6,25
1719462525202,62.6,25
1719462526341,62.3,25
1719462526793,62.3,25
1719462527092,62.4,25
1719462528206,62.7,25
1719462528515,62.9,25
1719462529052,62.95,25
1719462530245,62.75,25
1719462530385,62.75,25
1719462530896,62.95,100
1719462531716,62.9,50
1719462531716,62.9,50
1719462532742,62.65,50
1719462532742,62.65,50
1719462534262,62.55,50
1719462535061,62.7,50
1719462535061,62.7,50
1719462536068,62.55,25
1719462537084,62.55,125
1719462537209,62.7,25
1719462538032,62.3,50
1719462538654,62.55,25
1719462539196,62.3,50
1719462540223,62.55,100
1719462540223,62.55,100
1719462540673,62.55,25
1719462541325,62.5,25
1719462542290,62.35,25
1719462543185,62.3,175
1719462543562,62.35,25
1719462544321,62.6,25
1719462544697,62.15,175
1719462546187,62.5,75
1719462546474,62.45,150
1719462547134,62.45,200
1719462548360,62.7,25
1719462548712,62.6,25
1719462548877,62.6,25
1719462550097,62.6,200
1719462550097,62.6,200
1719462551314,62.35,25
1719462551598,62.4,50
1719462553211,62.05,25
1719462553211,62.05,25
1719462554247,62.25,25
1719462555154,62.0,25
1719462555367,62.0,25
1719462556180,62.05,25
1719462557015,61.9,25
1719462557015,61.9,25
1719462558167,61.95,25
1719462558721,61.95,25
1719462558721,61.95,25
1719462560396,62.0,25
1719462560396,62.0,25
1719462561145,61.65,150
1719462562052,61.8,50
1719462562052,61.8,50
1719462563463,62.0,50
1719462563463,62.0,50
1719462563924,61.8,75
1719462565139,61.9,25
1719462565139,61.9,25
1719462565865,61.95,25
1719462566418,61.65,150
1719462566418,61.65,150
1719462568471,61.7,25
1719462568832,61.65,25
1719462568832,61.65,25
1719462570686,61.7,50
1719462570882,61.8,25
1719462571644,61.35,25
1719462571644,61.35,25
1719462573260,61.6,50
1719462573739,61.8,125
1719462574065,61.65,50
1719462575642,61.65,25
1719462576201,61.95,475
1719462577134,62.45,100
1719462577420,62.25,100
1719462578196,62.6,25
1719462578702,62.7,25
1719462579275,62.7,25
1719462580434,62.35,50
1719462580434,62.35,50
1719462581666,62.35,50
1719462581666,62.35,50
1719462582383,62.7,225
1719462583065,62.4,50
1719462583065,62.4,50
1719462584196,62.4,25
1719462584871,62.15,75
1719462584871,62.15,75
1719462586194,62.05,500
1719462586677,61.85,25
1719462586677,61.85,25
1719462588071,61.95,50
1719462588699,62.15,50
1719462588699,62.15,50
1719462589734,62.15,25
1719462590292,61.95,100
1719462590292,61.95,100
1719462590292,61.95,100
1719462592473,62.2,75
1719462593239,62.1,25
1719462593239,62.1,25
1719462595015,62.0,50
1719462595280,62.05,25
1719462595564,62.15,75
1719462596022,62.25,25
1719462596022,62.25,25
1719462597404,62.3,125
1719462598125,61.95,50
1719462598778,61.85,50
1719462599437,61.8,25
1719462600380,61.4,25
1719462600392,61.25,25
1719462601484,60.75,25
1719462602141,60.65,225
1719462602461,61.1,100
1719462603349,61.1,25
1719462603349,61.1,25
1719462604434,61.55,150
1719462605257,61.8,25
1719462605257,61.8,25
1719462606159,62.1,25
1719462606771,62.0,25
1719462606771,62.0,25
1719462607959,61.85,125
1719462608798,61.65,25
1719462609395,61.75,25
1719462609636,62.0,1650
1719462611176,62.0,250
1719462612066,62.05,25
1719462612462,61.75,25
1719462613421,61.85,25
1719462613901,61.95,75
1719462614254,61.95,25
1719462614754,61.65,125
1719462615600,61.5,100
1719462616211,61.7,25
1719462616817,61.95,25
1719462617245,61.75,25
1719462618444,61.75,75
1719462618917,62.0,25
1719462619398,61.95,125
1719462620421,62.35,50
1719462620421,62.35,50
1719462621265,61.95,100
1719462622069,62.05,75
1719462622069,62.05,75
1719462623039,62.15,25
1719462623039,62.15,25
1719462624334,62.15,25
1719462625276,62.1,25
1719462625558,62.25,25
1719462626409,62.05,25
1719462627021,62.05,100
1719462627446,62.05,25
1719462628318,61.65,75
1719462629034,61.7,25
1719462629410,61.75,25
1719462630154,61.9,150
1719462630154,61.9,150
1719462631253,61.65,25
1719462632256,61.65,25
1719462633413,61.5,25
1719462633577,61.55,25
1719462634323,61.45,75
1719462635410,61.4,250
1719462635522,61.35,25
1719462636239,61.45,75
1719462637004,61.8,25
1719462638172,61.45,25
1719462638999,61.7,125
1719462639361,61.9,25
1719462640281,61.85,325
1719462640503,62.1,25
1719462640666,61.85,175
1719462642254,61.85,25
1719462642298,61.85,100
1719462642503,62.0,25
1719462644040,62.3,25
1719462644572,62.25,250
1719462645266,62.0,25
1719462645266,62.0,25
1719462646254,61.75,25
1719462647053,61.7,25
1719462648040,61.8,25
1719462649014,61.4,25
1719462649094,61.35,50
1719462650112,61.85,25
1719462650627,61.9,100
1719462651253,61.95,25
1719462652109,61.65,25
1719462652493,61.7,25
1719462652493,61.7,25
1719462654041,61.95,25
1719462654041,61.95,25
1719462655057,61.95,100
1719462655559,61.8,25
1719462656060,61.8,50
1719462656515,61.9,25
1719462658479,61.1,50
1719462658479,61.1,50
1719462659455,61.0,25
1719462660481,60.65,25
1719462660572,60.6,25
1719462661396,60.65,25
1719462662216,60.5,25
1719462662216,60.5,25
1719462663600,60.9,25
1719462705413,60.15,50
1719462705413,60.15,50
1719462706043,60.15,25
1719462707348,59.75,50
1719462707406,59.95,25
1719462708418,60.0,50
1719462708982,59.75,25
1719462709469,59.9,75
1719462710149,60.15,25
1719462710612,60.2,75
1719462711465,60.1,25
1719462712274,59.95,75
1719462712908,59.75,25
1719462714138,59.0,75
1719462714491,58.9,300
1719462715494,58.85,25
1719462715750,59.05,150
1719462716358,59.15,25
1719462717196,59.05,25
1719462717497,59.05,25
1719462718366,59.05,25
1719462719035,58.8,75
1719462719443,59.05,25
1719462720252,59.0,25
1719462720657,59.0,25
1719462721396,58.25,25
1719462722343,57.8,200
1719462722505,57.85,25
1719462723391,57.95,25
1719462724186,57.85,100
1719462724515,58.0,25
1719462725577,58.1,50
1719462726215,58.25,50
1719462726432,58.0,275
1719462727596,58.6,25
1719462728843,58.3,100
1719462729464,58.55,25
1719462730566,58.8,25
1719462731721,58.85,25
1719462732118,59.25,75
1719462732480,59.0,150
1719462733464,59.35,225
1719462733464,59.35,225
1719462734259,59.2,175
1719462735217,59.45,25
1719462735217,59.45,25
1719462736522,59.35,50
1719462737181,59.45,25
1719462737248,59.45,25
1719462738416,59.6,25
1719462738416,59.6,25
1719462739139,59.2,25
1719462740543,59.4,25
1719462740926,59.4,25
1719462740926,59.4,25
1719462742536,59.5,25
1719462742935,59.4,25
1719462743888,59.2,25
1719462743888,59.2,25
1719462744782,59.15,25
1719462745367,58.85,50
1719462746018,59.0,50
1719462747121,58.9,125
1719462747478,58.95,25
1719462748529,58.95,25
1719462748635,59.05,25
1719462749287,58.85,300
1719462750358,59.15,25
1719462750536,59.0,25
1719462750584,59.05,375
1719462751329,59.15,25
1719462752160,58.8,25
1719462752240,58.95,200
1719462753227,58.65,25
1719462753732,58.65,25
1719462753732,58.65,25
1719462753732,58.65,25
1719462755814,58.75,25
1719462756435,58.8,25
1719462757211,58.35,75
1719462757659,58.35,50
1719462758651,58.55,100
1719462758651,58.55,100
1719462759313,58.4,50
1719462760335,58.5,75
1719462760335,58.5,75
1719462761387,58.55,25
1719462762125,58.25,25
1719462762321,58.3,25
1719462763606,58.25,75
1719462763992,58.65,25
1719462764276,58.3,25
1719462765478,58.15,125
1719462766252,58.25,25
1719462766942,58.2,500
1719462766942,58.2,500
1719462768475,58.25,25
1719462768992,58.2,25
1719462769683,58.05,50
1719462770197,58.0,25
1719462770398,58.0,25
1719462771069,57.9,100
1719462771786,57.15,25
1719462771786,57.15,25
1719462772814,57.1,25
1719462773937,56.95,25
1719462774478,57.15,100
1719462775133,57.15,25
1719462775595,57.15,25
1719462776613,56.55,25
1719462777014,56.95,25
1719462777286,56.9,150
1719462778375,57.0,125
1719462778621,56.85,200
1719462779494,57.0,25
1719462780361,57.15,25
1719462780361,57.15,25
1719462780733,57.25,50
1719462781278,57.05,25
1719462782089,56.85,50
1719462782506,56.85,75
1719462782932,56.7,75
1719462784036,56.65,50
1719462784322,56.25,25
1719462785327,56.35,225
1719462785327,56.35,225
1719462786357,56.35,50
1719462786739,56.25,25
1719462786739,56.25,25
1719462788523,56.45,25
1719462788862,56.45,50
1719462789373,56.2,25
1719462790724,56.1,25
1719462791369,55.8,25
1719462791715,55.8,125
1719462791715,55.8,125
1719462793339,55.9,25
1719462793800,56.3,100
1719462794268,55.95,25
1719462795268,56.2,25
1719462795268,56.2,25
1719462796205,56.0,25
1719462796848,56.2,50
1719462796848,56.2,50
1719462797953,56.6,25
1719462798633,56.55,25
1719462799258,56.55,50
1719462800081,56.1,25
1719462800453,56.1,25
1719462801308,56.0,25
1719462802210,56.0,25
1719462802210,56.0,25
1719462803772,56.15,75
1719462803787,56.15,25
1719462804216,56.15,75
1719462805319,56.1,25
1719462805319,56.1,25
1719462805845,56.4,25
1719462807252,56.75,375
1719462807581,56.6,650
1719462808425,56.65,300
1719462808995,56.65,25
1719462809573,57.0,25
1719462810386,57.2,75
1719462810576,57.05,25
1719462810692,56.9,50
1719462811691,56.85,25
1719462812370,56.95,50
1719462813358,56.7,25
1719462814059,56.35,100
1719462814370,56.2,25
1719462815561,56.25,50
1719462815706,56.25,25
1719462816149,56.25,100
1719462817320,56.2,50
1719462817320,56.2,50
1719462817746,56.35,25
1719462818999,56.6,25
1719462818999,56.6,25
1719462819731,57.0,75
1719462819731,57.0,75
1719462821383,57.2,100
1719462822264,57.35,25
1719462822539,57.4,50
1719462823776,57.2,25
1719462823776,57.2,25
1719462824176,57.25,50
1719462824815,57.4,250
1719462825673,56.9,25
1719462825873,57.1,25
1719462827071,57.3,175
1719462827460,56.85,50
1719462828266,57.3,150
1719462828909,57.6,25
1719462828909,57.6,25
1719462829852,57.3,25
1719462829852,57.3,25
1719462831386,57.35,75
1719462832182,57.1,125
1719462832427,57.1,25
1719462832715,56.9,50
1719462833993,57.1,25
1719462834435,57.05,125
1719462834924,57.25,25
1719462835634,57.05,25
1719462835975,57.1,25
1719462836665,57.1,75
1719462836665,57.1,75
1719462838502,57.1,25
1719462838885,57.3,25
1719462839241,57.1,75
1719462840368,56.85,25
1719462840368,56.85,25
1719462840726,56.95,75
1719462841405,57.15,50
1719462842255,57.0,100
1719462842466,57.1,25
1719462842740,57.0,25
1719462843975,57.05,25
1719462844550,57.0,350
1719462845233,57.05,25
1719462845641,57.45,50
1719462846158,57.85,25
1719462847211,57.85,25
1719462847506,57.7,50
1719462848235,58.2,25
1719462848235,58.2,25
1719462850540,58.05,50
1719462850540,58.05,50
1719462851030,57.85,50
1719462852302,57.8,25
1719462853112,58.2,150
1719462853932,58.25,200
1719462853932,58.25,200
1719462854522,58.25,25
1719462854522,58.25,25
1719462855792,58.0,25
1719462856621,58.3,25
1719462856621,58.3,25
1719462857973,58.05,25
1719462858497,57.85,100
1719462859352,57.85,25
1719462859912,58.0,25
1719462859912,58.0,25
1719462861383,58.15,50
1719462862552,57.95,25
1719462862775,57.85,75
1719462862775,57.85,75
1719462864373,57.85,75
1719462865467,57.85,100
1719462865467,57.85,100
1719462866206,58.0,25
1719462867282,58.15,25
1719462867282,58.15,25
1719462868044,58.0,100
1719462868712,57.95,75
1719462869226,58.25,25
1719462985948,58.05,25
1719462986447,57.9,225
1719462987232,57.85,25
1719462987691,57.9,75
1719462988561,58.1,25
1719463009219,56.9,25
1719463009710,56.7,25
1719463010109,56.7,50
1719463010735,56.75,25
1719463011294,56.75,25
1719463011294,56.75,25
1719463013215,56.85,25
1719463013410,56.75,25
1719463014340,56.65,475
1719463015482,57.0,25
1719463015832,56.8,25
1719463016310,56.95,75
1719463017407,56.65,25
1719463017407,56.65,25
1719463018544,56.35,25
1719463019043,56.4,25
1719463019697,56.25,25
1719463020480,56.2,500
1719463020818,55.95,25
1719463021400,56.0,25
1719463022674,56.0,25
1719463022674,56.0,25
1719463023571,56.2,50
1719463024118,55.95,50
1719463024520,55.75,25
1719463025502,56.05,25
1719463026494,56.0,25
1719463103908,58.25,200
1719463106663,58.15,250
1719463106785,58.25,25
1719463108341,58.2,125
1719463109538,58.4,450
1719463110038,58.55,100
1719463110520,58.35,25
1719463110520,58.35,25
1719463111478,58.15,75
1719463111900,58.35,50
1719463111900,58.35,50
1719463113552,58.25,50
1719463113552,58.25,50
1719463114892,58.6,25
1719463115445,58.5,25
1719463116047,58.6,25
1719463116047,58.6,25
1719463117693,58.5,25
1719463118337,58.35,25
1719463119398,58.45,75
1719463120669,58.35,25
1719463121147,58.0,25
1719463121488,57.55,275
1719463122680,57.2,100
1719463123536,57.55,50
1719463124171,57.05,25
1719463125639,57.25,125
1719463125845,57.4,25
1719463126349,57.35,25
1719463127721,56.9,125
1719463128548,57.4,100
1719463129504,57.65,125
1719463129504,57.65,125
1719463130516,57.55,25
1719463130516,57.55,25
1719463131565,57.8,25
1719463131873,57.45,25
1719463132684,57.35,25
1719463133390,57.4,125
1719463134566,57.4,25
1719463135478,57.4,50
1719463136466,57.35,25
1719463136638,57.2,25
1719463136638,57.2,25
1719463138532,57.15,125
1719463139487,56.6,25
1719463139487,56.6,25
1719463236936,56.95,100
1719463320554,56.5,25
1719463321241,56.3,25
1719463321744,56.3,50
1719463321904,56.0,75
1719463321904,56.0,75
1719463323736,56.2,25
1719463324424,56.3,25
1719463324424,56.3,25
1719463325784,56.3,50
1719463325784,56.3,50
1719463326740,56.2,75
1719463328070,56.9,50
1719463328567,56.6,100
1719463329508,56.25,250
1719463330340,56.65,50
1719463331281,56.6,75
1719463331281,56.6,75
1719463332876,56.6,25
1719463332876,56.6,25
1719463332876,56.6,25
1719463334650,56.7,25
1719463334813,56.65,25
1719463335654,56.7,125
1719463335654,56.7,125
1719463336562,56.65,25
1719463337373,56.6,25
1719463337373,56.6,25
1719463338305,56.65,75
1719463339695,56.6,25
1719463340385,56.65,50
1719463340771,56.65,25
1719463341868,56.55,100
1719463342598,56.55,25
1719463343043,56.6,700
1719463343398,56.7,25
1719463344442,56.9,50
1719463344442,56.9,50
1719463345800,56.85,75
1719463346288,56.6,125
1719463346609,56.75,25
1719463347671,57.0,25
1719463348070,57.0,25
1719463348851,57.3,75
1719463348970,56.95,50
1719463348970,56.95,50
1719463348970,56.95,50
1719463350684,56.6,25
1719463351239,56.85,25
1719463351239,56.85,25
1719463353081,56.8,25
1719463353348,56.8,25
1719463354356,56.8,25
1719463354356,56.8,25
1719463355454,56.3,500
1719463356458,56.0,150
1719463356889,56.0,50
1719463357816,56.0,25
1719463357924,55.9,25
1719463358785,55.9,25
1719463359035,55.6,100
1719463359035,55.6,100
1719463360485,55.8,25
1719463361295,55.75,25
1719463361752,55.75,25
1719463362966,56.35,25
1719463363252,56.45,25
1719463364607,56.5,25
1719463365404,56.5,25
1719463366034,56.4,25
1719463366856,56.6,150
1719463367218,56.55,25
1719463367218,56.55,25
1719463368235,56.65,475
1719463369111,56.15,25
1719463369111,56.15,25
1719463370677,56.4,25
1719463370758,56.6,25
1719463370758,56.6,25
1719463371980,56.5,25
1719463371980,56.5,25
1719463374233,56.3,25
1719463374558,56.25,25
1719463374721,56.25,25
1719463375555,56.25,25
1719463375555,56.25,25
1719463376648,56.45,25
1719463377520,56.4,100
1719463377991,56.5,125
1719463378715,56.4,25
1719463379699,56.85,225
1719463379887,57.0,1000
1719463379887,57.0,1000
1719463381081,57.25,25
1719463381081,57.25,25
1719463382909,57.3,25
1719463382909,57.3,25
1719463382909,57.3,25
1719463384674,56.35,25
1719463384674,56.35,25
1719463386130,56.35,25
1719463386359,56.35,25
1719463386359,56.35,25
1719463388131,56.45,25
1719463388131,56.45,25
1719463389603,56.4,50
1719463390550,56.4,350
1719463390550,56.4,350
1719463392726,57.0,75
1719463392726,57.0,75
1719463392726,57.0,75
1719463396034,57.1,50
1719463396346,57.25,25
1719463396346,57.25,25
1719463397305,57.15,25
1719463397875,57.2,25
1719463397875,57.2,25
1719463399585,57.1,25
1719463399585,57.1,25
1719463400518,57.3,25
1719463400982,57.4,25
1719463400982,57.4,25
1719463403099,57.4,25
1719463403612,57.4,25
1719463404324,57.6,75
1719463405089,57.45,25
1719463406319,57.6,150
1719463406482,57.6,25
1719463407835,57.75,25
1719463407835,57.75,25
1719463408651,57.85,50
1719463409679,58.0,25
1719463409810,58.0,50
1719463409810,58.0,50
1719463410842,58.0,25
1719463411288,58.0,25
1719463411726,57.8,25
1719463412871,57.6,125
1719463413126,57.75,150
1719463413126,57.75,150
1719463414652,57.6,25
1719463414652,57.6,25
1719463415096,57.75,25
1719463415096,57.75,25
1719463416583,57.75,50
1719463417363,57.7,25
1719463417363,57.7,25
1719463418904,58.1,75
1719463419537,58.0,100
1719463419537,58.0,100
1719463420504,58.0,25
1719463420968,57.85,200
1719463420968,57.85,200
1719463422531,57.95,50
1719463423165,58.2,175
1719463423165,58.2,175
1719463424431,57.85,25
1719463425321,58.1,25
1719463426367,57.75,225
1719463426877,57.8,150
1719463427728,57.95,25
1719463428230,58.45,50
1719463428786,58.65,25
1719463429153,58.6,25
1719463429829,58.65,25
1719463430833,58.0,50
1719463431114,58.3,25
1719463431709,58.15,25
1719463432697,58.8,25
1719463432697,58.8,25
1719463434063,58.45,25
1719463434526,58.8,25
1719463435133,58.4,50
1719463435404,58.25,250
1719463435815,58.35,150
1719463436643,58.1,25
1719463436978,58.25,50
1719463436978,58.25,50
1719463438930,58.3,25
1719463439928,58.35,50
1719463440391,58.25,75
1719463440653,58.3,25
1719463440773,58.25,25
1719463441656,58.2,100
1719463442955,57.9,50
1719463443198,57.85,25
1719463443653,58.0,100
1719463444673,58.25,75
1719463444673,58.25,75
1719463445650,57.95,25
1719463446311,58.1,125
1719463446311,58.1,125
1719463446311,58.1,125
1719463448594,58.2,25
1719463449836,58.2,25
1719463449836,58.2,25
1719463451326,58.25,25
1719463451728,58.5,225
1719463452522,58.2,100
1719463452522,58.2,100
1719463453832,58.35,25
1719463454656,58.1,200
1719463454656,58.1,200
1719463455615,58.0,25
1719463456422,58.05,25
1719463456422,58.05,25
1719463457618,58.25,25
1719463458150,58.05,250
1719463458706,57.95,25
1719463459522,58.25,50
1719463460384,58.0,100
1719463461051,58.4,50
1719463461576,58.4,25
1719463462416,58.3,25
1719463463049,58.1,25
1719463463723,58.0,25
1719463464936,58.2,50
1719463465362,58.2,25
1719463465362,58.2,25
1719463467897,58.2,25
1719463468177,58.1,25
1719463468659,58.1,25
1719463469559,58.05,25
1719463469929,58.25,25
1719463470248,57.6,100
1719463470248,57.6,100
1719463471182,57.25,25
1719463471576,57.5,25
1719463472742,57.15,25
1719463472984,57.45,50
1719463472984,57.45,50
1719463473903,57.5,75
1719463474835,57.45,100
1719463474965,57.6,25
1719463476340,57.4,50
1719463476515,57.45,25
1719463477919,57.55,75
1719463478200,57.8,75
1719463478720,57.8,100
1719463479632,58.05,25
1719463479821,58.05,100
1719463480220,58.1,350
1719463480220,58.1,350
1719463482686,58.4,25
1719463483305,58.75,50
1719463483305,58.75,50
1719463484544,58.2,25
1719463484544,58.2,25
1719463485142,58.25,25
1719463486369,58.1,25
1719463486369,58.1,25
1719463487895,58.3,25
1719463487895,58.3,25
1719463488334,58.0,25
1719463488334,58.0,25
1719463490051,58.0,25
1719463490051,58.0,25
1719463492554,58.25,300
1719463492862,58.35,125
1719463493127,58.5,25
1719463493423,58.45,25
1719463494528,58.5,25
1719463494528,58.5,25
1719463495526,58.5,25
1719463495526,58.5,25
1719463497504,58.25,25
1719463497504,58.25,25
1719463498439,58.25,25
1719463498962,58.35,25
1719463498962,58.35,25
1719463500001,58.25,25
1719463500329,58.2,50
1719463500329,58.2,50
1719463501350,58.1,250
1719463501605,58.15,75
1719463501605,58.15,75
1719463503596,58.25,150
1719463504725,58.35,300
1719463504725,58.35,300
1719463505671,58.35,50
1719463506469,58.75,25
1719463506540,58.6,575
1719463507885,58.35,200
1719463508233,58.45,25
1719463508233,58.45,25
1719463509551,58.0,100
1719463509551,58.0,100
1719463510321,58.25,25
1719463510321,58.25,25
1719463511730,58.75,100
1719463512385,58.8,25
1719463512385,58.8,25
1719463513946,58.6,25
1719463514047,58.45,25
1719463514047,58.45,25
1719463515429,58.45,25
1719463516444,58.6,100
1719463516444,58.6,100
1719463517378,58.55,25
1719463517378,58.55,25
1719463519033,58.65,25
1719463519033,58.65,25
1719463520742,58.45,25
1719463521110,58.4,50
1719463521698,58.3,25
1719463522451,58.3,25
1719463523100,58.2,25
1719463523744,58.0,925
1719463524531,58.1,75
1719463524531,58.1,75
1719463525769,57.8,25
1719463526076,58.05,25
1719463526882,58.0,25
1719463527259,57.95,25
1719463528178,57.95,25
1719463528335,58.0,25
1719463529478,58.0,25
1719463530364,57.75,25
1719463530674,57.6,25
1719463531016,57.65,25
1719463531016,57.65,25
1719463532759,57.6,50
1719463532953,57.65,25
1719463533521,57.8,75
1719463533976,57.8,100
1719463533976,57.8,100
1719463535139,57.75,100
1719463536372,57.6,525
1719463537005,57.4,150
1719463537455,57.3,25
1719463537455,57.3,25
1719463538365,57.5,25
1719463538365,57.5,25
1719463540376,57.55,50
1719463540376,57.55,50
1719463541711,57.75,25
1719463542252,57.9,25
1719463543045,57.6,25
1719463543400,57.85,25
1719463543400,57.85,25
1719463545179,57.65,75
1719463545619,57.9,25
1719463546565,57.7,25
1719463546565,57.7,25
1719463547790,57.7,25
1719463547790,57.7,25
1719463548804,57.45,25
1719463549708,57.3,100
1719463550398,57.2,25
1719463551401,57.15,25
1719463551401,57.15,25
1719463552962,57.85,175
1719463552962,57.85,175
1719463553985,57.9,25
1719463554972,58.0,225
1719463554972,58.0,225
1719463555720,58.0,25
1719463556274,57.9,25
1719463556696,57.8,25
1719463557656,57.85,25
1719463557656,57.85,25
1719463558504,57.9,25
1719463559822,57.85,25
1719463559822,57.85,25
1719463559822,57.85,25
1719463560459,57.85,50
1719463560459,57.85,50
1719463562298,58.0,25
1719463562298,58.0,25
1719463563308,58.1,50
1719463563765,58.1,25
1719463565012,58.25,25
1719463565477,58.1,25
1719463566566,58.4,25
1719463566566,58.4,25
1719463567593,58.3,25
1719463567593,58.3,25
1719463567593,58.3,25
1719463570216,58.45,50
1719463570756,58.3,25
1719463571558,58.05,25
1719463572002,58.05,25
1719463572541,58.05,25
1719463573348,58.3,50
1719463573685,58.3,1400
1719463574728,58.25,25
1719463574728,58.25,25
1719463575906,58.15,25
1719463576359,58.3,25
1719463576768,58.25,25
1719463577602,58.3,50
1719463578355,58.3,25
1719463578653,58.3,25
1719463579910,58.25,25
1719463579910,58.25,25
1719463580802,58.3,100
1719463581470,58.3,750
1719463581770,58.3,75
1719463582695,58.3,50
1719463583413,58.3,125
1719463583735,58.3,325
1719463584323,58.5,25
1719463585020,58.6,25
1719463585948,58.45,25
1719463586588,58.25,50
1719463586588,58.25,50
1719463587083,58.2,100
1719463588105,58.4,25
1719463588105,58.4,25
1719463589865,58.4,100
1719463590189,58.4,25
1719463590189,58.4,25
1719463591424,58.4,25
1719463591424,58.4,25
1719463592129,58.5,25
1719463592129,58.5,25
1719463593777,58.45,25
1719463593777,58.45,25
1719463593777,58.45,25
1719463593777,58.45,25
1719463598909,58.95,75
1719463598909,58.95,75
1719463600698,58.85,25
1719463600698,58.85,25
1719463601853,58.9,25
1719463603192,58.2,25
1719463603369,58.1,25
1719463603698,58.0,200
1719463605061,57.7,25
1719463605820,57.5,25
1719463606548,57.5,25
1719463606548,57.5,25
1719463607710,57.6,200
1719463608206,57.6,25
1719463608667,57.85,25
1719463609528,58.2,25
1719463609528,58.2,25
1719463610499,58.4,25
1719463610499,58.4,25
1719463610499,58.4,25
1719463614365,58.35,25
1719463614777,58.45,50
1719463615675,58.3,200
1719463615675,58.3,200
1719463615675,58.3,200
1719463619040,58.65,25
1719463619594,58.65,25
1719463619594,58.65,25
1719463619594,58.65,25
1719463620739,58.65,250
1719463621586,59.0,50
1719463621842,58.85,75
1719463622592,58.9,200
1719463623106,58.9,25
1719463623767,58.9,300
1719463624747,58.75,300
1719463624962,59.0,50
1719463625810,59.0,25
1719463626199,59.05,250
1719463626199,59.05,250
1719463627184,58.85,300
1719463628121,58.8,200
1719463629043,58.7,300
1719463629421,58.8,50
1719463630100,58.7,25
1719463630858,58.65,300
1719463631694,58.4,75
1719463631823,58.55,200
1719463632717,58.75,100
1719463633371,58.65,100
1719463633797,58.5,25
1719463635023,58.6,25
1719463635023,58.6,25
1719463635625,58.65,275
1719463636434,58.65,300
1719463636434,58.65,300
1719463637389,58.2,300
1719463638294,58.5,25
1719463638294,58.5,25
1719463640150,58.4,300
1719463640843,58.4,75
1719463641828,58.2,25
1719463643032,58.25,50
1719463643444,58.3,25
1719463643838,58.25,300
1719463644305,58.2,25
1719463644996,58.05,25
1719463645525,58.2,25
1719463646570,58.45,175
1719463646570,58.45,175
1719463647471,58.75,25
1719463648400,58.85,75
1719463648400,58.85,75
1719463649708,59.0,25
1719463649708,59.0,25
1719463649708,59.0,25
1719463650711,58.9,75
1719463650860,59.0,25
1719463652852,59.0,25
1719463653469,59.0,25
1719463653653,59.0,25
1719463655121,59.0,175
1719463655247,59.05,25
1719463655944,59.1,100
1719463656134,59.1,300
1719463656134,59.1,300
1719463657655,59.15,250
1719463658148,59.25,50
1719463658659,59.2,300
1719463659377,59.1,25
1719463660128,59.1,25
1719463660599,59.1,1150
1719463661362,59.15,300
1719463661362,59.15,300
1719463662342,59.2,200
1719463663369,59.05,300
1719463663741,59.1,25
1719463664286,59.1,25
1719463664286,59.1,25
1719463665287,59.25,25
1719463666869,59.1,25
1719463667229,59.0,100
1719463668181,59.2,25
1719463668960,59.35,100
1719463669803,59.4,100
1719463669803,59.4,100
1719463670686,59.35,150
1719463671052,59.15,50
1719463671878,59.1,25
1719463672289,59.15,25
1719463673390,58.95,25
1719463673390,58.95,25
1719463674557,58.6,25
1719463674557,58.6,25
1719463674557,58.6,25
1719463678169,59.0,50
1719463678341,59.0,25
1719463678341,59.0,25
1719463680032,59.3,25
1719463680118,59.2,100
1719463680118,59.2,100
1719463680837,59.4,50
1719463681811,59.3,25
1719463681811,59.3,25
1719463682801,59.3,25
1719463683570,59.15,25
1719463683570,59.15,25
1719463684234,59.25,25
1719463684234,59.25,25
1719463685835,59.05,25
1719463686075,59.0,25
1719463686960,58.65,25
1719463687700,58.65,25
1719463688610,58.8,150
1719463688610,58.8,150
1719463689336,59.05,75
1719463690109,58.9,25
1719463690109,58.9,25
1719463691301,58.85,200
1719463693205,59.05,175
1719463693576,59.1,25
1719463693576,59.1,25
1719463694094,59.0,150
1719463694094,59.0,150
1719463695701,59.1,25
1719463696793,59.3,25
1719463696793,59.3,25
1719463697759,59.0,25
1719463698570,58.8,25
1719463698719,58.45,300
1719463699552,58.65,25
1719463699552,58.65,25
1719463700579,59.0,25
1719463701838,59.0,25
1719463703596,58.55,25
1719463703596,58.55,25
1719463703900,58.6,25
1719463704516,58.35,325
1719463704516,58.35,325
1719463705298,58.4,25
1719463706341,58.25,25
1719463706341,58.25,25
1719463708231,58.5,25
1719463708231,58.5,25
1719463708958,58.45,25
1719463708958,58.45,25
1719463708958,58.45,25
1719463708958,58.45,25
1719463711990,58.2,25
1719463712358,57.9,25
1719463713470,58.0,25
1719463713470,58.0,25
1719463715062,58.5,25
1719463715062,58.5,25
1719463715791,58.2,150
1719463715791,58.2,150
1719463716987,58.1,25
1719463717832,58.2,300
1719463717832,58.2,300
1719463719984,57.75,100
1719463720160,57.85,25
1719463720467,57.8,25
1719463721334,57.8,25
1719463721334,57.8,25
1719463722189,57.85,25
1719463722933,57.6,225
1719463723685,58.05,75
1719463725250,57.8,25
1719463725283,57.7,25
1719463725491,57.9,25
1719463726094,58.0,100
1719463726094,58.0,100
1719463727736,57.85,25
1719463727736,57.85,25
1719463728890,58.2,75
1719463729650,58.55,50
1719463729650,58.55,50
1719463730678,58.35,25
1719463731811,58.3,25
1719463731811,58.3,25
1719463733950,58.35,25
1719463734491,58.45,25
1719463734491,58.45,25
1719463734491,58.45,25
1719463737419,57.95,25
1719463737419,57.95,25
1719463739710,57.85,25
1719463739710,57.85,25
1719463739710,57.85,25
1719463740446,58.0,50
1719463741378,57.8,250
1719463741378,57.8,250
1719463744088,58.2,50
1719463744088,58.2,50
1719463745475,58.1,25
1719463745887,58.0,50
1719463746874,58.1,25
1719463747761,57.9,25
1719463748560,57.9,200
1719463748900,57.75,25
1719463749881,58.0,25
1719463749881,58.0,25
1719463751118,58.05,25
1719463751758,57.65,250
1719463752042,57.7,25
1719463752042,57.7,25
1719463754041,57.8,25
1719463754865,57.95,25
1719463755130,57.95,25
1719463755748,57.8,25
1719463755748,57.8,25
1719463757689,57.7,25
1719463757689,57.7,25
1719463759113,57.4,25
1719463760063,56.8,50
1719463760266,56.8,50
1719463760638,56.7,225
1719463761268,56.75,225
1719463761268,56.75,225
1719463761268,56.75,225
1719463764827,57.0,25
1719463764827,57.0,25
1719463765593,56.95,25
1719463766349,57.25,250
1719463766349,57.25,250
1719463767705,57.3,25
1719463767705,57.3,25
1719463770279,57.35,25
1719463770279,57.35,25
1719463770520,57.3,25
1719463771266,57.55,25
1719463773484,57.15,25
1719463773572,57.15,50
1719463773572,57.15,50
1719463774240,56.95,325
1719463775228,57.0,25
1719463775228,57.0,25
1719463776839,56.75,50
1719463777360,56.7,275
1719463777360,56.7,275
1719463778966,56.75,25
1719463779233,56.6,275
1719463780401,56.85,25
1719463781350,57.0,75
1719463782491,57.15,25
1719463783358,57.1,25
1719463783358,57.1,25
1719463783358,57.1,25
1719463786116,57.1,25
1719463786264,57.3,25
1719463786264,57.3,25
1719463789113,57.1,25
1719463789537,57.1,25
1719463789537,57.1,25
1719463790451,56.85,25
1719463791941,56.7,100
1719463792073,56.85,25
1719463793667,56.8,25
1719463793667,56.8,25
1719463794508,56.7,25
1719463794508,56.7,25
1719463794508,56.7,25
1719463797729,57.2,125
1719463797729,57.2,125
1719463799539,57.2,25
1719463799539,57.2,25
1719463799539,57.2,25
1719463800505,56.85,50
1719463800778,56.8,75
1719463801956,56.95,25
1719463801956,56.95,25
1719463803257,56.95,250
1719463803257,56.95,250
1719463805342,56.8,25
1719463805342,56.8,25
1719463805578,56.95,50
1719463805578,56.95,50
1719463807630,57.0,25
1719463807630,57.0,25
1719463807630,57.0,25
1719463810738,56.85,100
1719463810865,56.5,25
1719463811399,56.7,250
1719463813332,56.2,225
1719463813332,56.2,225
1719463813949,55.8,100
1719463814207,56.1,25
1719463815222,56.15,25
1719463815222,56.15,25
1719463816646,56.4,25
1719463817567,56.6,25
1719463818603,56.7,25
1719463818815,57.0,25
1719463819912,56.5,25
1719463819912,56.5,25
1719463819912,56.5,25
1719463822338,56.8,25
1719463823158,56.65,75
1719463823158,56.65,75
1719463823158,56.65,75
1719463826622,56.85,25
1719463826622,56.85,25
1719463827501,57.0,25
1719463827501,57.0,25
1719463830304,57.7,25
1719463830304,57.7,25
1719463830914,57.35,175
1719463831709,57.3,25
1719463831709,57.3,25
1719463834678,57.35,75
1719463834678,57.35,75
1719463834678,57.35,75
1719463837329,57.3,75
1719463837732,57.65,25
1719463838769,57.35,25
1719463838769,57.35,25
1719463839650,57.55,250
1719463840189,57.6,25
1719463840189,57.6,25
1719463840189,57.6,25
1719463843075,58.1,25
1719463843668,58.35,25
1719463843668,58.35,25
1719463844106,58.15,50
1719463845426,58.2,25
1719463845701,58.1,250
1719463846990,58.05,150
1719463847906,58.0,250
1719463848861,58.15,75
1719463849009,58.15,25
1719463849009,58.15,25
1719463850873,58.3,100
1719463851540,58.35,25
1719463851540,58.35,25
1719463852690,58.25,25
1719463852690,58.25,25
1719463854461,58.4,25
1719463854461,58.4,25
1719463855671,58.4,150
1719463856500,58.45,100
1719463856500,58.45,100
1719463857150,58.35,75
1719463857704,58.2,75
1719463858857,57.9,25
1719463859067,57.6,250
1719463860032,57.6,25
1719463860032,57.6,25
1719463860811,57.45,75
1719463862171,57.25,25
1719463862713,57.15,25
1719463863237,57.2,150
1719463863237,57.2,150
1719463863237,57.2,150
1719463863237,57.2,150
1719463870506,58.05,25
1719463870961,57.85,50
1719463870961,57.85,50
1719463870961,57.85,50
1719463875325,58.05,100
1719463875325,58.05,100
1719463875325,58.05,100
1719463878160,57.7,100
1719463878160,57.7,100
1719463878160,57.7,100
1719463881324,57.35,25
1719463881324,57.35,25
1719463882867,57.2,25
1719463883053,57.3,250
1719463883053,57.3,250
1719463884662,57.35,200
1719463884662,57.35,200
1719463886519,57.1,175
1719463886519,57.1,175
1719463887301,57.2,25
1719463887656,57.3,50
1719463888833,57.0,50
1719463888833,57.0,50
1719463889735,56.8,75
1719463890076,57.0,25
1719463890076,57.0,25
1719463890076,57.0,25
1719463891940,57.0,50
1719463891940,57.0,50
1719463893531,57.0,25
1719463893531,57.0,25
1719463894037,57.0,25
1719463894037,57.0,25
1719463894037,57.0,25
1719463894037,57.0,25
1719463900324,57.3,100
1719463900324,57.3,100
1719463900324,57.3,100
1719464032743,58.15,25
1719464036045,58.3,350
1719464036538,58.2,50
1719464036538,58.2,50
1719464038145,58.4,25
1719464039116,58.4,25
1719464039860,58.4,100
1719464039860,58.4,100
1719464039860,58.4,100
1719464040945,58.4,25
1719464040945,58.4,25
1719464040945,58.4,25
1719464044370,58.35,100
1719464044370,58.35,100
1719464046495,58.4,25
1719464047166,58.6,75
1719464047923,58.55,25
1719464048776,58.6,25
1719464048776,58.6,25
1719464049853,58.5,25
1719464050516,58.6,75
1719464050774,58.8,25
1719464050774,58.8,25
1719464053679,58.8,25
1719464053679,58.8,25
1719464054175,58.2,100
1719464054928,58.55,800
1719464055753,58.2,25
1719464055753,58.2,25
1719464057098,57.95,25
1719464057270,57.9,25
1719464057455,57.9,25
1719464058425,58.05,25
1719464058425,58.05,25
1719464060055,58.2,100
1719464060055,58.2,100
1719464062261,58.75,25
1719464062373,58.7,25
1719464062373,58.7,25
1719464062373,58.7,25
1719464064689,58.85,25
1719464065399,58.65,100
1719464065703,58.75,350
1719464065703,58.75,350
1719464067210,58.7,25
1719464067666,58.7,25
1719464067666,58.7,25
1719464069721,58.95,50
1719464069721,58.95,50
1719464070565,58.75,25
1719464071847,58.8,25
1719464071847,58.8,25
1719464073253,58.9,25
1719464073928,58.6,100
1719464073928,58.6,100
1719464075644,58.7,100
1719464076625,58.65,75
1719464077083,58.7,25
1719464077346,58.8,25
1719464077346,58.8,25
1719464078777,58.85,25
1719464078777,58.85,25
1719464078777,58.85,25
1719464081926,58.9,100
1719464081926,58.9,100
1719464081926,58.9,100
1719464084416,59.05,125
1719464085183,59.0,50
1719464085356,59.0,125
1719464086069,59.1,25
1719464086540,59.0,25
1719464086540,59.0,25
1719464087470,58.85,25
1719464087470,58.85,25
1719464087470,58.85,25
1719464091029,58.9,25
1719464091360,58.9,25
1719464092382,58.3,100
1719464092806,58.4,25
1719464093250,58.3,25
1719464094273,58.0,1800
1719464095756,58.15,25
1719464095756,58.15,25
1719464095756,58.15,25
1719464097540,58.0,75
1719464097906,58.0,100
1719464098204,58.0,25
1719464098204,58.0,25
1719464098204,58.0,25
1719464100805,58.35,25
1719464100805,58.35,25
1719464102022,58.1,75
1719464102022,58.1,75
1719464103016,58.3,25
1719464103554,58.3,100
1719464103554,58.3,100
1719464106906,58.1,25
1719464106906,58.1,25
1719464107487,58.1,25
1719464108386,58.0,50
1719464108626,58.0,50
1719464108626,58.0,50
1719464110537,58.3,25
1719464111705,58.35,25
1719464111804,58.4,25
1719464111804,58.4,25
1719464113194,58.2,125
1719464114031,58.5,25
1719464114031,58.5,25
1719464115565,58.4,75
1719464115565,58.4,75
1719464115565,58.4,75
1719464119015,58.0,200
1719464119015,58.0,200
1719464120985,57.7,50
1719464120985,57.7,50
1719464122956,57.95,25
1719464123677,58.15,100
1719464123677,58.15,100
1719464123677,58.15,100
1719464127152,58.45,100
1719464127152,58.45,100
1719464127554,58.1,100
1719464127554,58.1,100
1719464127554,58.1,100
1719464127554,58.1,100
1719464131773,58.5,25
1719464132344,58.35,50
1719464132344,58.35,50
1719464132344,58.35,50
1719464132344,58.35,50
1719464136758,58.9,75
1719464136758,58.9,75
1719464138871,59.0,25
1719464138871,59.0,25
1719464139635,59.3,50
1719464139883,59.4,125
1719464140228,59.2,100
1719464140228,59.2,100
1719464140228,59.2,100
1719464142836,58.85,25
1719464142836,58.85,25
1719464145220,58.3,100
1719464145220,58.3,100
1719464145963,58.4,25
1719464145963,58.4,25
1719464148376,58.2,75
1719464148376,58.2,75
1719464148376,58.2,75
1719464150880,58.4,75
1719464152075,58.25,75
1719464152075,58.25,75
1719464152075,58.25,75
1719464152075,58.25,75
1719464155819,58.9,25
1719464155819,58.9,25
1719464155819,58.9,25
1719464159195,59.05,25
1719464159195,59.05,25
1719464159195,59.05,25
1719464159195,59.05,25
1719464159195,59.05,25
1719464165345,58.6,25
1719464165345,58.6,25
1719464165345,58.6,25
1719464165345,58.6,25
1719464165345,58.6,25
1719464171480,58.5,50
1719464172179,58.7,25
1719464172179,58.7,25
1719464172897,58.65,50
1719464173740,58.6,75
1719464174541,58.8,25
1719464174541,58.8,25
1719464175876,58.8,75
1719464176627,58.8,50
1719464178298,58.75,100
1719464178298,58.75,100
1719464180599,58.6,25
1719464181072,58.5,25
1719464182490,58.2,75
1719464183820,58.3,25
1719464183820,58.3,25
1719464184398,58.4,25
1719464185049,58.55,100
1719464185635,58.35,25
1719464185786,58.35,25
1719464187451,58.45,25
1719464187451,58.45,25
1719464188144,58.8,25
1719464189102,58.6,50
1719464189889,58.85,50
1719464189889,58.85,50
1719464189889,58.85,50
1719464191294,59.0,25
1719464191861,59.15,25
1719464191861,59.15,25
1719464191861,59.15,25
1719464195479,58.7,25
1719464195479,58.7,25
1719464195976,58.4,200
1719464196651,58.25,50
1719464197325,58.35,250
1719464197904,58.4,25
1719464198223,58.25,25
1719464198223,58.25,25
1719464201106,58.95,25
1719464202047,59.0,1225
1719464202047,59.0,1225
1719464203177,58.85,25
1719464204060,58.8,25
1719464204832,58.65,25
1719464205713,58.75,300
1719464205713,58.75,300
1719464207181,58.9,325
1719464207181,58.9,325
1719464207181,58.9,325
1719464210366,58.4,25
1719464210366,58.4,25
1719464210366,58.4,25
1719464210366,58.4,25
1719464210366,58.4,25
1719464215819,58.7,25
1719464217154,58.3,75
1719464217154,58.3,75
1719464218991,57.65,125
1719464219126,57.65,25
1719464219359,57.7,25
1719464219359,57.7,25
1719464220669,57.5,25
1719464221211,57.9,25
1719464221211,57.9,25
1719464222664,57.8,50
1719464222664,57.8,50
1719464222664,57.8,50
1719464226400,57.45,25
1719464227524,57.4,75
1719464227524,57.4,75
1719464228322,57.1,100
1719464228805,57.0,25
1719464228805,57.0,25
1719464228805,57.0,25
1719464232539,56.85,250
1719464232539,56.85,250
1719464235014,57.15,150
1719464235014,57.15,150
1719464236289,57.0,25
1719464236289,57.0,25
1719464237908,56.95,25
1719464238195,56.95,600
1719464238195,56.95,600
1719464239562,57.0,25
1719464239980,56.9,25
1719464240719,57.1,25
1719464240719,57.1,25
1719464240719,57.1,25
1719464240719,57.1,25
1719464244615,56.75,75
1719464244615,56.75,75
1719464244615,56.75,75
1719464247019,56.0,25
1719464247550,56.05,50
1719464248306,55.5,100
1719464249219,55.3,50
1719464249219,55.3,50
1719464249752,55.7,150
1719464249752,55.7,150
1719464249752,55.7,150
1719464251156,55.25,25
1719464251888,55.55,25
1719464251888,55.55,25
1719464253524,55.25,25
1719464254070,55.3,25
1719464254378,55.0,100
1719464254378,55.0,100
1719464257608,55.25,125
1719464257692,55.3,25
1719464258838,55.0,100
1719464258838,55.0,100
1719464260400,55.65,25
1719464260868,55.6,100
1719464261059,55.5,25
1719464262045,55.55,200
1719464262298,55.4,50
1719464263183,55.4,250
1719464263442,55.4,25
1719464263442,55.4,25
1719464265309,55.25,375
1719464265309,55.25,375
1719464266752,55.25,50
1719464267371,55.15,175
1719464267547,55.25,75
1719464267707,55.2,25
1719464269129,55.2,50
1719464269399,55.2,25
1719464269831,54.85,50
1719464270597,55.2,175
1719464271433,55.4,500
1719464272189,55.45,25
1719464272397,55.9,25
1719464273171,55.4,250
1719464273824,55.45,25
1719464273824,55.45,25
1719464273824,55.45,25
1719464275990,55.6,25
1719464277355,55.35,25
1719464277355,55.35,25
1719464277355,55.35,25
1719464279954,56.1,25
1719464279954,56.1,25
1719464280482,56.0,75
1719464280698,56.1,75
1719464280698,56.1,75
1719464281801,55.75,25
1719464282478,55.65,125
1719464283117,55.85,50
1719464283117,55.85,50
1719464284799,55.75,225
1719464284799,55.75,225
1719464286722,55.75,600
1719464286722,55.75,600
1719464286722,55.75,600
1719464290303,55.7,75
1719464290500,55.65,50
1719464291206,55.85,25
1719464292254,54.7,400
1719464292254,54.7,400
1719464293174,55.0,1350
1719464293174,55.0,1350
1719464294320,55.3,25
1719464295829,55.35,25
1719464296722,55.5,100
1719464297369,55.4,25
1719464297369,55.4,25
1719464298059,55.2,25
1719464298842,55.25,75
1719464299190,55.0,250
1719464299261,54.95,25
1719464300878,55.3,25
1719464300878,55.3,25
1719464302240,55.25,25
1719464302240,55.25,25
1719464303400,55.4,625
1719464303400,55.4,625
1719464305241,55.4,850
1719464305796,55.35,100
1719464305796,55.35,100
1719464306945,55.85,175
1719464307685,55.35,450
1719464308730,55.5,25
1719464308730,55.5,25
1719464310329,54.95,25
1719464310329,54.95,25
1719464310820,54.85,350
1719464310820,54.85,350
1719464312107,54.95,25
1719464312107,54.95,25
1719464313131,55.0,25
1719464313448,55.15,25
1719464314251,54.9,100
1719464315080,54.6,125
1719464315080,54.6,125
1719464316859,54.8,125
1719464316944,54.8,150
1719464316944,54.8,150
1719464317651,54.7,100
1719464317651,54.7,100
1719464320392,54.9,50
1719464320706,55.0,25
1719464321353,55.0,250
1719464322155,54.85,25
1719464322531,54.9,25
1719464323377,54.7,25
1719464324146,55.0,125
1719464324436,55.0,25
1719464325003,54.9,25
1719464325574,55.3,25
1719464326156,55.3,100
1719464327252,55.35,50
1719464327252,55.35,50
1719464328371,55.7,50
1719464329123,55.85,50
1719464329233,55.85,25
1719464330208,56.05,25
1719464330208,56.05,25
1719464332297,55.5,25
1719464332949,55.4,25
1719464334084,55.2,250
1719464334084,55.2,250
1719464335013,55.25,175
1719464335913,55.3,50
1719464335913,55.3,50
1719464337018,55.45,25
1719464337018,55.45,25
1719464337018,55.45,25
1719464337018,55.45,25
1719464337018,55.45,25
1719464342453,55.5,25
1719464342453,55.5,25
1719464343247,55.55,25
1719464343766,55.25,50
1719464345200,55.55,25
1719464345658,55.6,100
1719464346121,55.8,350
1719464346121,55.8,350
1719464348415,55.5,25
1719464348787,55.45,500
1719464348787,55.45,500
1719464350036,55.5,25
1719464350604,55.5,25
1719464351253,55.4,25
1719464352080,55.45,75
1719464352404,55.45,25
1719464353113,55.5,50
1719464353895,55.8,25
1719464354850,55.5,100
1719464354850,55.5,100
1719464356189,55.4,75
1719464356644,55.7,25
1719464356644,55.7,25
1719464357652,55.7,25
1719464359041,55.7,25
1719464359041,55.7,25
1719464360191,55.45,25
1719464360879,55.35,75
1719464360879,55.35,75
1719464362245,55.25,25
1719464363293,55.55,175
1719464363967,55.65,25
1719464363967,55.65,25
1719464365010,55.4,25
1719464365010,55.4,25
1719464366695,55.35,25
1719464367041,55.45,25
1719464367041,55.45,25
1719464367985,55.7,25
1719464369045,55.6,50
1719464369045,55.6,50
1719464370144,55.75,25
1719464370144,55.75,25
1719464370811,55.55,25
1719464370811,55.55,25
1719464371975,55.65,25
1719464371975,55.65,25
1719464373195,55.55,25
1719464374279,55.65,25
1719464374422,55.75,25
1719464374545,55.6,150
1719464375949,55.65,25
1719464376145,55.6,100
1719464377155,55.65,25
1719464377581,55.75,25
1719464377741,55.6,50
1719464379183,55.95,25
1719464380977,55.55,75
1719464380977,55.55,75
1719464381216,55.7,25
1719464382256,55.8,25
1719464382627,55.6,50
1719464383019,55.75,100
1719464384323,55.9,25
1719464385715,56.0,25
1719464385965,56.2,25
1719464386148,56.2,300
1719464387307,55.95,25
1719464387307,55.95,25
1719464388123,56.3,25
1719464388123,56.3,25
1719464389747,55.85,25
1719464390924,55.8,25
1719464390924,55.8,25
1719464391199,55.85,25
1719464391623,55.75,25
1719464392537,55.75,25
1719464393186,55.95,25
1719464394022,55.55,250
1719464394022,55.55,250
1719464394612,55.65,25
1719464395975,55.7,150
1719464395975,55.7,150
1719464396977,55.6,25
1719464396977,55.6,25
1719464397845,55.45,25
1719464397845,55.45,25
1719464399890,55.6,25
1719464400249,55.55,25
1719464400249,55.55,25
1719464401011,55.6,25
1719464401235,55.65,25
1719464402413,55.9,25
1719464402595,55.85,25
1719464402595,55.85,25
1719464404372,55.6,75
1719464404548,55.55,25
1719464406003,55.45,25
1719464406165,55.5,25
1719464407400,55.5,225
1719464407602,55.7,25
1719464407602,55.7,25
1719464408435,55.7,25
1719464409999,55.6,25
1719464409999,55.6,25
1719464412006,55.7,25
1719464412006,55.7,25
1719464412006,55.7,25
1719464415090,56.05,25
1719464415300,55.95,25
1719464415300,55.95,25
1719464416912,55.85,50
1719464417538,55.9,50
1719464418002,55.8,25
1719464418002,55.8,25
1719464419386,55.75,25
1719464419931,55.6,25
1719464420680,55.7,25
1719464420680,55.7,25
1719464421586,55.9,25
1719464421586,55.9,25
1719464423710,56.0,25
1719464423766,56.0,50
1719464423766,56.0,50
1719464425314,55.85,50
1719464425430,55.55,25
1719464425430,55.55,25
1719464427283,55.55,25
1719464427678,55.45,25
1719464428178,55.6,75
1719464429316,55.6,25
1719464430331,55.45,175
1719464430912,55.45,75
1719464431282,55.45,25
1719464432236,55.35,25
1719464432723,55.2,25
1719464432723,55.2,25
1719464433366,55.5,50
1719464433366,55.5,50
1719464434886,55.3,25
1719464435553,55.15,25
1719464435553,55.15,25
1719464435553,55.15,25
1719464438111,55.15,75
1719464438216,55.1,125
1719464439078,55.1,100
1719464439078,55.1,100
1719464440089,55.05,25
1719464440800,55.1,50
1719464440800,55.1,50
1719464442044,55.2,25
1719464442044,55.2,25
1719464443593,55.1,25
1719464444212,55.45,25
1719464444835,55.3,75
1719464444835,55.3,75
1719464446857,55.35,25
1719464447001,55.35,25
1719464447626,55.45,25
1719464448537,55.2,25
1719464449306,55.45,25
1719464449792,55.35,25
1719464451129,55.4,25
1719464451129,55.4,25
1719464451833,55.4,25
1719464451833,55.4,25
1719464453329,55.25,25
1719464454143,55.5,50
1719464454516,55.45,25
1719464455318,55.4,25
1719464455318,55.4,25
1719464457488,55.25,50
1719464457488,55.25,50
1719464458140,55.3,25
1719464458140,55.3,25
1719464459391,55.5,25
1719464459611,55.3,225
1719464460427,55.5,75
1719464461112,55.5,25
1719464461271,55.5,25
1719464462339,55.3,75
1719464462339,55.3,75
1719464463301,55.55,75
1719464464025,55.6,300
1719464464812,55.5,25
1719464466080,55.4,25
1719464466440,55.45,25
1719464466943,55.2,25
1719464467780,55.4,25
1719464468358,55.4,25
1719464469072,55.35,25
1719464469467,55.3,25
1719464469467,55.3,25
1719464470845,55.3,100
1719464471654,55.0,25
1719464472633,55.2,25
1719464472633,55.2,25
1719464474038,54.75,25
1719464475093,55.05,75
1719464476223,54.95,25
1719464477169,55.1,25
1719464477883,55.1,25
1719464477883,55.1,25
1719464478956,55.35,350
1719464478956,55.35,350
1719464479871,55.15,25
1719464480991,55.4,25
1719464480991,55.4,25
1719464482274,55.3,25
1719464482274,55.3,25
1719464483483,55.5,25
1719464483483,55.5,25
1719464485397,55.05,75
1719464486131,55.4,25
1719464487587,55.3,25
1719464487587,55.3,25
1719464488860,55.3,1000
1719464489035,55.35,25
1719464489035,55.35,25
1719464491047,55.2,200
1719464491047,55.2,200
1719464491047,55.2,200
1719465019427,63.35,100
1719465023018,63.35,50
1719465023018,63.35,50
1719465023563,63.65,50
1719465024606,64.0,125
1719465024616,64.05,825
1719465025689,64.6,25
1719465026486,64.9,250
1719465027845,63.95,50
1719465027845,63.95,50
1719465028463,63.6,50
1719465029217,63.25,175
1719465029217,63.25,175
1719465030333,63.05,100
1719465030333,63.05,100
1719465030333,63.05,100
1719465032394,63.3,25
1719465032554,63.2,25
1719465032843,63.0,300
1719465032843,63.0,300
1719465034596,62.9,25
1719465034674,62.95,25
1719465034674,62.95,25
1719465036360,62.5,50
1719465036360,62.5,50
1719465037867,62.35,250
1719465037867,62.35,250
1719465038830,62.35,25
1719465038830,62.35,25
1719465040566,62.8,25
1719465041526,62.8,25
1719465041800,62.65,25
1719465041800,62.65,25
1719465043468,62.7,125
1719465043492,62.7,25
1719465044584,62.8,25
1719465044584,62.8,25
1719465046609,62.75,25
1719465046609,62.75,25
1719465047035,62.75,50
1719465048203,62.7,50
1719465048203,62.7,50
1719465049813,62.45,25
1719465049813,62.45,25
1719465050694,62.25,25
1719465051260,62.3,100
1719465051260,62.3,100
1719465052518,62.5,75
1719465053125,61.9,100
1719465053125,61.9,100
1719465054305,62.0,100
1719465055064,62.1,25
1719465055436,62.45,175
1719465056304,62.85,50
1719465057555,63.4,25
1719465058380,63.8,25
1719465058380,63.8,25
1719465059580,64.45,75
1719465059580,64.45,75
1719465060390,64.45,25
1719465060702,64.6,175
1719465060702,64.6,175
1719465060702,64.6,175
1719465060702,64.6,175
1719465060702,64.6,175
1719465067642,64.05,175
1719465068064,64.8,25
1719465068606,64.7,50
1719465069391,64.4,150
1719465069391,64.4,150
1719465070503,64.55,25
1719465071522,63.95,25
1719465071522,63.95,25
1719465072370,63.75,25
1719465072370,63.75,25
1719465072370,63.75,25
1719465072370,63.75,25
1719465072370,63.75,25
1719465079145,63.4,250
1719465079329,63.65,50
1719465079329,63.65,50
1719465080878,63.4,75
1719465080878,63.4,75
1719465080878,63.4,75
1719465080878,63.4,75
1719465086512,64.5,25
1719465086512,64.5,25
1719465086512,64.5,25
1719465086512,64.5,25
1719465086512,64.5,25
1719465090715,64.5,25
1719465091576,64.45,25
1719465093436,65.05,100
1719465093436,65.05,100
1719465093436,65.05,100
1719465095926,64.3,25
1719465096055,64.05,50
1719465097508,64.45,25
1719465098108,64.8,25
1719465099209,65.05,75
1719465099209,65.05,75
1719465101017,65.4,50
1719465101447,65.4,200
1719465101447,65.4,200
1719465102756,65.7,125
1719465102756,65.7,125
1719465103723,65.45,125
1719465103723,65.45,125
1719465106011,65.0,25
1719465106307,65.15,50
1719465106307,65.15,50
1719465107046,65.1,25
1719465107863,65.2,25
1719465107863,65.2,25
1719465109119,65.0,125
1719465109657,65.2,75
1719465109657,65.2,75
1719465111137,64.95,25
1719465112015,65.0,25
1719465113482,65.4,25
1719465114607,65.7,25
1719465115035,65.6,50
1719465115035,65.6,50
1719465116263,65.65,25
1719465116263,65.65,25
1719465117026,65.4,25
1719465118409,66.0,50
1719465118409,66.0,50
1719465119449,66.1,25
1719465120080,65.4,25
1719465120388,65.2,25
1719465120606,65.45,250
1719465121626,65.25,25
1719465121626,65.25,25
1719465122536,65.0,25
1719465123391,64.45,25
1719465123391,64.45,25
1719465124295,64.5,25
1719465124295,64.5,25
1719465125809,64.95,25
1719465126504,65.4,25
1719465126504,65.4,25
1719465127817,65.2,100
1719465127817,65.2,100
1719465128727,65.25,100
1719465129652,65.25,25
1719465129749,65.4,25
1719465129749,65.4,25
1719465131647,65.5,25
1719465131647,65.5,25
1719465132697,65.05,75
1719465133358,64.8,325
1719465133686,64.85,25
1719465134649,64.6,25
1719465134702,64.5,100
1719465134702,64.5,100
1719465136570,65.05,25
1719465137630,65.1,25
1719465138154,65.2,25
1719465138537,65.05,25
1719465138770,64.85,25
1719465140157,64.6,50
1719465140437,64.55,125
1719465141239,64.75,25
1719465141239,64.75,25
1719465142245,65.0,25
1719465142245,65.0,25
1719465143581,65.45,25
1719465144444,65.7,25
1719465144674,65.5,25
1719465145646,64.75,25
1719465146639,64.45,350
1719465146814,64.45,100
1719465147593,64.7,25
1719465148114,64.7,25
1719465148114,64.7,25
1719465149242,64.5,25
1719465150190,63.8,25
1719465150190,63.8,25
1719465150190,63.8,25
1719465151540,64.1,25
1719465151540,64.1,25
1719465152156,63.95,25
1719465153101,63.9,25
1719465153101,63.9,25
1719465153705,63.8,25
1719465154955,64.1,25
1719465155573,64.25,25
1719465156431,64.4,25
1719465156431,64.4,25
1719465157086,64.05,25
1719465157086,64.05,25
1719465158534,64.6,25
1719465158943,64.55,25
1719465160213,64.4,25
1719465160213,64.4,25
1719465160784,64.25,75
1719465160784,64.25,75
1719465162381,64.25,300
1719465163146,64.05,25
1719465163146,64.05,25
1719465164449,64.0,125
1719465164946,64.1,25
1719465164946,64.1,25
1719465166362,64.0,75
1719465166362,64.0,75
1719465167935,64.4,100
1719465168299,64.4,50
1719465168299,64.4,50
1719465169422,64.8,25
1719465170271,64.95,50
1719465170846,64.9,50
1719465170846,64.9,50
1719465173270,65.3,100
1719465173811,65.1,275
1719465174717,65.1,200
1719465174717,65.1,200
1719465175383,64.95,25
1719465175700,64.8,25
1719465175700,64.8,25
1719465176957,64.8,25
1719465176957,64.8,25
1719465179571,65.2,25
1719465179735,65.0,25
1719465180359,64.7,25
1719465180359,64.7,25
1719465180974,65.1,50
1719465181789,64.55,25
1719465182099,64.4,25
1719465183260,64.2,25
1719465183260,64.2,25
1719465184652,64.6,25
1719465185307,64.65,25
1719465185307,64.65,25
1719465186680,64.2,25
1719465186680,64.2,25
1719465187627,64.0,25
1719465188441,64.4,25
1719465188441,64.4,25
1719465189769,64.45,25
1719465190067,64.5,25
1719465190486,64.7,25
1719465191474,64.6,25
1719465191474,64.6,25
1719465192306,64.25,25
1719465193469,63.85,25
1719465193469,63.85,25
1719465194518,64.25,25
1719465194518,64.25,25
1719465195389,64.15,25
1719465196440,64.1,25
1719465196440,64.1,25
1719465197874,64.55,25
1719465198438,64.65,50
1719465198577,64.75,25
1719465199557,64.8,25
1719465200099,65.3,25
1719465200270,65.1,25
1719465201684,65.55,175
1719465202695,66.0,700
1719465203528,66.85,75
1719465203788,66.65,25
1719465204851,66.2,125
1719465205002,66.5,150
1719465205665,66.3,25
1719465206520,66.2,25
1719465206761,66.2,25
1719465206961,66.2,400
1719465208204,67.0,50
1719465208204,67.0,50
1719465209710,66.4,25
1719465209710,66.4,25
1719465210284,66.45,250
1719465210284,66.45,250
1719465210284,66.45,250
1719465211996,66.65,150
1719465212330,67.0,200
1719465213369,68.3,25
1719465214107,68.0,25
1719465214658,67.9,25
1719465214658,67.9,25
1719465215651,69.0,50
1719465216186,71.5,75
1719465217403,71.55,75
1719465217661,71.75,25
1719465218328,71.6,25
1719465218861,71.65,25
1719465219832,72.1,150
1719465220130,72.95,150
1719465220881,73.75,75
1719465221953,72.55,50
1719465222817,72.0,25
1719465223504,72.0,900
1719465223883,71.6,25
1719465225065,72.75,25
1719465225150,73.2,25
1719465226058,72.5,1500
1719465226837,72.9,50
1719465226837,72.9,50
1719465227959,74.05,25
1719465228446,74.6,50
1719465228878,77.45,300
1719465229201,77.55,375
1719465230015,74.6,100
1719465230922,74.7,25
1719465231927,74.6,325
1719465231927,74.6,325
1719465233173,74.5,25
1719465233404,74.25,25
1719465233625,74.0,25
1719465234605,73.45,150
1719465235132,73.65,50
1719465235872,74.8,100
1719465236984,76.7,25
1719465237965,77.2,25
1719465238563,76.4,50
1719465238800,75.9,25
1719465239782,75.9,50
1719465240158,76.4,275
1719465240284,75.95,175
1719465240979,77.85,25
1719465241980,77.3,75
1719465241980,77.3,75
1719465242795,76.95,50
1719465243567,76.8,250
1719465243873,76.3,75
1719465244797,76.0,25
1719465245169,75.05,25
1719465245343,75.1,400
1719465246870,76.25,25
1719465248101,75.0,25
1719465248200,74.9,50
1719465248889,75.0,250
1719465249896,76.3,25
1719465250160,76.65,100
1719465251097,76.7,150
1719465251788,77.05,100
1719465252696,77.6,25
1719465253395,78.55,50
1719465253891,78.2,25
1719465254867,77.0,50
1719465255195,77.25,50
1719465255855,76.5,75
1719465256826,76.75,175
1719465257824,76.95,25
1719465258230,76.6,50
1719465258909,76.45,25
1719465259824,77.75,125
1719465260175,77.0,50
1719465260582,77.1,25
1719465261576,77.1,25
1719465261733,76.8,75
1719465262554,76.25,50
1719465263226,77.35,50
1719465263503,77.4,25
1719465264628,77.3,25
1719465265135,76.8,25
1719465265546,76.9,25
1719465266860,75.85,25
1719465267460,75.8,25
1719465268376,76.3,200
1719465268785,75.55,200
1719465269902,77.55,25
1719465270139,78.1,25
1719465270139,78.1,25
1719465271081,78.55,50
1719465271613,78.1,50
1719465271818,78.45,225
1719465272688,77.8,300
1719465273436,77.65,25
1719465273685,77.65,25
1719465274574,77.7,250
1719465275151,77.6,25
1719465275905,77.35,25
1719465276546,77.9,25
1719465276914,77.55,25
1719465277846,76.65,50
1719465277846,76.65,50
1719465278759,76.8,25
1719465279732,77.3,25
1719465280238,77.2,25
1719465280435,77.0,100
1719465281639,76.95,50
1719465281773,76.5,125
1719465282784,76.4,50
1719465283443,76.4,25
1719465283815,76.45,25
1719465284897,77.05,25
1719465285207,77.05,25
1719465285640,77.0,50
1719465286826,76.9,25
1719465287988,76.5,150
1719465288389,77.0,25
1719465288389,77.0,25
1719465289614,77.15,25
1719465289949,77.25,25
1719465290444,77.7,100
1719465291717,77.4,25
1719465291914,77.35,50
1719465292878,76.6,25
1719465293452,76.85,25
1719465293734,77.0,25
1719465294846,76.3,475
1719465294846,76.3,475
1719465295646,76.0,125
1719465296564,76.15,25
1719465296564,76.15,25
1719465297813,77.1,100
1719465298298,77.05,25
1719465298599,76.95,100
1719465299428,76.9,25
1719465300183,77.45,50
1719465300314,77.6,275
1719465300877,77.6,25
1719465301560,78.0,50
1719465301876,78.0,275
1719465302797,78.0,75
1719465303466,78.0,300
1719465304058,77.45,600
1719465305270,79.0,25
1719465305849,79.9,50
1719465306878,79.85,50
1719465307874,79.5,25
1719465308248,79.3,25
1719465308703,79.4,350
1719465309596,79.2,25
1719465310002,79.3,25
1719465310744,79.7,100
1719465311676,80.0,100
1719465311849,80.05,50
1719465312858,80.15,125
1719465313467,79.85,25
1719465313727,79.55,25
1719465314714,80.2,25
1719465314947,79.95,250
1719465315899,79.2,300
1719465315899,79.2,300
1719465316928,78.65,50
1719465317846,78.4,150
1719465318237,78.9,25
1719465318704,78.6,25
1719465319855,78.4,100
1719465319855,78.4,100
1719465321084,78.05,25
1719465321293,78.0,700
1719465321828,77.55,50
1719465322784,77.75,450
1719465323247,78.3,150
1719465323763,78.4,300
1719465324762,78.0,25
1719465324762,78.0,25
1719465325810,78.5,25
1719465326671,78.6,25
1719465326755,78.8,25
1719465327768,78.9,25
1719465328475,79.2,25
1719465328904,79.1,25
1719465329717,78.6,25
1719465329971,78.7,25
1719465330226,78.7,250
1719465330596,78.1,25
1719465331518,77.4,25
1719465331737,77.5,25
1719465332621,78.05,25
1719465333452,76.55,25
1719465333824,76.55,25
1719465335130,77.05,125
1719465335838,76.75,50
1719465336707,77.05,100
1719465336920,77.4,125
1719465337769,78.4,25
1719465338291,79.0,150
1719465338793,79.35,75
1719465339630,79.7,250
1719465339965,80.0,25
1719465340884,79.45,250
1719465341646,78.25,200
1719465341646,78.25,200
1719465342470,78.1,25
1719465343488,77.4,25
1719465343690,77.25,50
1719465344943,76.6,25
1719465344960,76.6,25
1719465345511,76.55,25
1719465346744,76.1,150
1719465346908,76.1,25
1719465347706,76.35,50
1719465347706,76.35,50
1719465348725,76.75,25
1719465349248,76.4,25
1719465349996,76.7,400
1719465350926,75.6,100
1719465351223,75.65,25
1719465351223,75.65,25
1719465352985,76.7,25
1719465353368,77.05,50
1719465353812,76.85,500
1719465354111,76.75,325
1719465354997,76.5,400
1719465354997,76.5,400
1719465356520,76.85,25
1719465356520,76.85,25
1719465358177,78.0,25
1719465358177,78.0,25
1719465358834,77.3,25
1719465359134,77.0,1000
1719465360038,76.95,75
1719465360038,76.95,75
1719465360488,77.45,25
1719465361712,77.2,100
1719465361712,77.2,100
1719465362268,78.0,25
1719465363399,77.25,25
1719465363399,77.25,25
1719465364738,76.4,50
1719465365118,76.75,50
1719465365322,76.65,25
1719465366347,76.1,125
1719465366879,76.1,25
1719465366963,76.4,50
1719465368577,76.75,25
1719465368754,76.85,25
1719465369005,76.75,25
1719465370132,75.95,150
1719465370132,75.95,150
1719465371701,76.1,500
1719465371701,76.1,500
1719465372950,76.2,175
1719465372950,76.2,175
1719465373954,75.4,50
1719465374525,75.25,25
1719465374525,75.25,25
1719465375502,75.15,25
1719465376693,75.25,225
1719465376693,75.25,225
1719465377290,75.15,25
1719465378440,75.75,25
1719465378739,75.5,25
1719465379944,74.9,25
1719465380649,75.05,50
1719465381998,75.15,325
1719465382661,75.05,50
1719465383436,74.0,50
1719465383743,74.0,50
1719465384949,74.2,100
1719465384949,74.2,100
1719465385358,74.4,150
1719465386928,74.5,150
1719465386982,74.6,25
1719465386982,74.6,25
1719465388360,74.35,25
1719465388923,74.55,50
1719465389422,74.95,25
1719465389422,74.95,25
1719465390270,75.55,700
1719465390739,75.95,100
1719465391703,76.15,125
1719465391703,76.15,125
1719465392893,76.95,350
1719465393360,77.1,25
1719465393647,76.75,75
1719465394633,76.85,500
1719465394633,76.85,500
1719465395934,76.95,25
1719465396696,76.4,25
1719465396696,76.4,25
1719465397728,76.5,25
1719465398560,76.5,25
1719465398560,76.5,25
1719465399939,75.85,25
1719465400145,76.0,25
1719465400145,76.0,25
1719465401312,76.2,25
1719465402728,75.8,25
1719465403468,76.05,50
1719465403468,76.05,50
1719465404509,76.55,25
1719465405770,77.0,25
1719465406580,76.65,25
1719465406819,76.55,25
1719465407258,76.8,75
1719465408563,76.1,400
1719465408861,76.2,25
1719465409112,76.55,25
1719465409112,76.55,25
1719465410597,75.85,25
1719465411709,75.75,50
1719465411986,75.7,1400
1719465412390,75.9,25
1719465413612,76.2,25
1719465413612,76.2,25
1719465414054,76.2,50
1719465414054,76.2,50
1719465415442,76.15,50
1719465415799,76.2,25
1719465416793,77.0,25
1719465417237,77.0,150
1719465418725,76.75,25
1719465419716,76.75,150
1719465419716,76.75,150
1719465419716,76.75,150
1719465420688,77.3,125
1719465421739,77.25,50
1719465421739,77.25,50
1719465423060,77.4,225
1719465423471,77.1,25
1719465423471,77.1,25
1719465425083,78.4,175
1719465425083,78.4,175
1719465425436,78.0,250
1719465426847,77.85,25
1719465426980,77.45,25
1719465427798,77.3,25
1719465428504,77.85,25
1719465428754,77.95,25
1719465429182,77.8,25
1719465429784,78.25,250
1719465430855,77.8,25
1719465431574,77.6,25
1719465431909,77.6,25
1719465432691,76.65,25
1719465433620,76.2,200
1719465433659,76.25,250
1719465434606,76.6,25
1719465435168,76.5,25
1719465435704,76.7,50
1719465436964,78.0,125
1719465437074,78.0,125
1719465437819,78.15,150
1719465438661,78.0,250
1719465438661,78.0,250
1719465439861,77.65,250
1719465440220,77.9,50
1719465440763,78.4,25
1719465441662,78.4,75
1719465441953,78.15,75
1719465442862,78.1,25
1719465443215,78.35,50
1719465444740,78.25,50
1719465445136,78.4,500
1719465445676,77.8,225
1719465446730,78.05,25
1719465448575,78.4,100
1719465448575,78.4,100
1719465448575,78.4,100
1719465448910,78.05,225
1719465450151,78.65,25
1719465450390,79.0,25
1719465450390,79.0,25
1719465452064,78.0,25
1719465452503,78.3,75
1719465452503,78.3,75
1719465454545,78.35,75
1719465454649,78.0,50
1719465454649,78.0,50
1719465455491,77.85,50
1719465456872,77.15,25
1719465456872,77.15,25
1719465457702,78.0,100
1719465457702,78.0,100
1719465459185,78.5,100
1719465459238,78.7,100
1719465460250,79.45,25
1719465460711,79.25,50
1719465461921,79.05,75
1719465461921,79.05,75
1719465463318,79.05,100
1719465463684,79.3,200
1719465463960,79.35,100
1719465464400,78.8,25
1719465465007,78.75,150
1719465465538,78.75,200
1719465466556,78.9,1775
1719465467037,78.95,500
1719465467037,78.95,500
1719465468707,79.7,25
1719465469572,79.7,200
1719465470244,79.6,25
1719465470773,79.35,25
1719465471768,79.55,75
1719465471913,79.45,175
1719465472874,79.7,50
1719465473642,79.95,50
1719465474772,79.9,100
1719465475332,79.55,600
1719465475972,80.35,50
1719465476911,80.1,25
1719465477025,80.0,25
1719465477685,80.15,125
1719465478489,79.1,25
1719465478900,79.6,175
1719465479897,79.7,250
1719465480137,79.1,25
1719465480137,79.1,25
1719465480763,78.75,75
1719465481888,78.1,250
1719465482130,78.15,250
1719465482953,78.3,25
1719465483690,78.3,75
1719465484804,78.55,50
1719465485328,79.0,150
1719465485744,79.25,25
1719465486505,79.8,25
1719465487096,79.85,25
1719465487169,79.9,125
1719465488655,79.95,25
1719465488908,80.35,25
1719465489669,80.1,50
1719465490080,79.65,25
1719465490080,79.65,25
1719465491832,79.3,25
1719465491832,79.3,25
1719465492525,79.35,25
1719465492525,79.35,25
1719465493766,78.95,375
1719465494645,78.8,100
1719465494645,78.8,100
1719465495670,78.7,425
1719465496713,78.95,150
1719465497749,79.15,100
1719465498657,79.15,100
1719465499644,78.7,150
1719465500026,78.6,125
1719465500930,78.75,50
1719465501320,78.85,25
1719465501320,78.85,25
1719465501320,78.85,25
1719465503908,78.1,200
1719465504805,78.45,25
1719465505298,78.15,25
1719465505477,78.15,25
1719465506888,78.45,25
1719465507771,78.95,25
1719465508794,78.55,50
1719465509300,78.5,50
1719465510367,78.6,25
1719465510367,78.6,25
1719465511009,78.8,25
1719465511709,79.15,50
1719465511709,79.15,50
1719465512775,79.55,25
1719465513404,79.5,25
1719465514910,79.75,25
1719465515141,79.55,25
1719465515440,79.3,125
1719465516772,79.5,25
1719465516933,79.5,25
1719465517802,79.85,50
1719465518507,79.7,25
1719465518507,79.7,25
1719465519127,79.0,50
1719465519127,79.0,50
1719465520603,79.2,150
1719465521644,79.2,75
1719465521644,79.2,75
1719465524105,79.2,250
1719465524417,79.25,25
1719465524417,79.25,25
1719465526259,79.0,125
1719465526259,79.0,125
1719465527537,78.0,25
1719465528001,78.25,100
1719465528790,78.4,25
1719465528794,78.45,25
1719465529680,78.4,25
1719465530259,78.0,25
1719465530802,78.3,100
1719465531477,78.75,125
1719465531477,78.75,125
1719465532834,79.0,25
1719465533684,78.9,50
1719465535009,79.8,25
1719465535128,79.95,50
1719465535835,80.0,25
1719465536073,79.7,50
1719465537970,79.05,25
1719465538675,79.6,100
1719465539775,80.2,25
1719465540190,80.4,25
1719465540190,80.4,25
1719465541751,80.1,50
1719465541751,80.1,50
1719465542591,80.45,75
1719465543673,79.45,125
1719465544674,79.6,25
1719465544674,79.6,25
1719465545704,79.0,50
1719465546754,78.6,25
1719465547005,78.85,25
1719465547307,78.7,100
1719465548811,79.0,750
1719465549402,78.95,125
1719465550528,78.95,50
1719465550528,78.95,50
1719465551649,78.75,50
1719465551933,78.85,50
1719465552820,78.95,100
1719465553711,79.5,25
1719465554019,79.25,125
1719465554019,79.25,125
1719465555188,78.6,125
1719465555686,78.85,100
1719465556691,79.1,125
1719465556691,79.1,125
1719465557900,78.45,25
1719465558759,78.1,25
1719465559350,78.6,25
1719465559350,78.6,25
1719465560640,78.3,50
1719465561757,78.4,25
1719465562106,77.95,225
1719465562671,77.95,150
1719465563624,78.2,100
1719465564461,78.35,100
1719465565529,78.4,75
1719465565748,78.6,200
1719465566714,78.7,25
1719465567257,78.75,25
1719465567810,78.4,50
1719465568595,78.85,25
1719465568942,78.85,225
1719465568942,78.85,225
1719465568942,78.85,225
1719465571036,78.75,50
1719465571533,78.55,75
1719465572273,78.25,75
1719465572766,78.1,100
1719465573833,78.25,175
1719465573833,78.25,175
1719465574124,78.6,225
1719465575604,78.4,25
1719465575604,78.4,25
1719465576000,78.3,25
1719465576929,78.55,125
1719465577828,78.05,125
1719465578680,78.4,50
1719465578901,78.6,50
1719465579861,78.55,1350
1719465580605,78.55,25
1719465580999,78.65,25
1719465581752,78.75,150
1719465581949,78.85,200
1719465582746,79.05,50
1719465583823,78.95,25
1719465584663,78.55,50
1719465585678,78.8,50
1719465585826,79.3,150
1719465586584,78.95,25
1719465587085,79.0,125
1719465587085,79.0,125
1719465588314,77.95,25
1719465588884,77.55,25
1719465589528,76.95,75
1719465590671,76.25,100
1719465590817,76.25,175
1719465591723,76.05,125
1719465592264,75.8,25
1719465592754,76.05,150
1719465593776,76.55,125
1719465593776,76.55,125
1719465594635,76.6,25
1719465595651,76.25,475
1719465595838,76.3,25
1719465596850,76.3,250
1719465597267,76.25,100
1719465598223,74.6,250
1719465598844,73.75,25
1719465598844,73.75,25
1719465600033,74.15,175
1719465600360,74.4,25
1719465600626,74.1,75
1719465600626,74.1,75
1719465602196,74.7,75
1719465602857,74.65,25
1719465603804,74.55,25
1719465604764,74.9,250
1719465605600,75.35,200
1719465605965,75.3,50
1719465606768,74.6,50
1719465607076,74.2,100
1719465607769,74.4,200
1719465608892,74.3,150
1719465609432,74.1,50
1719465610410,73.7,25
1719465611059,74.3,25
1719465611813,74.35,75
1719465612083,74.4,250
1719465613054,74.0,175
1719465613809,73.95,25
1719465613809,73.95,25
1719465614840,74.05,150
1719465615462,73.95,100
1719465615774,74.25,200
1719465616710,74.25,125
1719465616879,74.05,25
1719465617140,73.55,75
1719465618479,74.6,25
1719465618479,74.6,25
1719465619440,74.4,125
1719465620272,74.25,50
1719465620272,74.25,50
1719465621819,75.25,50
1719465622746,74.25,100
1719465623900,73.95,50
1719465624609,72.8,25
1719465625381,73.1,300
1719465625728,73.05,300
1719465626693,71.6,25
1719465626693,71.6,25
1719465628485,71.9,50
1719465628858,71.75,25
1719465628916,71.6,25
1719465629832,71.9,25
1719465630316,71.75,100
1719465630316,71.75,100
1719465631824,72.45,75
1719465632968,72.6,25
1719465633878,72.15,200
1719465633878,72.15,200
1719465634893,72.2,250
1719465635180,72.0,300
1719465635703,71.8,100
1719465636899,71.85,50
1719465636899,71.85,50
1719465638114,70.75,50
1719465638114,70.75,50
1719465639954,70.0,75
1719465639954,70.0,75
1719465640815,70.8,25
1719465642038,71.35,25
1719465642038,71.35,25
1719465643067,72.0,25
1719465643550,71.8,25
1719465643550,71.8,25
1719465644605,72.05,300
1719465645132,72.4,775
1719465645743,72.5,25
1719465646009,72.25,100
1719465646009,72.25,100
1719465647999,72.05,100
1719465648946,71.9,25
1719465649223,72.05,425
1719465650473,71.35,125
1719465650732,71.4,50
1719465651499,72.15,100
1719465651499,72.15,100
1719465654055,71.75,75
1719465654934,71.6,25
1719465655567,72.15,75
1719465656031,71.95,100
1719465657157,71.15,150
1719465657157,71.15,150
1719465658174,71.5,100
1719465658866,71.65,25
1719465658866,71.65,25
1719465659706,71.35,25
1719465660100,70.95,100
1719465660100,70.95,100
1719465661017,70.35,25
1719465662133,71.4,100
1719465663071,71.1,25
1719465663556,71.4,100
1719465665046,71.6,25
1719465665213,71.6,25
1719465665739,71.5,25
1719465666879,72.05,50
1719465666925,72.0,125
1719465667999,72.05,25
1719465668886,72.05,25
1719465669438,72.1,25
1719465670007,71.6,25
1719465670007,71.6,25
1719465671472,71.45,25
1719465672009,71.35,25
1719465673042,71.45,50
1719465673884,71.95,200
1719465673931,71.6,50
1719465673931,71.6,50
1719465675465,71.8,200
1719465675694,71.5,25
1719465676323,71.9,25
1719465676928,71.35,100
