time,price,volume
1719461503316,94.3,175
1719461504228,93.2,350
1719461504521,93.75,75
1719461505232,94.75,25
1719461505704,94.15,50
1719461506228,93.95,50
1719461506895,93.6,75
1719461507236,93.7,25
1719461508298,94.2,25
1719461508412,94.15,25
1719461509239,94.0,100
1719461509678,93.85,25
1719461510242,93.8,25
1719461511317,93.8,50
1719461511435,93.75,50
1719461512234,94.7,25
1719461512517,94.45,25
1719461513241,94.4,75
1719461513936,94.15,25
1719461514241,95.05,50
1719461515242,94.1,275
1719461515313,93.9,25
1719461516244,96.2,25
1719461516531,96.45,50
1719461517251,95.35,200
1719461518123,94.55,250
1719461518236,94.05,50
1719461519224,93.25,25
1719461519522,93.5,25
1719461520098,94.25,75
1719461520429,93.9,50
1719461520732,93.95,25
1719461521235,94.15,200
1719461522148,93.1,50
1719461522248,93.1,150
1719461523249,93.5,125
1719461523516,92.8,25
1719461524437,91.2,50
1719461524738,91.15,25
1719461525249,91.05,25
1719461525940,90.9,25
1719461526256,90.8,25
1719461527261,89.35,225
1719461527543,88.55,25
1719461528260,88.85,25
1719461528752,88.75,50
1719461529237,89.45,50
1719461530445,89.6,75
1719461531242,89.5,125
1719461531503,89.25,25
1719461532255,89.4,25
1719461532564,89.9,25
1719461533247,90.0,25
1719461533954,90.45,75
1719461534242,90.2,50
1719461535255,90.1,225
1719461535339,89.85,375
1719461536244,90.0,75
1719461536548,89.7,25
1719461537250,89.95,25
1719461537763,90.25,25
1719461538228,90.05,50
1719461539258,89.95,25
1719461540364,89.35,50
1719461541244,88.45,100
1719461541587,88.55,25
1719461542268,88.75,150
1719461542569,88.2,50
1719461543464,87.35,25
1719461544242,87.05,75
1719461545266,86.65,25
1719461545959,85.65,125
1719461546267,85.2,50
1719461547276,86.65,100
1719461547575,86.9,25
1719461548472,87.25,25
1719461548980,88.3,25
1719461549278,87.75,25
1719461550074,87.95,100
1719461550332,87.85,25
1719461551280,87.65,25
1719461551369,87.6,50
1719461552264,87.9,25
1719461552593,87.85,150
1719461553265,87.6,50
1719461553792,87.6,200
1719461554259,88.0,325
1719461554973,88.8,25
1719461555262,88.25,175
1719461556392,88.35,50
1719461557274,88.5,25
1719461557394,88.65,25
1719461558257,88.75,100
1719461558565,88.9,25
1719461559239,89.05,50
1719461559794,88.2,25
1719461560274,88.45,25
1719461560754,88.55,25
1719461561276,88.5,25
1719461562186,88.0,100
1719461562271,87.85,150
1719461563268,86.4,25
1719461564455,86.25,25
1719461565261,85.6,25
1719461565607,85.9,75
1719461566266,86.2,25
1719461566801,85.95,200
1719461567256,85.65,25
1719461568012,85.5,100
1719461568324,85.6,25
1719461569262,85.85,200
1719461569396,85.95,25
1719461570254,85.55,25
1719461570403,85.55,25
1719461571275,86.1,25
1719461571815,86.95,25
1719461572286,87.05,25
1719461573270,86.35,25
1719461573421,86.6,25
1719461574266,86.85,75
1719461575023,86.6,25
1719461575285,86.55,25
1719461576265,87.8,25
1719461576615,88.1,25
1719461577242,88.55,75
1719461578022,88.8,50
1719461578280,88.4,100
1719461579279,88.7,25
1719461579410,88.8,25
1719461580091,89.05,50
1719461580480,88.4,25
1719461580637,88.2,100
1719461581252,87.8,25
1719461581826,88.15,50
1719461582247,87.95,200
1719461583197,89.25,75
1719461583267,89.1,50
1719461584271,89.15,25
1719461585282,88.35,50
1719461585618,87.6,50
1719461586258,87.2,25
1719461586845,87.35,150
1719461587294,87.6,25
1719461588218,86.7,25
1719461588479,87.2,25
1719461589279,87.4,25
1719461589633,87.2,25
1719461590264,86.75,225
1719461591055,86.05,25
1719461591273,86.1,25
1719461592240,86.0,25
1719461592265,85.95,175
1719461593305,86.0,25
1719461593648,85.95,50
1719461594283,86.85,25
1719461594666,87.0,100
1719461595261,87.2,25
1719461595836,87.2,150
1719461596299,88.2,25
1719461597279,87.85,25
1719461598286,88.25,225
1719461598659,88.25,50
1719461599283,88.5,100
1719461599653,88.7,200
1719461600305,89.0,350
1719461601052,88.5,25
1719461601282,88.6,50
1719461602056,88.35,25
1719461602289,88.15,75
1719461603283,88.0,25
1719461603431,88.0,50
1719461604282,87.1,25
1719461604467,87.2,50
1719461605243,87.5,25
1719461605599,88.35,50
1719461606271,88.9,325
1719461607074,87.95,25
1719461607298,88.05,25
1719461608294,86.9,25
1719461609248,87.4,100
1719461609484,87.45,25
1719461610091,87.8,50
1719461610294,87.65,125
1719461610690,87.15,25
1719461611306,88.0,50
1719461612237,88.2,25
1719461613315,87.7,375
1719461613495,87.55,150
1719461614285,87.7,25
1719461614626,87.5,25
1719461615299,87.45,50
1719461615883,86.85,50
1719461616250,87.25,75
1719461617041,87.2,75
1719461617258,87.4,50
1719461618266,86.15,25
1719461618469,86.1,50
1719461619255,87.25,125
1719461619462,87.3,250
1719461620254,87.1,125
1719461620466,87.35,25
1719461621288,88.45,75
1719461621699,89.0,25
1719461622300,88.6,25
1719461622864,88.25,25
1719461623309,88.85,25
1719461624033,89.0,25
1719461624298,89.4,150
1719461625279,91.15,25
1719461625500,91.45,150
1719461626318,91.0,25
1719461626896,90.55,75
1719461627284,90.45,25
1719461628109,91.75,100
1719461628295,91.6,325
1719461629320,91.0,25
1719461630308,91.25,25
1719461630509,91.3,75
1719461631326,91.15,50
1719461631687,90.8,50
1719461632320,90.05,25
1719461632898,92.0,25
1719461633322,91.55,25
1719461634320,91.6,25
1719461635318,91.45,25
1719461635491,91.45,75
1719461636319,91.8,75
1719461636728,91.8,50
1719461637314,91.65,50
1719461637894,91.55,200
1719461638315,91.6,50
1719461639102,90.7,100
1719461639302,90.5,50
1719461640084,91.3,50
1719461640325,91.15,75
1719461641315,91.45,25
1719461641705,91.0,25
1719461642334,90.0,25
1719461642695,90.15,25
1719461643332,91.05,25
1719461643880,90.5,100
1719461644306,90.4,25
1719461645109,90.75,125
1719461645314,90.7,100
1719461646297,90.05,25
1719461646534,90.25,75
1719461647277,91.1,50
1719461647487,90.85,175
1719461648276,90.0,25
1719461648516,90.65,175
1719461649310,90.85,100
1719461649683,90.9,25
1719461650276,90.35,25
1719461650688,90.4,100
1719461651310,90.9,50
1719461651908,90.9,25
1719461652312,90.65,25
1719461652920,92.8,250
1719461653310,92.0,100
1719461654322,93.25,150
1719461655333,93.1,75
1719461655545,92.5,75
1719461656310,92.8,25
1719461656537,92.6,100
1719461657338,92.4,50
1719461657504,92.2,25
1719461658324,91.65,50
1719461658726,91.2,25
1719461659522,91.55,25
1719461659740,92.0,25
1719461660301,91.3,25
1719461660945,91.0,25
1719461661330,90.75,50
1719461662149,89.65,25
1719461662334,89.6,75
1719461663326,88.8,225
1719461663514,88.45,50
1719461664340,89.0,50
1719461664731,88.3,50
1719461665323,88.45,25
1719461665721,89.3,25
1719461666327,89.45,25
1719461666951,89.85,25
1719461667309,90.2,100
1719461668144,91.35,25
1719461668330,91.3,200
1719461669331,91.0,625
1719461669532,91.25,25
1719461670090,91.9,25
1719461670313,92.1,25
1719461670737,90.9,25
1719461671337,91.05,100
1719461671742,91.2,25
1719461672327,90.9,125
1719461672963,90.85,75
1719461673322,90.75,25
1719461674154,90.05,75
1719461674322,90.0,75
1719461675146,89.9,25
1719461675344,89.85,25
1719461676334,90.65,50
1719461677313,91.45,25
1719461678326,90.2,25
1719461678562,90.2,25
1719461679327,89.85,75
1719461679562,89.85,475
1719461680352,89.3,125
1719461680570,89.2,125
1719461681346,89.8,50
1719461682155,90.5,25
1719461682349,90.2,100
1719461683188,90.55,25
1719461683338,90.45,75
1719461684206,91.5,25
1719461685337,90.95,25
1719461685574,90.85,100
1719461686319,91.35,25
1719461686780,91.5,25
1719461687297,91.0,275
1719461687758,91.05,150
1719461688350,90.4,50
1719461688783,90.5,125
1719461689335,90.0,175
1719461689958,90.95,125
1719461690303,91.1,25
1719461690923,91.95,25
1719461691345,92.05,25
1719461692271,91.25,25
1719461692327,91.35,75
1719461693315,90.8,100
1719461693365,90.75,250
1719461694299,91.4,200
1719461694795,91.3,50
1719461695282,91.8,25
1719461695963,91.15,25
1719461696363,90.85,25
1719461697183,91.5,25
1719461697344,91.55,25
1719461698405,90.85,25
1719461699345,89.45,100
1719461699775,89.5,25
1719461700067,90.25,75
1719461700324,90.25,150
1719461700791,90.95,25
1719461701340,91.3,25
1719461702001,92.15,50
1719461702350,92.05,125
1719461703603,91.55,25
1719461704361,92.2,50
1719461704814,92.1,325
1719461705357,90.95,125
1719461712831,91.3,50
1719461713403,90.55,50
1719461714351,89.9,25
1719461714612,89.9,25
1719461715362,89.7,75
1719461715581,89.5,100
1719461716349,89.7,25
1719461716579,89.6,25
1719461717358,89.4,25
1719461717789,89.55,50
1719461718331,90.2,25
1719461718830,90.35,25
1719461719367,90.45,175
1719461719995,91.8,175
1719461720360,92.35,25
1719461722234,91.4,25
1719461722350,91.3,25
1719461723431,91.0,25
1719461724369,91.7,200
1719461724626,91.85,125
1719461725353,91.95,175
1719461725615,92.1,25
1719461726385,91.8,100
1719461726612,91.9,25
1719461727349,91.0,25
1719461727831,91.1,50
1719461728379,91.1,50
1719461728806,91.05,50
1719461729368,91.2,50
1719461729840,91.6,100
1719461730082,92.0,25
1719461730353,91.85,25
1719461731022,91.25,25
1719461731333,91.25,175
1719461732656,94.55,75
1719461733368,94.3,50
1719461734249,97.3,125
1719461734375,97.5,25
1719461735374,98.45,25
1719461736055,100.3,100
1719461736379,100.7,25
1719461737379,98.5,50
1719461737648,98.15,25
1719461738590,96.3,175
1719461739375,94.75,25
1719461740367,95.95,125
1719461740863,95.9,25
1719461741388,95.9,75
1719461742386,95.45,25
1719461742450,95.0,25
1719461743355,95.6,25
1719461743661,95.2,25
1719461744378,96.0,25
1719461744856,96.25,25
1719461745420,96.9,125
1719461746057,96.7,75
1719461746390,96.85,450
1719461747259,97.8,50
1719461747383,97.95,175
1719461748662,97.9,50
1719461749396,97.85,25
1719461749865,97.8,150
1719461750391,97.55,25
1719461751069,98.65,25
1719461751389,98.9,25
1719461763889,98.75,75
1719461764397,100.6,50
1719461765477,99.3,25
1719461766404,98.5,25
1719461766899,98.7,25
1719461767586,98.85,25
1719461768107,98.6,75
1719461768387,98.0,25
1719461769391,98.35,25
1719461769686,98.35,200
1719461770393,98.45,25
1719461770889,99.0,50
1719461771400,99.1,25
1719461772111,97.2,25
1719461772602,97.65,25
1719461773402,97.85,25
1719461773696,97.7,25
1719461774392,96.4,25
1719461775088,96.85,150
1719461775405,97.35,25
1719461776394,96.65,25
1719461776701,96.85,100
1719461777409,96.9,75
1719461777892,96.9,75
1719461778408,96.8,25
1719461779122,96.95,25
1719461779404,97.25,25
1719461780331,97.15,75
1719461780411,97.3,50
1719461781511,97.25,25
1719461782408,98.05,125
1719461782707,98.5,25
1719461783373,97.5,25
1719461783940,98.8,100
1719461784376,98.7,25
1719461785129,98.6,250
1719461785411,98.3,75
1719461786600,100.0,75
1719461787418,101.8,50
1719461787930,102.8,175
1719461788400,103.5,200
1719461792926,100.7,50
1719461793387,100.85,125
1719461793954,101.25,50
1719461794402,100.55,25
1719461795339,101.15,25
1719461795405,100.8,25
1719461796432,101.3,25
1719461796737,101.2,25
1719461797411,100.85,25
1719461797935,101.85,25
1719461798411,102.05,25
1719461799350,102.2,100
1719461799418,102.1,25
1719461800408,101.5,25
1719461800732,101.5,25
1719461801409,101.45,25
1719461801940,101.35,25
1719461802402,101.2,25
1719461803415,101.65,75
1719461804415,101.7,25
1719461804742,101.45,50
1719461805429,100.8,150
1719461805908,101.7,25
1719461806410,101.0,25
1719461807150,101.8,250
1719461807438,101.55,25
1719461808363,101.25,25
1719461808417,101.2,175
1719461809415,101.55,100
1719461809562,101.5,25
1719461810414,100.65,200
1719461810947,101.95,25
1719461811420,101.35,25
1719461811971,101.5,25
1719461812421,100.85,100
1719461818418,98.65,200
1719461860450,96.3,25
1719461860837,95.65,25
1719461862047,97.2,25
1719461862401,96.8,25
1719461863048,96.9,25
1719461863428,97.15,125
1719461864235,96.75,25
1719461864426,96.85,25
1719461865248,97.1,100
1719461865459,97.4,50
1719461873457,95.55,25
1719461873635,94.95,25
1719461874457,94.9,250
1719461874853,94.1,25
1719461875462,94.2,50
1719461876259,94.1,25
1719461876458,94.15,25
1719461877657,93.8,25
1719461877869,94.15,25
1719461878469,94.1,25
1719461879058,93.85,150
1719461879473,93.9,25
1719461880125,94.1,25
1719461880271,93.75,25
1719461880478,93.6,25
1719461881463,93.6,25
1719461881657,93.35,75
1719461882466,92.3,25
1719461883065,92.9,175
1719461883471,93.5,100
1719461884473,93.65,25
1719461885457,94.0,25
1719461885877,94.2,100
1719461886662,94.7,100
1719461887067,94.8,25
1719461887477,94.9,150
1719461888073,94.6,25
1719461888480,94.5,100
1719461889257,94.85,25
1719461889480,95.0,250
1719461890421,93.85,25
1719461891472,93.4,25
1719461892039,93.2,25
1719461892484,92.65,25
1719461893250,92.75,100
1719461893465,92.65,100
1719461894480,92.65,200
1719461894690,92.6,250
1719461895458,92.75,50
1719461896060,92.15,25
1719461896464,92.75,25
1719461897090,92.7,25
1719461897461,92.25,350
1719461898489,92.65,25
1719461899421,92.75,50
1719461899887,92.75,25
1719461900488,93.35,25
1719461901087,93.4,75
1719461901448,93.6,50
1719461902312,94.1,25
1719461902463,94.45,175
1719461903503,95.25,375
1719461904477,94.7,200
1719461904900,93.9,50
1719461905432,93.9,300
1719461905880,93.65,50
1719461906460,93.35,50
1719461907078,92.8,25
1719461907486,92.85,25
1719461908303,93.6,175
1719461908464,93.4,100
1719461909494,93.3,25
1719461909614,93.25,250
1719461910094,93.15,100
1719461910471,93.05,25
1719461911093,91.75,50
1719461911482,91.15,25
1719461912487,92.45,100
1719461912523,92.25,100
1719461913492,92.3,25
1719461913901,91.9,200
1719461914487,90.75,25
1719461914926,91.25,200
1719461915483,91.2,75
1719461915926,91.6,50
1719461916463,90.65,25
1719461917322,91.05,25
1719461917482,91.5,25
1719461918510,91.0,75
1719461918726,91.45,25
1719461919477,91.25,25
1719461919920,91.35,100
1719461920489,91.9,25
1719461921127,92.4,150
1719461921471,93.0,25
1719461922108,92.9,125
1719461922494,93.4,50
1719461923123,92.9,125
1719461923465,93.0,25
1719461924484,93.05,25
1719461924484,93.05,25
1719461925496,94.0,25
1719461925925,94.6,100
1719461926481,94.5,25
1719461926931,94.05,50
1719461927501,94.25,25
1719461928129,94.0,275
1719461928490,94.3,50
1719461929531,93.8,50
1719461930467,94.25,25
1719461930745,94.4,25
1719461931682,93.95,25
1719461932125,94.0,25
1719461932500,93.75,25
1719461933154,93.7,25
1719461933507,93.6,50
1719461934532,93.6,100
1719461935456,93.45,25
1719461935671,94.0,100
1719461936487,93.55,25
1719461937145,92.75,25
1719461937493,93.15,450
1719461938355,93.3,25
1719461938489,93.3,25
1719461939504,94.3,50
1719461939780,94.65,25
1719461940101,94.35,25
1719461940594,94.55,250
1719461941143,94.7,25
1719461941503,94.5,25
1719461942362,94.0,225
1719461942493,93.95,25
1719461943513,94.85,25
1719461943569,94.65,150
1719461944487,94.35,25
1719461944770,94.1,125
1719461945516,94.75,25
1719461945967,94.7,100
1719461946508,95.1,75
1719461946966,95.35,75
1719461947493,95.15,25
1719461948158,95.35,25
1719461948493,95.2,300
1719461949379,95.7,50
1719461949455,95.75,25
1719461950556,96.55,125
1719461951475,96.0,25
1719461951972,96.4,150
1719461952507,96.3,25
1719461953165,96.5,200
1719461953502,96.5,25
1719461954383,96.9,50
1719461954503,96.8,125
1719461955504,96.1,25
1719461955590,96.4,75
1719461956505,96.85,25
1719461956968,96.45,100
1719461957509,96.55,50
1719461958175,97.25,25
1719461958505,97.4,75
1719461959598,98.45,50
1719461960715,100.6,25
1719461960996,100.0,75
1719461961505,101.3,25
1719461962588,101.0,50
1719461963506,102.4,200
1719461964194,101.4,50
1719461964512,100.9,75
1719461965594,102.15,50
1719461966525,100.5,25
1719461966788,100.5,75
1719461967526,100.9,250
1719461967990,99.95,25
1719461968521,100.15,25
1719461969016,100.7,25
1719461969526,100.75,25
1719461970067,101.2,25
1719461970202,101.35,100
1719461970510,100.75,25
1719461971499,101.4,50
1719461971611,101.25,75
1719461972515,101.75,250
1719461973013,102.05,100
1719461973520,101.3,25
1719461974214,100.75,50
1719461974537,100.95,25
1719461975216,100.85,50
1719461975499,101.15,125
1719461976517,100.45,25
1719461977512,100.35,125
1719461978025,100.2,25
1719461978511,100.05,25
1719461979204,99.3,100
1719461979536,99.1,25
1719461980518,99.4,25
1719461980622,99.6,50
1719461981522,99.65,25
1719461982025,99.65,25
1719461982538,100.15,25
1719461983255,101.35,50
1719461983530,101.55,25
1719461984424,102.55,50
1719461984542,102.7,25
1719461985548,102.5,25
1719461985830,102.1,50
1719461986513,102.2,75
1719461987036,102.6,125
1719461987544,102.3,25
1719461988236,102.15,25
1719461988733,102.1,75
1719461989234,102.35,25
1719461989524,101.9,25
1719461990610,102.0,25
1719461991543,101.65,25
1719461991826,102.25,25
1719461992512,102.15,75
1719461993039,101.55,25
1719461993543,102.05,25
1719461994031,102.55,225
1719461994524,102.35,50
1719461995254,102.65,50
1719461995536,102.55,25
1719461996443,102.55,75
1719461996522,102.45,50
1719461997529,100.8,75
1719461997613,100.95,25
1719461998547,100.85,25
1719461998859,100.75,25
1719461999544,101.25,25
1719461999853,101.65,25
1719462000095,101.45,25
1719462000546,101.05,25
1719462000807,101.25,200
1719462001532,101.95,25
1719462002060,102.25,25
1719462002750,103.0,50
1719462003260,102.1,25
1719462003539,102.5,25
1719462004256,101.95,25
1719462004549,102.2,25
1719462005543,102.95,25
1719462005848,102.55,25
1719462006529,103.0,25
1719462007453,104.2,225
1719462007737,103.95,25
1719462008541,105.05,25
1719462009069,104.85,250
1719462009556,104.45,25
1719462010549,104.3,125
1719462010666,104.3,25
1719462011751,102.85,25
1719462012269,102.4,25
1719462012528,102.9,50
1719462013548,103.85,50
1719462014555,103.1,25
1719462014679,103.2,25
1719462015556,103.45,25
1719462016075,103.55,800
1719462016558,103.5,25
1719462017260,103.35,50
1719462017543,103.4,25
1719462018745,103.75,50
1719462018891,104.0,100
1719462019550,103.7,175
1719462020282,104.5,50
1719462020550,103.95,200
1719462021696,102.95,75
1719462021750,102.75,50
1719462022558,101.75,75
1719462023063,101.7,25
1719462023554,101.15,25
1719462024274,101.4,150
1719462024560,100.9,75
1719462025528,100.35,75
1719462025899,100.75,75
1719462026749,100.7,50
1719462027061,100.75,25
1719462027533,99.95,150
1719462028080,99.7,50
1719462028538,100.25,25
1719462029288,100.85,25
1719462029554,100.65,25
1719462030102,100.5,25
1719462030482,101.05,25
1719462030562,101.15,25
1719462031556,101.75,225
1719462031889,101.9,25
1719462032568,102.25,75
1719462033083,101.85,50
1719462033739,101.8,25
1719462034071,101.95,200
1719462034573,102.0,150
1719462035305,101.45,75
1719462035550,101.6,25
1719462036534,102.7,100
1719462036676,102.15,50
1719462037558,101.45,25
1719462038102,101.0,50
1719462038712,101.5,25
1719462039313,101.7,50
1719462039543,101.4,125
1719462040321,101.6,25
1719462040554,102.45,25
1719462041563,100.85,25
1719462042560,100.2,25
1719462042915,100.8,100
1719462043568,100.9,25
1719462044292,99.65,100
1719462044543,100.15,25
1719462045504,100.4,175
1719462045572,100.4,150
1719462046540,100.75,25
1719462046711,100.7,25
1719462047572,100.25,100
1719462048094,100.6,100
1719462048565,101.25,100
1719462049329,100.85,25
1719462049565,101.25,25
1719462050330,102.1,25
1719462050742,102.2,75
1719462051569,102.1,25
1719462051733,102.2,75
1719462052576,103.45,75
1719462053128,103.5,50
1719462053545,103.95,75
1719462054319,103.25,50
1719462054557,102.25,25
1719462055559,102.45,200
1719462055739,102.45,50
1719462056573,101.2,25
1719462057136,100.95,25
1719462057538,100.85,25
1719462058339,100.85,50
1719462058775,99.8,225
1719462059567,100.15,75
1719462060091,101.2,25
1719462060609,100.9,75
1719462060940,101.15,25
1719462061572,102.15,200
1719462062307,102.55,25
1719462062578,102.45,100
1719462063771,101.3,25
1719462063957,101.4,50
1719462064580,100.15,25
1719462065337,100.75,25
1719462065575,100.3,200
1719462066571,100.75,25
1719462066929,100.35,25
1719462067569,100.5,100
1719462068136,100.45,25
1719462068576,100.6,175
1719462069241,101.0,25
1719462069755,100.5,250
1719462070373,100.6,25
1719462070585,100.5,25
1719462071589,100.4,25
1719462071745,100.4,225
1719462072581,100.25,125
1719462072749,100.9,50
1719462073590,100.55,50
1719462073706,100.55,250
1719462074584,101.5,25
1719462075112,101.0,50
1719462075592,100.3,50
1719462076348,100.75,175
1719462076594,100.6,250
1719462077373,100.6,25
1719462077574,100.85,50
1719462078584,101.15,75
1719462078756,101.3,25
1719462079571,100.9,25
1719462079764,100.8,75
1719462080589,100.45,50
1719462080948,101.3,50
1719462081596,100.35,25
1719462082171,100.1,100
1719462082601,99.2,75
1719462083597,98.5,50
1719462084788,97.75,25
1719462085175,98.1,25
1719462085578,97.7,25
1719462086380,98.3,25
1719462086593,98.25,25
1719462087378,98.65,50
1719462087585,98.75,25
1719462088587,99.05,25
1719462089589,98.8,75
1719462089794,98.75,50
1719462090055,98.75,125
1719462090588,99.1,50
1719462091185,98.95,100
1719462091547,98.35,175
1719462092179,97.9,25
1719462092601,98.4,300
1719462093373,98.6,50
1719462093599,97.8,50
1719462094400,97.95,25
1719462094608,97.85,175
1719462095613,97.55,25
1719462096614,97.6,150
1719462096972,97.7,50
1719462097578,97.45,25
1719462098392,97.25,50
1719462098567,97.1,200
1719462099588,98.0,25
1719462099789,98.3,25
1719462100606,98.25,25
1719462100995,97.7,25
1719462101603,97.8,450
1719462102198,98.0,75
1719462102605,97.7,25
1719462103296,98.0,225
1719462103615,97.8,25
1719462104415,98.05,75
1719462104565,98.25,250
1719462105611,97.95,25
1719462106580,97.7,25
1719462107012,97.3,25
1719462107589,98.0,25
1719462108345,98.25,25
1719462108599,98.95,25
1719462109407,98.85,75
1719462109602,99.3,100
1719462110603,100.65,25
1719462111588,100.25,25
1719462112216,99.65,25
1719462112607,99.9,450
1719462113420,100.65,25
1719462113610,100.6,25
1719462114592,99.75,150
1719462115615,99.6,25
1719462116013,99.5,25
1719462116605,99.35,50
1719462117405,98.8,200
1719462117591,98.8,100
1719462118445,98.75,25
1719462118599,98.55,25
1719462119630,97.4,150
1719462120080,98.25,25
1719462120608,97.6,225
1719462121223,97.9,50
1719462121593,97.5,25
1719462122435,96.1,125
1719462122809,97.0,25
1719462123603,97.25,175
1719462123837,97.25,125
1719462124597,96.45,50
1719462125028,96.95,25
1719462125600,97.1,500
1719462126441,97.4,25
1719462126609,97.1,100
1719462127654,96.85,25
1719462128602,96.85,50
1719462128816,96.65,50
1719462129755,97.05,25
1719462130254,96.5,50
1719462130612,96.3,100
1719462131197,96.05,25
1719462131667,96.35,25
1719462132219,96.95,175
1719462132590,96.45,25
1719462133427,95.25,300
1719462133605,95.8,150
1719462134598,96.85,50
1719462134646,96.65,25
1719462135632,96.65,125
1719462135848,96.7,25
1719462136633,97.05,25
1719462137045,96.9,25
1719462137597,96.75,75
1719462138242,96.45,100
1719462138618,96.05,200
1719462139453,95.75,75
1719462139635,95.6,50
1719462140467,94.8,50
1719462140621,95.1,50
1719462141455,95.55,25
1719462141613,95.3,25
1719462142608,94.5,25
1719462142815,94.7,25
1719462143618,94.95,25
1719462144255,94.45,25
1719462144604,94.6,25
1719462145274,94.5,25
1719462145634,94.45,25
1719462146430,95.05,75
1719462146611,95.3,50
1719462147648,96.65,25
1719462148615,97.45,25
1719462148847,97.05,50
1719462149643,97.05,25
1719462150094,97.2,50
1719462150621,96.6,75
1719462151480,96.1,200
1719462151638,95.9,25
1719462152458,96.0,50
1719462152596,96.0,100
1719462153457,96.05,25
1719462153625,96.1,175
1719462154457,96.4,25
1719462154627,96.4,25
1719462154865,96.55,25
1719462155606,96.95,25
1719462155891,97.25,100
1719462156619,96.5,25
1719462157069,96.75,25
1719462157630,96.45,50
1719462158075,96.65,50
1719462158627,96.25,25
1719462159100,96.35,25
1719462159613,96.25,250
1719462160276,95.7,50
1719462160643,95.4,25
1719462161489,95.2,250
1719462161603,95.5,25
1719462162695,95.3,50
1719462163633,94.75,50
1719462164109,94.85,75
1719462164632,94.4,25
1719462165279,94.4,75
1719462165628,94.35,25
1719462166492,95.0,25
1719462166632,95.1,50
1719462167634,94.25,125
1719462167704,94.3,100
1719462168635,94.85,75
1719462169054,94.15,25
1719462169645,93.0,50
1719462170668,93.7,25
1719462170846,93.4,75
1719462171661,93.55,25
1719462172310,93.95,350
1719462172641,94.4,150
1719462173635,95.15,25
1719462174634,96.0,100
1719462174897,96.35,75
1719462175644,97.1,25
1719462176317,95.9,250
1719462176631,95.75,150
1719462177487,94.75,25
1719462177643,94.2,150
1719462178723,93.3,25
1719462179624,93.45,25
1719462179938,93.9,25
1719462180089,93.4,125
1719462180653,93.35,100
1719462181243,92.8,50
1719462181656,93.1,25
1719462182638,93.6,25
1719462183543,93.25,150
1719462183725,93.05,25
1719462184713,92.65,25
1719462185645,93.1,25
1719462186131,92.45,25
1719462186649,92.4,25
1719462187332,92.2,25
1719462187653,92.45,25
1719462188345,91.95,50
1719462188658,92.25,25
1719462189543,92.45,25
1719462189656,92.25,75
1719462190661,92.0,50
1719462190743,92.2,25
1719462191636,93.0,25
1719462192146,93.4,25
1719462192649,93.8,25
1719462193331,92.75,25
1719462193657,93.45,25
1719462194510,92.75,25
1719462194654,93.0,75
1719462195623,92.75,250
1719462196629,92.85,100
1719462196756,92.6,75
1719462197661,93.0,100
1719462198127,93.05,25
1719462198647,92.7,50
1719462199355,93.05,25
1719462199655,93.05,175
1719462200358,93.15,75
1719462200662,92.85,75
1719462201662,93.65,25
1719462202762,94.2,100
1719462203656,95.2,25
1719462203939,94.85,25
1719462204665,96.3,25
1719462205167,96.1,100
1719462205665,96.1,50
1719462206383,96.6,50
1719462206647,96.4,25
1719462207656,96.75,25
1719462208666,94.55,75
1719462208971,94.7,25
1719462209674,94.85,50
1719462210072,94.65,25
1719462210366,94.7,100
1719462210581,94.55,25
1719462211536,94.1,150
1719462211536,94.1,150
1719462212568,93.9,25
1719462212671,94.15,25
1719462213675,95.05,250
1719462214166,94.8,325
1719462214672,94.2,25
1719462215381,94.0,125
1719462215660,94.1,25
1719462216674,94.35,25
1719462217581,94.75,50
1719462217679,94.85,25
1719462218676,94.9,25
1719462218924,95.2,225
1719462219673,95.3,75
1719462220186,95.35,25
1719462220677,95.75,50
1719462221391,95.0,75
1719462221608,95.2,150
1719462222684,94.65,25
1719462223688,95.0,25
1719462224644,95.1,50
1719462224797,94.8,175
1719462225625,94.95,50
1719462226110,95.15,150
1719462226627,95.25,50
1719462227193,94.85,25
1719462227660,94.85,400
1719462228403,94.95,75
1719462228686,95.05,125
1719462229596,94.75,100
1719462229655,94.6,25
1719462230610,93.8,25
1719462230656,93.75,25
1719462231647,94.2,25
1719462231809,94.0,50
1719462232673,93.4,325
1719462233004,93.4,200
1719462233682,94.0,25
1719462234207,94.15,25
1719462234661,94.15,50
1719462235407,94.2,200
1719462235657,93.85,200
1719462236402,93.4,125
1719462236677,93.5,75
1719462237384,93.55,150
1719462237677,93.35,50
1719462238690,93.15,25
1719462239610,93.45,25
1719462239654,93.45,200
1719462240072,93.8,25
1719462240668,93.8,75
1719462241018,94.7,75
1719462241676,95.05,200
1719462242191,94.45,100
1719462242683,94.6,75
1719462243413,95.4,25
1719462243685,95.1,75
1719462244685,95.55,50
1719462245680,96.0,125
1719462245795,95.85,250
1719462246684,96.25,100
1719462247148,96.55,25
1719462247691,96.35,25
1719462248431,97.1,75
1719462248660,97.1,25
1719462249697,95.9,25
1719462250696,95.95,50
1719462250805,95.95,200
1719462251697,96.15,25
1719462252219,96.05,150
1719462252620,95.85,25
1719462253393,95.0,25
1719462253701,95.2,250
1719462254444,95.6,25
1719462254697,95.65,100
1719462255424,96.05,25
1719462255678,96.05,25
1719462256676,95.8,25
1719462257692,95.95,25
1719462257783,96.2,25
1719462258635,95.3,100
1719462259032,95.35,25
1719462259692,95.35,150
1719462260442,95.5,25
1719462260699,95.5,25
1719462261598,95.75,50
1719462262677,95.85,150
1719462262677,95.85,150
1719462263702,96.0,75
1719462264256,96.9,25
1719462264660,96.2,50
1719462265702,96.4,225
1719462266709,96.45,25
1719462267048,96.5,50
1719462267704,96.7,50
1719462268270,96.65,25
1719462268659,96.5,25
1719462269438,96.95,25
1719462269691,96.8,200
1719462270076,96.7,25
1719462270649,96.75,200
1719462270649,96.75,200
1719462271703,96.6,50
1719462271832,96.65,25
1719462272670,96.7,100
1719462273436,96.4,25
1719462273683,96.4,25
1719462274669,96.65,25
1719462275658,96.55,25
1719462275882,97.05,150
1719462276695,96.65,25
1719462277073,96.85,500
1719462277717,98.35,50
1719462278275,98.2,25
1719462278690,98.1,50
1719462279703,98.55,25
1719462280091,98.05,350
1719462280705,98.9,25
1719462281714,99.3,150
1719462282702,98.9,50
1719462283290,98.7,175
1719462283688,98.4,25
1719462284650,98.15,25
1719462285684,98.05,175
1719462286492,98.4,25
1719462286708,98.1,100
1719462287706,98.35,50
1719462287903,97.95,25
1719462288697,98.15,50
1719462289504,98.75,100
1719462289908,100.2,25
1719462290697,100.2,25
1719462291102,100.6,25
1719462291912,101.4,150
1719462292723,101.35,125
1719462292906,100.85,25
1719462293726,100.2,75
1719462294503,99.4,25
1719462294909,99.0,350
1719462295708,99.6,100
1719462296115,99.2,50
1719462296710,99.15,25
1719462297277,98.9,50
1719462297723,99.3,100
1719462298708,99.7,25
1719462328729,103.35,25
1719462329365,103.5,50
1719462329727,102.9,25
1719462330726,103.4,175
1719462330928,102.9,25
1719462331946,102.95,50
1719462332574,102.5,100
1719462332732,101.85,125
1719462333758,102.15,50
1719462334756,102.0,25
1719462335172,102.4,125
1719462335915,102.6,50
1719462336381,102.4,125
1719462336729,102.75,25
1719462337590,102.45,25
1719462337761,102.0,75
1719462338771,101.25,375
1719462338937,101.65,25
1719462339752,102.15,50
1719462340744,102.5,25
1719462341172,102.1,200
1719462341743,101.25,50
1719462342360,101.7,25
1719462348718,101.2,25
1719462349749,101.9,50
1719462349780,101.95,50
1719462350811,101.8,50
1719462351729,101.8,25
1719462351983,101.65,25
1719462352747,100.7,50
1719462352986,100.85,50
1719462353737,101.5,100
1719462354396,100.85,100
1719462354745,100.45,25
1719462355741,101.25,50
1719462355784,101.65,250
1719462356784,100.95,50
1719462356946,100.95,25
1719462357760,101.4,25
1719462358158,101.1,75
1719462358737,100.4,25
1719462359627,100.95,25
1719462359749,100.7,25
1719462360046,100.85,25
1719462360768,100.2,225
1719462361794,100.95,150
1719462361952,101.3,375
1719462362762,100.55,50
1719462363142,100.6,50
1719462363724,100.15,375
1719462364420,100.25,250
1719462364707,100.05,50
1719462365765,99.35,25
1719462365812,99.45,25
1719462366794,98.95,75
1719462367953,98.25,25
1719462368207,98.45,250
1719462368762,98.5,25
1719462369595,98.65,100
1719462369760,98.55,25
1719462370825,99.45,25
1719462372029,100.0,25
1719462372757,101.2,25
1719462373427,100.5,250
1719462373760,100.95,25
1719462405792,108.0,25
1719462406071,108.8,200
1719462406791,108.6,25
1719462407481,109.8,25
1719462407763,109.8,50
1719462408990,113.45,50
1719462409789,111.7,50
1719462412794,112.0,250
1719462413689,112.1,25
1719462413996,112.25,25
1719462414792,113.7,75
1719462415094,114.9,25
1719462415987,115.95,200
1719462416704,116.75,25
1719462416990,117.55,25
1719462417997,117.1,25
1719462418298,117.5,25
1719462418729,117.3,50
1719462418995,117.25,50
1719462419792,118.35,50
1719462420119,119.15,25
1719462421010,120.85,25
1719462421711,123.6,50
1719462421812,125.35,125
1719462422793,126.0,100
1719462423318,125.9,150
1719462423989,123.8,200
1719462424809,123.3,175
1719462424914,123.15,50
1719462425795,122.05,50
1719462426720,121.75,75
1719462427008,121.9,50
1719462427802,119.4,25
1719462428111,119.9,75
1719462428807,120.1,125
1719462429321,121.8,350
1719462429996,120.4,450
1719462430802,120.1,75
1719462430908,120.05,25
1719462431993,121.35,25
1719462432122,121.65,25
1719462432808,120.6,50
1719462433717,120.45,50
1719462433805,120.25,75
1719462434926,121.25,25
1719462435806,123.55,250
1719462436338,122.65,75
1719462437012,122.85,25
1719462437546,123.3,25
1719462437805,122.7,50
1719462438808,123.0,25
1719462438956,123.4,75
1719462439809,122.25,75
1719462440545,121.6,50
1719462440807,121.25,25
1719462441744,122.6,25
1719462442010,122.8,25
1719462442817,122.7,50
1719462442933,122.2,25
1719462443813,122.55,25
1719462444338,122.5,25
1719462445011,123.75,25
1719462445725,124.4,75
1719462445817,124.8,125
1719462446807,125.0,200
1719462447158,123.95,25
1719462447816,123.6,100
1719462448541,123.55,25
1719462448802,123.05,25
1719462449952,122.15,200
1719462450088,122.2,75
1719462450822,121.5,175
1719462451341,122.1,75
1719462451804,121.45,25
1719462452817,120.1,25
1719462452964,120.35,50
1719462453831,122.2,50
1719462454556,121.7,25
1719462455002,122.2,25
1719462456806,122.3,25
1719462457135,122.5,175
1719462457815,122.6,150
1719462458347,122.4,25
1719462459009,121.85,25
1719462459560,121.8,25
1719462459811,121.7,50
1719462460562,122.45,50
1719462460826,122.75,25
1719462461726,121.8,25
1719462461808,122.4,25
1719462462977,124.9,50
1719462463022,125.0,100
1719462463810,125.8,50
1719462464757,125.1,25
1719462464823,125.0,25
1719462465829,125.95,150
1719462466143,127.75,25
1719462467038,128.4,25
1719462467779,130.15,50
1719462467837,130.4,25
1719462468819,131.35,875
1719462469186,130.3,25
1719462470031,132.75,25
1719462470784,132.95,50
1719462470822,133.1,50
1719462471829,134.3,25
1719462472379,135.55,25
1719462472827,135.3,75
1719462474030,134.35,50
1719462474832,133.5,25
1719462475832,133.9,25
1719462477022,136.3,25
1719462477386,136.4,25
1719462477843,136.1,25
1719462478826,134.2,300
1719462478993,133.9,25
1719462479837,133.7,75
1719462480104,134.3,25
1719462480799,137.45,250
1719462481024,138.2,25
1719462481844,138.8,75
1719462482394,140.3,100
1719462483033,142.15,100
1719462483826,140.9,75
1719462486831,139.45,25
1719462487212,140.2,150
1719462488037,138.0,75
1719462488825,139.2,25
1719462489843,139.6,25
1719462490211,139.3,25
1719462491027,138.85,25
1719462491603,139.75,25
1719462491843,139.65,25
1719462492848,139.25,25
1719462493005,139.6,25
1719462494023,138.4,25
1719462494416,138.85,25
1719462494853,138.7,25
1719462495826,137.25,25
1719462496829,137.85,25
1719462497404,137.85,75
1719462498025,137.0,75
1719462498833,136.35,25
1719462499840,133.8,75
1719462500207,134.6,75
1719462501053,136.05,25
1719462501858,136.45,375
1719462502841,137.2,25
1719462503430,136.9,100
1719462504047,136.6,25
1719462504842,138.0,125
1719462505835,139.2,75
1719462506291,139.2,25
1719462507042,140.55,25
1719462510100,138.75,25
1719462510629,138.3,25
1719462510848,138.8,25
1719462511839,139.6,25
1719462512228,139.35,50
1719462512834,139.1,25
1719462513630,141.25,50
1719462514018,140.75,25
1719462514846,140.6,25
1719462515227,140.05,50
1719462515850,139.55,25
1719462516844,140.7,25
1719462517867,139.4,275
1719462518645,138.8,100
1719462519055,138.25,50
1719462519854,139.2,25
1719462520253,139.95,25
1719462520867,139.25,50
1719462521852,137.55,25
1719462523038,137.5,25
1719462523457,136.5,25
1719462523868,136.6,25
1719462524857,137.3,25
1719462525803,136.1,25
1719462526464,136.55,25
1719462526878,136.15,50
1719462527834,136.5,25
1719462528050,136.0,25
1719462529059,134.95,25
1719462531850,136.15,25
1719462532065,135.95,25
1719462532867,136.2,25
1719462533664,136.25,50
1719462533853,136.25,50
1719462535062,136.4,25
1719462535844,137.2,25
1719462536473,136.9,75
1719462536861,136.8,25
1719462545046,138.45,25
1719462545879,137.75,25
1719462546880,136.4,75
1719462547282,136.75,175
1719462548031,136.6,50
1719462548703,137.4,25
1719462548861,137.35,25
1719462549878,137.45,50
1719462550102,137.05,100
1719462550886,138.45,25
1719462551299,138.4,50
1719462552064,138.2,25
1719462552704,139.05,25
1719462552880,138.75,25
1719462553866,138.65,75
1719462554076,139.45,25
1719462555101,140.0,25
1719462555867,140.65,25
1719462556517,142.25,25
1719462556885,141.55,25
1719462558065,141.75,75
1719462558114,142.1,50
1719462558888,140.95,25
1719462559316,141.0,25
1719462559860,141.05,50
1719462560522,140.3,25
1719462561075,140.75,25
1719462561889,141.4,25
1719462562119,141.35,50
1719462562899,141.4,25
1719462563307,140.0,50
1719462563888,140.35,175
1719462564711,140.55,25
1719462565070,140.75,25
1719462565885,140.05,25
1719462565929,140.15,25
1719462566855,140.0,25
1719462567301,140.2,25
1719462568069,141.2,25
1719462575879,140.45,50
1719462576153,139.85,25
1719462577087,138.15,25
1719462602918,144.3,200
1719462603906,141.7,25
1719462604396,142.35,25
1719462605115,142.15,50
1719462605918,141.6,150
1719462605990,141.55,25
1719462606925,140.95,25
1719462607383,141.5,50
1719462607908,141.25,25
1719462608988,142.2,50
1719462609113,141.5,100
1719462609931,140.6,75
1719462610191,140.65,25
1719462610914,141.15,100
1719462611780,140.95,50
1719462612107,140.9,75
1719462612922,141.4,100
1719462613191,141.75,25
1719462613906,141.15,25
1719462614417,141.4,50
1719462614929,142.25,50
1719462615803,142.3,25
1719462615903,142.25,25
1719462616909,141.35,25
1719462617405,141.6,50
1719462618122,140.95,100
1719462618824,140.6,25
1719462618893,140.5,25
1719462619928,139.95,100
1719462620190,138.85,25
1719462620940,139.0,125
1719462621408,139.15,25
1719462621924,138.6,25
1719462623044,138.15,25
1719462624225,137.65,100
1719462624918,137.95,25
1719462625632,137.55,75
1719462625920,137.75,25
1719462626915,138.3,25
1719462627028,138.45,25
1719462628106,140.4,25
1719462628206,141.0,50
1719462628927,140.85,25
1719462629191,140.65,25
1719462629925,140.35,25
1719462630099,140.65,125
1719462630825,141.35,50
1719462630945,141.65,100
1719462631929,141.75,25
1719462632183,142.7,25
1719462632890,143.25,25
1719462633417,144.0,500
1719462634106,144.3,25
1719462634831,144.75,225
1719462634922,145.05,25
1719462635919,145.0,25
1719462636232,145.0,25
1719462636932,144.05,25
1719462637232,144.5,25
1719462637943,144.85,50
1719462638637,144.5,25
1719462638904,144.45,25
1719462639843,143.0,25
1719462639923,143.75,250
1719462641042,143.7,25
1719462641910,143.8,25
1719462642238,143.6,50
1719462642923,142.8,75
1719462643642,142.3,100
1719462644111,141.6,25
1719462644939,142.5,100
1719462645055,142.8,50
1719462645929,143.15,125
1719462646444,143.5,50
1719462646912,144.2,50
1719462647659,143.55,25
1719462647945,143.65,25
1719462648931,145.05,25
1719462649047,145.7,25
1719462649930,144.0,25
1719462650267,143.6,25
1719462651144,143.25,25
1719462651422,143.65,25
1719462651937,144.4,25
1719462652670,144.45,125
1719462652935,144.2,25
1719462653923,143.75,25
1719462654014,144.05,25
1719462657675,144.9,25
1719462658130,146.8,75
1719462658942,146.45,25
1719462659078,146.15,25
1719462659935,148.85,25
1719462660105,149.85,50
1719462660673,150.95,75
1719462661133,150.85,25
1719462661945,151.05,75
1719462662481,152.0,25
1719462662956,150.55,150
1719462663956,153.5,25
1719462665148,152.1,25
1719462665679,152.55,25
1719462665948,153.3,25
1719462666941,154.0,200
1719462667090,153.85,100
1719462668162,153.0,50
1719462668479,152.6,25
1719462668956,153.2,50
1719462669930,151.65,25
1719462671149,151.55,25
1719462671473,152.0,25
1719462671945,152.5,75
1719462672944,153.3,100
1719462673097,153.2,25
1719462673954,152.75,25
1719462674261,153.15,50
1719462675156,152.35,200
1719462675499,152.5,25
1719462675938,151.2,75
1719462676895,151.05,25
1719462676951,151.55,25
1719462678156,151.0,75
1719462678283,150.6,25
1719462678951,150.0,1400
1719462679314,150.3,50
1719462679948,151.0,100
1719462680925,154.1,25
1719462682179,158.2,50
1719462682500,157.75,75
1719462682950,156.7,25
1719462684103,153.0,75
1719462684149,153.4,25
1719462684957,152.55,650
1719462685704,154.55,25
1719462685970,154.25,25
1719462687157,154.6,100
1719462687313,154.7,50
1719462687972,154.5,50
1719462688308,155.55,25
1719462688962,153.8,25
1719462689912,154.95,25
1719462690160,154.95,75
1719462690962,154.65,25
1719462691302,155.8,100
1719462691966,154.85,75
1719462692717,154.65,25
1719462693172,153.65,25
1719462693974,153.0,25
1719462694116,152.6,50
1719462694979,153.25,25
1719462695318,154.15,25
1719462695948,154.0,50
1719462696528,154.15,75
1719462697168,154.45,200
1719462702962,156.25,50
1719462703931,155.95,75
1719462704172,156.0,100
1719462704932,157.5,100
1719462704973,157.5,25
1719462706343,156.2,50
1719462735990,165.0,300
1719462736792,164.5,50
1719462737186,163.4,50
1719462738004,163.55,25
1719462738389,163.75,25
1719462738999,164.95,100
1719462739994,164.3,50
1719462740191,164.35,25
1719462740991,164.05,75
1719462741180,164.75,25
1719462741966,163.95,25
1719462742606,164.65,200
1719462743206,165.65,225
1719462743984,163.9,50
1719462744979,164.7,25
1719462745381,165.05,50
1719462745949,164.9,50
1719462746417,165.0,25
1719462747126,164.9,25
1719462747824,164.0,25
1719462747982,164.55,125
1719462748986,164.75,50
1719462749217,165.85,25
1719462750060,164.85,200
1719462750198,164.65,75
1719462750408,164.35,50
1719462750958,164.55,50
1719462751378,164.15,25
1719462751985,164.65,100
1719462753207,166.9,25
1719462753985,167.65,25
1719462754416,166.35,25
1719462754974,166.1,25
1719462755818,166.7,150
1719462756235,166.6,50
1719462757010,169.55,100
1719462757209,169.2,125
1719462758010,168.15,200
1719462759024,167.1,25
1719462760199,166.35,25
1719462760405,166.55,25
1719462760998,165.8,25
1719462761842,166.4,50
1719462762005,166.5,50
1719462763214,166.55,25
1719462763422,166.35,25
1719462764003,164.65,125
1719462764633,165.35,25
1719462764999,165.85,25
1719462765991,165.35,25
1719462766218,165.65,25
1719462767204,165.65,25
1719462767620,165.2,25
1719462767991,165.1,25
1719462768992,166.0,25
1719462769236,167.2,50
1719462770001,165.35,50
1719462770877,166.35,25
1719462771002,166.7,75
1719462772198,172.1,25
1719462772447,171.85,100
1719462773009,172.9,25
1719462774047,172.5,75
1719462775220,172.35,25
1719462775637,171.95,50
1719462776015,172.3,25
1719462777008,170.4,50
1719462777258,170.25,125
1719462778224,170.1,200
1719462778453,169.55,75
1719462779017,169.15,75
1719462780044,170.4,75
1719462780217,170.4,25
1719462781010,171.35,50
1719462781449,173.4,50
1719462782022,172.4,25
1719462783055,173.5,25
1719462783213,173.3,100
1719462784018,174.25,25
1719462784863,174.95,75
1719462785016,174.85,25
1719462786017,173.7,25
1719462786470,174.55,25
1719462787218,175.1,25
1719462788024,175.55,25
1719462788051,175.45,300
1719462789197,175.3,25
1719462789463,175.05,75
1719462790029,177.8,25
1719462790664,177.6,25
1719462791035,178.25,25
1719462792221,177.75,25
1719462792285,177.75,25
1719462793019,176.05,25
1719462793675,176.5,100
1719462794024,175.95,25
1719462795052,176.45,25
1719462795230,176.1,75
1719462796029,176.85,75
1719462796462,176.1,25
1719462797021,175.45,50
1719462797710,175.5,25
1719462798216,173.95,25
1719462799036,173.9,25
1719462799284,174.1,50
1719462800020,176.0,125
1719462800300,176.0,25
1719462801194,177.55,75
1719462801900,176.45,575
1719462802041,177.0,100
1719462803032,177.35,50
1719462803274,177.1,50
1719462804024,176.85,50
1719462804499,176.75,25
1719462805232,176.15,50
1719462806025,176.05,25
1719462806092,176.1,150
1719462806971,173.85,25
1719462807500,173.25,100
1719462808190,173.5,50
1719462809035,173.15,225
1719462810208,171.45,25
1719462810514,172.0,25
1719462811013,170.65,50
1719462812023,170.8,25
1719462812308,169.45,250
1719462813242,170.05,50
1719462813919,172.15,25
1719462814030,171.7,175
1719462815242,170.8,100
1719462815526,170.85,25
1719462816032,170.65,25
1719462816911,171.15,25
1719462817044,171.1,75
1719462818309,169.35,50
1719462819039,170.05,25
1719462819712,168.2,25
1719462820231,167.1,25
1719462821028,167.05,25
1719462821140,166.9,50
1719462822056,165.9,25
1719462822527,166.85,25
1719462823229,167.75,25
1719462824035,168.25,150
1719462825029,167.4,25
1719462825532,168.7,50
1719462826262,168.0,25
1719462827038,167.4,75
1719462827129,168.35,25
1719462828037,168.85,75
1719462828516,168.3,75
1719462829017,167.35,100
1719462829926,168.4,75
1719462830222,169.05,75
1719462831037,168.55,75
1719462831352,168.3,25
1719462832050,169.0,25
1719462832526,169.9,50
1719462833039,170.3,25
1719462834054,169.7,150
1719462834150,169.65,50
1719462835259,169.8,50
1719462835343,169.6,25
1719462836021,169.25,75
1719462836516,169.6,50
1719462837008,169.15,25
1719462837934,170.2,125
1719462838037,170.25,25
1719462839239,170.65,75
1719462839364,170.75,25
1719462840054,172.6,25
1719462840096,172.25,25
1719462840760,172.05,25
1719462841038,171.85,50
1719462842161,171.3,25
1719462843039,171.6,25
1719462843548,172.4,25
1719462844038,172.4,50
1719462844966,173.0,50
1719462845252,172.95,25
1719462846038,171.75,25
1719462846555,170.35,50
1719462847038,171.0,150
1719462847941,168.8,25
1719462848260,169.3,50
1719462849067,169.5,25
1719462849187,169.75,75
1719462850066,168.5,25
1719462850554,169.7,75
1719462851037,170.2,50
1719462851956,171.25,125
1719462852270,171.3,50
1719462853038,170.75,25
1719462853580,170.75,25
1719462854074,170.2,75
1719462854755,169.5,25
1719462855113,171.1,25
1719462856009,170.85,75
1719462856189,171.25,25
1719462857038,170.1,50
1719462857337,170.35,100
1719462858262,170.7,250
1719462858583,170.25,25
1719462859047,169.95,75
1719462859793,170.65,125
1719462860061,170.6,50
1719462861058,171.15,50
1719462861383,170.5,25
1719462862058,171.2,25
1719462862596,171.95,75
1719462863260,172.0,25
1719462863779,171.75,75
1719462864071,172.3,50
1719462865072,172.6,25
1719462865183,172.55,75
1719462866276,172.8,25
1719462866612,172.7,25
1719462867072,171.8,25
1719462868081,172.85,25
1719462868196,172.25,25
1719462869075,171.6,75
1719462869590,171.55,75
1719462870089,170.85,125
1719462870271,170.85,25
1719462871001,172.15,75
1719462871037,172.0,25
1719462872076,171.6,25
1719462872594,171.8,50
1719462873038,171.25,25
1719462873577,171.7,25
1719462874259,171.35,25
1719462874815,171.4,75
1719462875038,171.4,25
1719462876049,172.25,25
1719462877066,171.65,25
1719462877223,172.15,75
1719462878046,172.35,25
1719462878435,173.1,25
1719462879062,173.35,50
1719462879618,172.75,25
1719462880021,173.05,200
1719462880798,173.65,25
1719462881075,173.95,75
1719462882076,173.4,25
1719462882222,173.95,75
1719462883079,174.55,50
1719462883409,174.95,50
1719462884085,174.1,50
1719462884407,173.8,75
1719462885074,173.4,75
1719462885798,172.35,75
1719462886082,172.5,225
1719462887081,173.85,25
1719462887429,173.85,25
1719462888092,173.3,125
1719462888632,172.75,50
1719462889075,172.65,25
1719462890038,173.15,75
1719462890090,173.45,25
1719462891075,173.85,75
1719462891223,174.1,75
1719462892037,174.5,25
1719462892430,174.4,25
1719462893084,175.0,125
1719462893648,174.3,75
1719462894260,174.25,50
1719462894646,174.55,25
1719462895074,175.1,50
1719462896097,175.7,25
1719462896260,175.75,25
1719462897076,175.75,25
1719462897444,176.4,25
1719462898074,177.2,25
1719462898848,180.7,50
1719462899100,180.65,75
1719462900081,180.65,25
1719462900106,180.3,50
1719462900448,181.1,75
1719462901295,180.45,75
1719462902088,178.85,25
1719462902258,178.8,50
1719462903106,176.9,25
1719462903842,175.7,25
1719462904278,174.8,25
1719462905088,173.95,25
1719462905444,173.75,25
1719462906086,173.6,50
1719462907067,175.0,25
1719462907296,176.65,75
1719462908072,176.15,100
1719462908434,177.1,100
1719462909099,176.4,50
1719462909646,175.75,100
1719462910105,176.65,25
1719462911074,174.85,75
1719462911299,174.85,25
1719462912097,175.4,75
1719462912271,175.65,25
1719462913099,174.9,25
1719462913650,175.15,75
1719462914083,174.8,50
1719462914664,175.0,25
1719462915099,174.55,25
1719462915881,176.55,200
1719462916105,176.45,100
1719462917102,175.45,25
1719462917289,175.15,25
1719462918107,175.0,25
1719462918634,176.05,125
1719462919101,175.85,25
1719462919682,176.05,225
1719462920081,175.8,50
1719462920902,175.35,150
1719462921104,175.9,25
1719462922111,179.15,25
1719462923080,178.7,25
1719462923679,179.0,50
1719462924082,177.7,50
1719462924890,177.85,25
1719462925043,178.2,350
1719462926073,177.1,25
1719462926292,176.8,50
1719462927048,177.1,50
1719462927493,176.85,25
1719462928107,176.0,125
1719462928702,175.95,25
1719462929114,176.6,50
1719462929907,175.4,50
1719462930111,175.75,150
1719462931297,175.35,75
1719462932081,176.75,75
1719462932670,176.05,50
1719462933105,176.7,25
1719462933676,176.75,25
1719462934129,177.35,50
1719462935313,176.75,25
1719462935519,176.7,25
1719462936112,176.95,25
1719462936702,178.25,25
1719462937113,179.05,200
1719462938115,181.1,25
1719462939317,181.75,50
1719462939714,182.2,75
1719462940125,183.1,450
1719462940925,181.55,50
1719462941104,182.8,50
1719462942130,183.7,75
1719462942332,184.45,25
1719462943123,185.3,50
1719462943895,185.85,250
1719462944321,187.75,25
1719462945115,186.2,175
1719462945522,186.75,25
1719462946119,187.05,25
1719462946739,184.35,25
1719462947118,184.45,25
1719462948138,183.2,75
1719462948322,182.6,25
1719462949111,182.75,75
1719462949538,182.0,100
1719462950112,182.25,50
1719462950730,180.7,25
1719462951130,180.5,25
1719462952135,180.0,25
1719462953318,180.45,25
1719462953734,180.05,25
1719462954093,179.65,25
1719462955128,181.3,25
1719462956297,180.55,25
1719462957121,180.2,25
1719462957758,179.5,100
1719462958128,178.95,200
1719462958936,178.65,75
1719462959323,177.5,25
1719462960106,177.95,25
1719462960118,177.95,250
1719462960349,178.6,75
1719462961120,181.05,175
1719462961757,181.7,50
1719462962308,183.1,75
1719462962951,181.9,75
1719462963136,181.15,75
1719462964138,179.1,50
1719462964552,179.25,50
1719462965334,178.3,100
1719462965705,178.25,25
1719462966120,179.15,25
1719462967100,177.95,50
1719462967139,177.85,25
1719462968135,177.85,25
1719462968334,177.7,50
1719462969318,178.05,75
1719462969971,179.1,75
1719462970136,179.15,25
1719462971131,180.4,25
1719462971565,180.4,475
1719462972110,180.55,75
1719462972803,181.1,75
1719462973320,180.65,25
1719462974164,181.0,50
1719462975124,181.55,25
1719462975583,181.35,25
1719462976114,180.85,75
1719462976742,180.95,100
1719462977340,181.0,200
1719462977963,180.25,100
1719462978140,180.45,25
1719462979131,178.95,75
1719462979161,179.0,125
1719462980123,178.5,25
1719462980337,179.0,25
1719462981115,179.45,100
1719462981449,179.2,50
1719462982123,180.05,25
1719462982761,179.8,150
1719462983113,179.15,75
1719462983944,178.25,100
1719462984102,179.0,25
1719462985097,178.55,25
1719462985181,178.55,75
1719462986314,177.7,25
1719462986572,177.55,25
1719462987142,178.0,125
1719462987791,178.35,25
1719462988145,177.5,275
1719462989144,175.9,25
1719462990119,176.65,475
1719462990287,176.65,25
1719462990605,176.85,200
1719462991098,176.25,25
1719462991778,176.2,25
1719462992094,175.65,50
1719462993149,177.2,25
1719462993392,176.75,50
1719462994136,177.05,200
1719462994601,177.15,25
1719462995128,176.8,25
1719462995684,176.5,25
1719462996156,177.35,50
1719462996787,177.95,25
1719462997135,177.65,50
1719462998200,176.5,25
1719462999147,177.5,25
1719462999807,177.3,75
1719463000108,177.9,75
1719463000977,176.55,25
1719463001107,176.5,50
1719463002146,176.2,25
1719463002578,176.2,25
1719463003163,175.55,25
1719463003765,175.7,25
1719463004099,175.85,25
1719463005198,176.7,100
1719463006086,176.45,125
1719463006432,176.4,25
1719463007144,175.7,25
1719463007627,176.65,575
1719463008364,177.05,25
1719463008819,178.5,100
1719463009111,178.8,25
1719463010154,179.65,150
1719463010223,179.55,50
1719463011143,180.0,25
1719463011778,180.0,50
1719463012155,179.0,25
1719463013022,178.5,25
1719463013145,178.55,25
1719463014052,179.3,50
1719463014394,180.0,1000
1719463015033,179.3,25
1719463015821,178.8,100
1719463016163,179.15,100
1719463017204,179.8,75
1719463018110,180.95,25
1719463018628,181.65,75
1719463019149,181.95,150
1719463020096,183.3,200
1719463020236,182.75,25
1719463021170,184.35,25
1719463021609,184.65,25
1719463022170,185.65,25
1719463023038,184.3,25
1719463023377,184.2,25
1719463024235,184.55,25
1719463025168,185.15,50
1719463025822,184.7,25
1719463026161,185.1,50
1719463027031,184.25,25
1719463027076,184.7,75
1719463028155,185.65,100
1719463028417,185.1,50
1719463029171,187.05,200
1719463029846,187.6,25
1719463030127,187.05,25
1719463031461,190.0,25
1719463032148,190.05,25
1719463032855,191.0,50
1719463033167,190.45,25
1719463034166,186.7,25
1719463034471,186.5,200
1719463035358,184.4,25
1719463035867,183.15,50
1719463036163,181.25,25
1719463037167,181.7,50
1719463037253,182.0,25
1719463038169,181.55,25
1719463038867,180.65,25
1719463039172,180.3,25
1719463040147,180.85,25
1719463041138,182.05,50
1719463041235,182.05,25
1719463042187,180.45,25
1719463042658,180.65,25
1719463043177,180.65,25
1719463043879,179.7,25
1719463044341,181.6,25
1719463045042,181.8,150
1719463045150,181.4,25
1719463046176,180.75,25
1719463046268,181.2,25
1719463047133,181.05,150
1719463047627,181.65,25
1719463048161,181.6,25
1719463048619,181.4,25
1719463049161,181.65,50
1719463049886,180.3,75
1719463050197,180.5,25
1719463050881,180.05,75
1719463051150,180.55,50
1719463052200,178.8,75
1719463052294,178.85,50
1719463053199,177.9,25
1719463053892,177.6,50
1719463054134,177.75,25
1719463054844,178.35,25
1719463055162,177.9,100
1719463056173,178.15,350
1719463056296,178.85,25
1719463057384,178.45,50
1719463057684,177.5,25
1719463058192,177.15,100
1719463058905,176.05,25
1719463059187,177.05,50
1719463060106,176.65,350
1719463060195,176.9,25
1719463061197,176.85,25
1719463061463,177.75,50
1719463062185,178.4,100
1719463062871,178.0,25
1719463063193,177.95,400
1719463064177,177.55,25
1719463065134,176.8,25
1719463065509,175.95,25
1719463066196,176.5,50
1719463066890,175.8,100
1719463067172,175.95,50
1719463068196,177.95,25
1719463068324,178.55,175
1719463069163,177.85,175
1719463069638,177.45,50
1719463070046,178.55,50
1719463070928,179.05,50
1719463071185,179.1,100
1719463072177,179.1,250
1719463072321,178.95,25
1719463073183,178.15,25
1719463073709,177.7,25
1719463074148,177.5,200
1719463075121,177.75,50
1719463075166,177.95,25
1719463076037,177.9,25
1719463076527,178.3,25
1719463077093,178.4,25
1719463077681,178.3,25
1719463078192,179.0,25
1719463078914,178.35,25
1719463079192,178.0,200
1719463080098,177.3,25
1719463080370,176.75,25
1719463081197,177.0,25
1719463081720,178.1,25
1719463082192,177.7,25
1719463082921,178.2,75
1719463083192,178.35,25
1719463083938,178.95,25
1719463084211,180.6,50
1719463085210,180.85,75
1719463085539,180.9,25
1719463086337,179.95,50
1719463086908,179.35,25
1719463087186,179.55,25
1719463088125,180.45,25
1719463088207,180.15,25
1719463089143,178.25,200
1719463089541,178.15,50
1719463090198,178.65,25
1719463090942,179.4,25
1719463091132,179.4,200
1719463092299,179.6,50
1719463092389,179.7,75
1719463093203,178.75,25
1719463093725,179.6,25
1719463094150,179.75,25
1719463094925,180.5,50
1719463095110,180.7,25
1719463096203,181.15,25
1719463097146,180.95,50
1719463097737,180.45,75
1719463098203,180.4,25
1719463098855,179.65,125
1719463099119,179.1,25
1719463100332,179.65,50
1719463101122,180.0,25
1719463101663,180.0,100
1719463102209,180.5,25
1719463102960,180.75,25
1719463103126,180.3,25
1719463104228,180.0,75
1719463105207,180.2,25
1719463105340,180.3,75
1719463106214,180.3,25
1719463106753,180.95,25
1719463107188,181.0,25
1719463107963,179.5,75
1719463108176,179.8,100
1719463108963,179.55,50
1719463109186,179.85,25
1719463110166,178.6,25
1719463111186,180.15,25
1719463111513,179.9,75
1719463112199,179.05,25
1719463112751,178.5,25
1719463113205,179.05,25
1719463113733,179.4,275
1719463114161,178.3,75
1719463114923,177.7,25
1719463115130,177.65,25
1719463116229,178.15,75
1719463117191,178.3,25
1719463117560,178.85,25
1719463118239,179.9,1275
1719463118956,178.8,25
1719463119139,179.3,25
1719463120158,180.1,25
1719463121190,181.0,25
1719463121581,183.55,25
1719463122436,183.8,25
1719463123213,183.8,250
1719463124228,185.7,25
1719463124751,184.95,50
1719463125238,184.45,25
1719463126004,185.1,50
1719463126233,185.55,75
1719463127235,187.4,125
1719463127378,188.0,50
1719463128214,186.2,25
1719463129003,184.65,25
1719463129230,184.4,25
1719463130228,182.8,25
1719463131168,182.65,25
1719463131589,181.45,25
1719463132232,181.75,25
1719463132824,182.35,25
1719463133228,181.8,25
1719463133977,182.45,25
1719463134232,182.8,75
1719463135223,181.95,100
1719463135410,182.1,50
1719463136221,182.8,25
1719463136601,182.55,25
1719463137227,183.45,75
1719463137978,182.95,25
1719463138220,183.0,100
1719463139007,183.85,25
1719463139214,185.2,100
1719463140209,185.15,25
1719463140392,184.75,50
1719463141235,185.6,25
1719463141815,186.1,25
1719463142254,186.3,200
1719463143027,185.2,50
1719463143404,185.0,25
1719463144168,183.65,25
1719463144416,183.6,25
1719463145169,182.35,25
1719463145616,183.3,25
1719463146096,183.65,25
1719463146994,184.4,25
1719463147240,184.0,75
1719463148265,184.6,350
1719463149215,184.7,25
1719463149318,183.85,25
1719463150205,183.15,25
1719463150837,183.0,25
1719463151240,183.15,25
1719463152039,183.95,50
1719463152185,183.6,100
1719463153212,183.9,25
1719463154245,185.55,25
1719463154562,184.5,25
1719463155256,186.6,275
1719463155983,185.3,25
1719463156255,185.05,25
1719463157219,186.0,25
1719463158214,184.0,25
1719463158420,184.5,25
1719463159244,184.0,25
1719463159577,184.25,125
1719463160251,185.2,25
1719463160804,184.4,50
1719463161252,184.95,25
1719463161973,185.05,125
1719463162190,184.95,50
1719463163262,185.45,300
1719463164172,185.3,25
1719463164642,186.25,125
1719463165217,186.0,25
1719463165848,186.65,25
1719463166245,185.85,25
1719463167018,185.4,25
1719463167262,185.2,25
1719463168265,185.3,100
1719463169448,184.2,25
1719463170125,184.65,25
1719463170239,184.3,50
1719463170843,183.45,100
1719463171256,184.05,25
1719463171869,183.35,25
1719463172241,183.55,100
1719463172953,184.6,25
1719463173160,183.8,25
1719463174270,184.2,25
1719463175227,183.55,25
1719463175646,183.25,25
1719463176155,183.25,25
1719463176820,183.8,25
1719463177238,183.55,25
1719463178058,182.9,25
1719463178185,182.1,25
1719463179082,184.05,25
1719463179259,183.85,25
1719463180444,182.1,25
1719463180600,181.95,150
1719463181263,183.35,25
1719463182262,184.5,50
1719463183273,186.45,25
1719463183680,185.25,75
1719463184268,185.0,25
1719463185079,185.05,25
1719463185278,184.75,50
1719463186283,183.9,25
1719463187159,182.85,25
1719463187459,183.3,150
1719463188080,183.5,75
1719463188622,182.75,50
1719463189251,182.1,25
1719463189867,182.75,50
1719463190258,181.8,25
1719463191096,181.15,25
1719463191214,181.3,125
1719463192282,181.9,75
1719463192705,182.8,50
1719463193280,181.55,25
1719463193774,181.8,25
1719463194236,181.35,25
1719463195053,181.75,25
1719463195262,181.7,25
1719463196215,181.95,25
1719463196441,181.85,500
1719463197445,181.95,25
1719463197858,181.55,25
1719463198190,182.05,75
1719463199092,182.35,25
1719463199451,182.75,25
1719463200085,181.65,50
1719463200268,182.2,25
1719463200515,182.65,25
1719463201277,182.15,50
1719463201705,182.95,25
1719463202284,183.4,25
1719463203059,182.3,50
1719463203260,182.2,50
1719463204096,181.2,100
1719463204272,181.3,25
1719463205131,182.2,25
1719463205251,182.0,100
1719463206250,181.0,25
1719463206723,181.4,200
1719463207240,182.25,25
1719463207930,183.2,200
1719463208250,182.45,100
1719463209101,182.0,25
1719463209249,182.0,25
1719463210281,183.2,25
1719463210281,183.2,25
1719463211258,184.0,25
1719463211736,184.5,25
1719463212265,184.7,350
1719463212933,185.8,50
1719463213274,185.75,25
1719463214075,185.1,25
1719463214282,185.1,250
1719463215294,184.1,25
1719463215627,183.4,25
1719463216295,184.55,25
1719463217092,184.5,25
1719463217293,184.55,25
1719463218131,183.15,50
1719463218452,183.7,25
1719463219248,183.5,350
1719463219453,183.7,50
1719463220201,183.55,25
1719463220576,183.25,25
1719463221251,184.25,25
1719463221883,183.3,25
1719463222295,185.0,125
1719463222995,184.0,25
1719463223285,184.45,25
1719463224273,185.65,150
1719463225203,186.9,50
1719463225718,186.4,25
1719463226271,187.2,25
1719463227139,187.45,50
1719463227283,186.95,450
1719463228292,189.25,50
1719463228350,189.25,25
1719463229300,187.9,250
1719463229749,185.3,50
1719463230099,185.35,50
1719463230276,185.8,25
1719463230933,184.8,25
1719463231286,183.9,25
1719463232081,185.7,25
1719463232275,185.75,50
1719463233292,185.55,25
1719463233553,184.8,25
1719463234199,184.5,50
1719463234694,185.0,200
1719463235285,184.2,25
1719463235909,182.5,25
1719463236303,182.85,25
1719463237283,183.05,25
1719463238294,183.7,75
1719463238352,182.75,1450
1719463239298,183.45,25
1719463239722,182.85,50
1719463240310,183.2,25
1719463240914,182.95,25
1719463241105,182.7,200
1719463241957,182.25,25
1719463242180,182.0,25
1719463243167,181.75,25
1719463243304,181.9,50
1719463244154,181.7,25
1719463244308,181.55,25
1719463245284,182.2,25
1719463245550,182.5,25
1719463246306,183.2,25
1719463246656,183.7,25
1719463247307,183.4,50
1719463248096,182.9,25
1719463248312,183.05,25
1719463249363,183.3,275
1719463250266,182.65,25
1719463250785,182.65,25
1719463251319,183.0,25
1719463254270,183.2,200
1719463254969,182.95,50
1719463255313,183.1,25
1719463256137,183.4,275
1719463256262,183.35,150
1719463257119,182.4,175
1719463257225,182.6,50
1719463258401,181.5,50
1719463259301,181.55,50
1719463259840,182.25,25
1719463260091,181.85,250
1719463260315,181.0,25
1719463260922,181.55,50
1719463261311,182.2,275
1719463262188,184.7,50
1719463262317,185.45,25
1719463263319,183.8,50
1719463263319,183.8,50
1719463264284,182.45,25
1719463264771,182.8,25
1719463265294,183.7,25
1719463266124,183.95,25
1719463266299,184.0,25
1719463267101,184.0,25
1719463267298,183.8,50
1719463281200,189.7,25
1719463281331,189.95,25
1719463282319,189.5,100
1719463282636,189.4,150
1719463283312,188.5,300
1719463284023,187.95,25
1719463284311,187.25,25
1719463285337,186.35,25
1719463286337,186.4,200
1719463286440,186.35,50
1719463287325,186.6,25
1719463287852,185.7,25
1719463288313,185.0,125
1719463289030,185.55,25
1719463289321,186.7,25
1719463290250,186.6,25
1719463290337,186.65,125
1719463291381,187.1,50
1719463292308,186.8,25
1719463292645,187.55,25
1719463293300,186.45,50
1719463294047,186.7,225
1719463294227,186.55,100
1719463295052,187.25,25
1719463295306,187.1,25
1719463296225,187.75,75
1719463296331,187.05,400
1719463297275,186.95,25
1719463297552,187.1,25
1719463298321,188.7,50
1719463299061,188.5,25
1719463299295,188.35,200
1719463300258,187.95,25
1719463300347,189.25,150
1719463301341,188.3,25
1719463301428,188.3,50
1719463304324,187.25,50
1719463305058,186.7,50
1719463305326,186.55,25
1719463306237,186.5,25
1719463306475,186.6,25
1719463307352,185.7,50
1719463307651,185.9,50
1719463308321,186.9,50
1719463308866,186.3,50
1719463309353,186.2,25
1719463310067,185.8,75
1719463310348,185.15,350
1719463311342,186.3,25
1719463312328,188.0,25
1719463312473,187.1,25
1719463313315,188.95,100
1719463314034,187.85,25
1719463314361,187.55,25
1719463315279,187.75,200
1719463315340,187.8,75
1719463316312,187.2,50
1719463316656,188.05,25
1719463317351,187.0,300
1719463318079,187.0,150
1719463318543,186.8,300
1719463319255,186.55,25
1719463319359,186.25,25
1719463320099,186.9,75
1719463320345,187.15,25
1719463320449,186.85,25
1719463328943,186.95,50
1719463329311,187.4,25
1719463330337,187.6,25
1719463331297,186.2,25
1719463331297,186.2,25
1719463358373,191.4,50
1719463358541,190.8,50
1719463359367,190.85,50
1719463359748,191.0,25
1719463360347,191.85,25
1719463361166,192.0,25
1719463361386,191.7,50
1719463362362,190.4,25
1719463363361,188.6,75
1719463363964,188.5,25
1719463364342,189.5,25
1719463365160,189.85,25
1719463365374,189.6,200
1719463366354,189.5,25
1719463367388,189.35,25
1719463367717,189.25,25
1719463368365,189.35,25
1719463368960,190.45,25
1719463369322,190.5,25
1719463370173,190.55,75
1719463370359,190.55,25
1719463371379,190.55,25
1719463372382,191.15,50
1719463373324,190.3,25
1719463373730,191.05,50
1719463374351,191.4,50
1719463376360,190.7,25
1719463376571,190.0,50
1719463377336,191.05,475
1719463377584,191.2,25
1719463378373,190.05,25
1719463378982,189.9,50
1719463379376,188.65,50
1719463380173,187.7,25
1719463380347,188.0,75
1719463381368,186.65,150
1719463382370,186.0,25
1719463382996,185.4,25
1719463383395,185.25,25
1719463384372,185.35,50
1719463385383,186.3,125
1719463385995,186.0,25
1719463386386,186.6,25
1719463387394,187.65,25
1719463388339,186.75,125
1719463388600,186.4,25
1719463389337,186.05,25
1719463389971,186.45,25
1719463390381,186.4,25
1719463391373,185.3,25
1719463392391,184.95,25
1719463392591,185.05,25
1719463393387,185.05,25
1719463393856,184.95,25
1719463394397,185.0,25
1719463395000,184.1,25
1719463395374,184.05,25
1719463396223,184.1,25
1719463396349,183.8,25
1719463397396,184.0,75
1719463398405,183.4,25
1719463398588,183.45,25
1719463399335,184.25,150
1719463399995,184.8,50
1719463400380,184.15,25
1719463401139,183.8,25
1719463401402,183.65,25
1719463402220,183.8,25
1719463403190,184.15,100
1719463403541,183.95,175
1719463404389,182.3,25
1719463405210,183.6,50
1719463405386,183.75,25
1719463406375,181.9,175
1719463407611,179.5,25
1719463408004,179.65,50
1719463408407,179.95,25
1719463409387,179.1,25
1719463409640,178.4,50
1719463410104,177.6,175
1719463410407,177.45,25
1719463411221,177.3,75
1719463411583,178.55,100
1719463412428,179.0,25
1719463413391,178.65,25
1719463413648,179.05,75
1719463414374,180.3,375
1719463415029,179.55,75
1719463415396,179.1,50
1719463416245,179.35,25
1719463416615,178.75,50
1719463417386,178.65,50
1719463418393,177.6,50
1719463418627,178.0,100
1719463419398,178.65,100
1719463420254,177.55,50
1719463420298,177.8,50
1719463421461,178.0,25
1719463422402,177.3,50
1719463422610,177.4,25
1719463423415,177.15,50
1719463424061,176.1,25
1719463424423,177.35,25
1719463425464,176.9,25
1719463426382,176.85,25
1719463426595,177.25,25
1719463427480,176.6,50
1719463428270,172.65,25
1719463428807,169.35,75
1719463429419,168.7,50
1719463429876,168.5,25
1719463430421,170.9,100
1719463431455,170.95,400
1719463432614,168.45,25
1719463433286,166.05,50
1719463433431,166.3,25
1719463434420,169.0,25
1719463434880,168.85,25
1719463435412,168.85,250
1719463436478,169.25,350
1719463436567,169.2,25
1719463437413,169.2,25
1719463438027,169.55,25
1719463438374,169.8,25
1719463439571,168.95,25
1719463439571,168.95,25
1719463440104,169.6,25
1719463440431,170.35,25
1719463441287,170.65,100
1719463441411,170.5,25
1719463442608,172.35,25
1719463442878,171.05,225
1719463443400,172.6,75
1719463444269,173.4,50
1719463444412,173.2,50
1719463445493,173.35,50
1719463457433,174.1,25
1719463457484,173.4,275
1719463458436,174.4,25
1719463458692,174.5,25
1719463459432,173.2,50
1719463459910,173.05,50
1719463460424,173.35,50
1719463461319,171.8,250
1719463461418,171.9,50
1719463462411,172.1,25
1719463462674,172.25,75
1719463463366,173.1,25
1719463466420,172.55,200
1719463466688,172.45,50
1719463467432,173.65,25
1719463467904,173.35,25
1719463468426,174.2,100
1719463469294,174.15,25
1719463469424,174.3,25
1719463470092,174.6,50
1719463470421,176.1,75
1719463470704,176.5,25
1719463471391,176.9,25
1719463472131,176.9,25
1719463472434,177.0,400
1719463473532,176.85,25
1719463474417,177.55,75
1719463475143,176.85,25
1719463475453,176.4,50
1719463476514,177.0,25
1719463477443,177.4,25
1719463477530,176.8,75
1719463478409,175.6,125
1719463479142,174.3,25
1719463479385,174.55,25
1719463480417,173.4,25
1719463480509,173.3,50
1719463481434,172.65,25
1719463481530,172.55,50
1719463482420,172.8,25
1719463482942,172.35,50
1719463483620,171.65,25
1719463484319,172.25,50
1719463484429,172.6,50
1719463485352,171.65,50
1719463485439,171.2,150
1719463486440,172.4,100
1719463486476,172.1,250
1719463487411,171.25,150
1719463487754,172.0,75
1719463488451,172.0,25
1719463489134,171.2,250
1719463489433,171.95,75
1719463491450,170.35,50
1719463491514,170.6,25
1719463492432,170.2,50
1719463492962,170.5,25
1719463493536,171.15,25
1719463495444,170.0,1650
1719463495550,170.25,150
1719463496445,170.7,25
1719463496762,170.3,25
1719463497463,171.15,25
1719463498170,171.6,50
1719463498444,171.55,25
1719463499459,170.4,25
1719463500001,171.35,50
1719463500459,171.35,25
1719463500526,171.55,25
1719463501531,171.35,25
1719463502408,171.25,50
1719463502624,171.2,25
1719463503460,171.5,25
1719463504159,170.9,50
1719463504437,170.75,50
1719463505457,171.2,25
1719463505534,170.9,25
1719463506464,167.5,100
1719463506576,167.3,25
1719463507457,168.3,100
1719463508180,169.55,25
1719463508459,169.35,25
1719463509464,171.05,25
1719463509568,170.7,25
1719463510444,169.3,25
1719463510961,168.65,50
1719463511462,168.3,25
1719463512335,167.25,25
1719463512638,167.3,50
1719463513439,168.7,200
1719463513943,168.25,25
1719463514445,168.0,25
1719463515210,167.8,25
1719463515428,168.05,75
1719463516581,167.2,25
1719463517445,167.55,125
1719463517800,167.6,75
1719463518474,167.85,25
1719463519170,168.2,25
1719463519448,168.45,25
1719463520411,170.0,25
1719463521382,170.05,50
1719463522574,171.05,50
1719463523461,171.8,50
1719463523989,172.85,25
1719463524448,171.85,25
1719463525359,173.5,25
1719463525458,173.5,200
1719463526462,173.0,150
1719463526594,173.25,25
1719463527427,173.2,25
1719463527738,173.6,25
1719463528461,173.25,50
1719463529224,173.55,25
1719463529484,174.05,50
1719463530044,174.05,100
1719463530368,174.8,50
1719463530592,175.3,25
1719463531661,175.85,175
1719463531997,176.2,200
1719463532477,177.1,25
1719463533490,174.8,25
1719463534477,175.6,50
1719463534628,175.4,25
1719463535437,175.6,25
1719463536012,175.85,25
1719463536484,176.05,25
1719463537494,177.35,250
1719463537642,177.5,50
1719463538671,178.25,50
1719463538805,177.55,25
1719463539475,177.25,25
1719463539992,176.85,25
1719463540496,176.95,25
1719463541474,177.0,50
1719463542490,176.35,25
1719463542613,176.15,375
1719463543432,177.0,1725
1719463543822,177.0,250
1719463544485,176.5,25
1719463545186,177.0,25
1719463545442,176.85,50
1719463546336,178.0,25
1719463546489,178.25,25
1719463547411,177.55,25
1719463547792,177.8,300
1719463548482,177.7,25
1719463549038,179.0,25
1719463549467,179.1,100
1719463550450,179.95,125
1719463551481,179.25,200
1719463552056,179.0,75
1719463552680,178.3,50
1719463553494,177.95,50
1719463553657,177.25,25
1719463554488,176.55,25
1719463554832,175.8,50
1719463555473,175.55,25
1719463556223,176.15,25
1719463556484,176.2,350
1719463557480,175.55,25
1719463557626,175.6,25
1719463558473,176.2,25
1719463558866,175.9,25
1719463559389,176.25,50
1719463560066,175.8,100
1719463560066,175.8,100
1719463560484,175.15,25
1719463561270,175.15,50
1719463561449,174.6,25
1719463562475,175.4,25
1719463563420,175.45,100
1719463563594,175.85,25
1719463564441,173.85,50
1719463564636,173.5,25
1719463565487,174.35,25
1719463566013,174.1,75
1719463566493,173.4,25
1719463567491,172.7,25
1719463568421,173.55,25
1719463568599,173.35,25
1719463569502,172.55,25
1719463569806,172.45,25
1719463570448,172.25,25
1719463571167,172.25,25
1719463571476,171.95,25
1719463572499,172.15,50
1719463572696,172.3,50
1719463573442,170.5,25
1719463573859,170.9,25
1719463574516,171.45,25
1719463575026,170.95,25
1719463575486,171.65,25
1719463576459,170.95,50
1719463577372,171.6,25
1719463577646,171.25,100
1719463578367,170.65,50
1719463579303,170.25,25
1719463579436,170.35,175
1719463580383,169.9,25
1719463581456,170.15,25
1719463581620,169.8,25
1719463582505,169.35,200
1719463583070,169.4,175
1719463583502,168.8,25
1719463584285,168.3,25
1719463584505,167.8,75
1719463585497,167.3,25
1719463585686,167.15,125
1719463586515,168.2,25
1719463586697,168.9,25
1719463587486,169.3,25
1719463587893,169.9,100
1719463588444,169.5,200
1719463589517,169.85,150
1719463590106,169.95,25
1719463590494,170.4,150
1719463591479,170.35,50
1719463591652,170.3,50
1719463592493,169.05,25
1719463592901,169.1,25
1719463593489,169.95,25
1719463594126,169.45,125
1719463594511,169.1,75
1719463595238,169.25,175
1719463595419,169.8,300
1719463596511,168.6,25
1719463596679,168.75,25
1719463597480,168.55,25
1719463597645,168.5,100
1719463598490,168.6,25
1719463598918,167.95,25
1719463599489,168.15,25
1719463600286,169.4,50
1719463600524,168.55,25
1719463601535,167.95,25
1719463602657,169.45,250
1719463602722,169.85,25
1719463603509,171.15,50
1719463604141,172.65,350
1719463604494,173.4,100
1719463605492,175.0,75
1719463605764,174.9,50
1719463606441,174.4,250
1719463607126,174.0,25
1719463607505,174.5,25
1719463608439,174.45,25
1719463608721,174.4,25
1719463609475,172.65,50
1719463610111,173.1,25
1719463611562,172.7,25
1719463612672,172.6,25
1719463613472,172.0,25
1719463614121,172.15,25
1719463614513,171.75,50
1719463615279,171.7,25
1719463615492,172.4,50
1719463616424,172.5,50
1719463616755,172.95,100
1719463617504,173.25,50
1719463617769,173.3,25
1719463618479,172.35,25
1719463619349,171.65,25
1719463619467,171.3,25
1719463620103,170.5,50
1719463620476,171.3,50
1719463620597,171.45,25
1719463621463,170.1,25
1719463621856,169.3,50
1719463622540,169.9,75
1719463623502,168.65,25
1719463623502,168.65,25
1719463624524,169.15,50
1719463624734,169.15,25
1719463625470,168.15,25
1719463625958,168.0,50
1719463626485,168.4,100
1719463627181,169.3,175
1719463627524,168.75,25
1719463628504,169.7,100
1719463629408,169.75,25
1719463629762,170.2,25
1719463630535,171.25,75
1719463631172,170.5,25
1719463631517,170.75,25
1719463632526,169.6,25
1719463632526,169.6,25
1719463633414,170.95,25
1719463633790,171.0,25
1719463634534,170.65,150
1719463635074,170.2,25
1719463635540,170.3,275
1719463636535,170.85,250
1719463637474,172.75,25
1719463637776,172.2,25
1719463638474,171.25,25
1719463638789,171.1,50
1719463639545,171.95,150
1719463639998,172.3,25
1719463640499,172.65,25
1719463641350,173.4,50
1719463641529,173.4,75
1719463642347,173.5,25
1719463642513,173.95,250
1719463643540,173.25,25
1719463644527,173.25,25
1719463644797,173.6,200
1719463645546,174.45,50
1719463645976,173.3,25
1719463646399,173.55,25
1719463647190,172.45,100
1719463647509,172.05,25
1719463664542,168.25,25
1719463665244,167.95,25
1719463665518,167.9,25
1719463666482,168.1,50
1719463666748,168.4,25
1719463667533,167.95,150
1719463667839,168.0,25
1719463668570,166.95,25
1719463669025,166.6,25
1719463669720,167.2,400
1719463670244,167.0,250
1719463670559,166.8,25
1719463671428,166.75,25
1719463671540,167.35,25
1719463672548,168.35,25
1719463672602,168.85,100
1719463673569,170.85,25
1719463673851,170.65,25
1719463674459,171.35,75
1719463675012,170.2,100
1719463675500,168.95,25
1719463676394,168.0,275
1719463676394,168.0,275
1719463677544,169.15,25
1719463678550,169.65,250
1719463678966,168.55,25
1719463679535,169.15,25
1719463680011,168.35,125
1719463680271,168.65,25
1719463680539,168.7,25
1719463681380,168.35,75
1719463681849,168.95,25
1719463682561,168.35,25
1719463683261,168.6,25
1719463683566,169.55,25
1719463684387,168.25,25
1719463684557,168.45,50
1719463685558,168.75,25
1719463685763,168.4,75
1719463686520,169.0,25
1719463687437,168.95,50
1719463687501,168.95,25
1719463688561,169.55,25
1719463688655,169.3,50
1719463748604,173.3,75
1719463749587,173.6,50
1719463749716,173.15,25
1719463750617,172.75,25
1719463750617,172.75,25
1719463751599,174.1,25
1719463752339,175.2,25
1719463752578,175.5,25
1719463753502,174.7,125
1719463753956,174.9,25
1719463755285,174.15,25
1719463755561,174.0,50
1719463756460,174.1,50
1719463761620,178.25,25
1719463761964,178.65,75
1719463762627,178.65,25
1719463763630,178.8,75
1719463764617,177.8,25
1719463764903,177.45,25
1719463765622,178.1,25
1719463766357,175.35,150
1719463766620,175.6,25
1719463767570,175.35,50
1719463767763,174.8,25
1719463768599,175.15,50
1719463769149,175.5,100
1719463769557,175.5,50
1719463770096,175.45,25
1719463770519,175.45,25
1719463770716,175.75,50
1719463776623,178.25,25
1719463776787,179.0,150
1719463777616,178.95,50
1719463777904,178.3,25
1719463778557,177.5,100
1719463779103,178.45,25
1719463779485,178.95,75
1719463780381,177.55,75
1719463780624,177.1,300
1719463781761,177.0,25
1719463781804,177.15,50
1719463782574,177.75,25
1719463782964,177.0,50
1719463783636,177.65,50
1719463783953,177.55,25
1719463784630,177.35,25
1719463785182,177.25,50
1719463785470,177.0,100
1719463786583,177.25,25
1719463786583,177.25,25
1719463787626,177.55,50
1719463787805,177.6,50
1719463788438,176.85,25
1719463788880,177.3,150
1719463789603,177.0,50
1719463790008,177.45,25
1719463790640,178.7,25
1719463791206,178.7,25
1719463791619,178.6,25
1719463792643,177.45,25
1719463793638,179.0,25
1719463793811,178.65,100
1719463794640,179.0,25
1719463794799,178.6,50
1719463795606,179.25,25
1719463795813,179.05,25
1719463796627,178.75,100
1719463796894,178.5,25
1719463797630,177.8,25
1719463797900,178.35,25
1719463798576,178.15,25
1719463799204,178.2,25
1719463799659,177.85,25
1719463800049,177.9,25
1719463800506,177.8,25
1719463801579,177.25,25
1719463802009,178.1,25
1719463802648,177.5,200
1719463802865,176.6,25
1719463803601,176.45,25
1719463804232,177.6,25
1719463804620,177.85,25
1719463805627,176.5,25
1719463805750,176.5,25
1719463806530,176.15,25
1719463806727,176.1,25
1719463807618,177.2,50
1719463807968,177.1,25
1719463808618,177.05,25
1719463808978,177.2,25
1719463809481,176.65,25
1719463810612,177.7,100
1719463810778,178.15,25
1719463811613,178.05,25
1719463811996,178.15,25
1719463812560,178.0,125
1719463815636,181.35,75
1719463815834,181.6,25
1719463816640,181.65,50
1719463817054,180.85,25
1719463817643,179.55,25
1719463818441,179.8,25
1719463818652,178.95,50
1719463819629,179.15,25
1719463819807,179.65,125
1719463820587,178.3,250
1719463821008,179.15,25
1719463821547,178.6,25
1719463821939,179.2,50
1719463822601,178.95,50
1719463823466,179.4,25
1719463823562,179.55,75
1719463824664,180.0,25
1719463825662,180.15,225
1719463825856,180.2,25
1719463826668,179.7,50
1719463827074,179.65,25
1719463827642,178.0,150
1719463828106,178.4,25
1719463828640,177.95,25
1719463829576,177.45,50
1719463830117,175.45,50
1719463830677,176.35,50
1719463831045,176.3,25
1719463831654,177.35,175
1719463831956,177.75,75
1719463832653,178.5,75
1719463833438,178.15,25
1719463833614,178.2,50
1719463834643,177.0,50
1719463834885,177.35,50
1719463835664,177.5,25
1719463835959,177.65,25
1719463836845,177.8,50
1719463836994,177.65,75
1719463837642,176.55,25
1719463838056,175.9,25
1719463838622,176.85,25
1719463839261,176.75,200
1719463839656,176.2,25
1719463840400,176.4,25
1719463841641,175.5,25
1719463841887,175.65,25
1719463842680,175.15,25
1719463843085,174.4,50
1719463843622,174.0,25
1719463844389,173.9,100
1719463844607,174.4,25
1719463845619,174.7,50
1719463845726,174.3,75
1719463846664,175.2,350
1719463847263,175.25,25
1719463847593,175.25,25
1719463848480,175.25,25
1719463848621,175.65,50
1719463849592,174.95,25
1719463849592,174.95,25
1719463850384,174.8,25
1719463851004,174.55,25
1719463851523,174.25,25
1719463852260,174.85,25
1719463852587,174.9,25
1719463853506,174.05,25
1719463853784,174.55,25
1719463854660,173.85,25
1719463855221,173.95,75
1719463855572,173.4,50
1719463856916,174.05,100
1719463857608,173.75,25
1719463858119,175.15,25
1719463858599,174.4,25
1719463859632,177.2,25
1719463860044,178.1,25
1719463860604,178.85,100
1719463861518,178.05,25
1719463861866,178.0,25
1719463862614,179.45,25
1719463862858,179.3,50
1719463863669,178.4,175
1719463864242,178.75,25
1719463864578,178.5,25
1719463865692,178.1,100
1719463866669,176.9,25
1719463866927,176.5,25
1719463867518,176.7,25
1719463868012,176.55,50
1719463868646,176.7,75
1719463869310,176.1,75
1719463869648,176.9,25
1719463870612,177.25,50
1719463871703,177.45,50
1719463872003,177.6,25
1719463872646,178.0,25
1719463873133,177.55,25
1719463873470,177.4,25
1719463874202,177.75,25
1719463874681,177.4,25
1719463875642,176.25,25
1719463875699,176.4,25
1719463876681,175.7,25
1719463877622,177.45,25
1719463877901,177.75,25
1719463879333,178.1,50
1719463879697,178.25,350
1719463880505,178.35,50
1719463880699,178.8,150
1719463881659,179.15,25
1719463881898,179.0,25
1719463925320,178.3,25
1719463925716,178.25,25
1719463926798,178.45,25
1719463927685,178.9,25
1719463928105,178.55,50
1719463928545,178.15,100
1719463929418,178.05,25
1719463929525,177.8,25
1719463930704,179.0,25
1719463930804,179.25,75
1719463931622,178.8,25
1719463932165,179.6,25
1719463932639,179.7,25
1719463933194,179.6,25
1719463933689,180.5,50
1719463934056,180.3,50
1719463934637,180.6,25
1719463935777,183.55,25
1719463936718,181.2,75
1719463936820,181.15,75
1719463937728,179.15,25
1719463938043,179.7,25
1719463938623,180.35,25
1719463939408,179.95,25
1719463944597,179.2,50
1719463944684,179.35,25
1719463945645,178.9,25
1719463946714,179.4,25
1719463946750,179.05,275
1719463947472,179.15,100
1719463947929,179.1,300
1719463948711,178.85,50
1719463948991,178.55,25
1719463949408,178.75,325
1719463952470,178.2,600
1719463952470,178.2,600
1719463953835,177.9,350
1719463954677,178.15,25
1719463955237,177.0,25
1719463955729,177.15,250
1719463956212,176.6,75
1719463956742,176.0,25
1719463957642,176.0,25
1719463957859,175.95,125
1719463958668,175.2,50
1719463959020,175.25,50
1719463959658,176.1,100
1719463960044,175.9,25
1719463960707,175.05,25
1719463961107,174.55,25
1719463961716,174.1,25
1719463962094,174.3,25
1719463962731,174.9,250
1719463963448,174.85,25
1719463963669,174.6,25
1719463964422,174.5,100
1719463964630,174.65,25
1719463965539,176.1,75
1719463965743,176.0,50
1719463966608,175.75,25
1719463966755,176.15,25
1719463967707,177.8,25
1719463968131,177.45,25
1719463968656,176.4,75
1719463969244,176.05,25
1719463969639,175.6,25
1719463970250,176.25,50
1719463970250,176.25,50
1719463971422,175.8,25
1719463971710,175.45,75
1719463972425,175.7,50
1719463972679,176.15,75
1719463973600,175.35,25
1719463973803,175.4,50
1719463974610,175.6,25
1719463974874,175.65,25
1719463975754,175.75,25
1719463975875,175.75,50
1719463976690,175.7,125
1719463976951,176.1,225
1719463977687,176.45,25
1719463977870,176.35,75
1719463978749,176.5,25
1719463979263,177.15,50
1719463979735,177.95,50
1719463980124,178.35,25
1719463980444,177.85,25
1719463980768,178.0,25
1719463981870,177.65,75
1719463982687,177.4,75
1719463982938,177.7,25
1719463983718,178.05,125
1719463984226,177.05,50
1719463984750,176.35,25
1719463985752,177.35,25
1719463985752,177.35,25
1719463986558,176.65,400
1719463987055,176.7,25
1719463987631,176.8,100
1719463988294,176.15,50
1719463988607,176.2,25
1719463989194,175.8,100
1719463989564,176.25,100
1719463990495,175.7,25
1719463990737,176.0,200
1719463991747,176.2,25
1719463991747,176.2,25
1719463992753,176.35,25
1719463993080,176.5,25
1719463993700,175.1,50
1719463993700,175.1,50
1719463994753,175.0,150
1719463995260,174.9,25
1719463995761,175.4,25
1719463996587,175.8,25
1719463996770,175.6,25
1719463997704,174.7,25
1719463998021,175.5,375
1719463998752,175.0,25
1719463999697,174.15,25
1719463999697,174.15,25
1719464000894,172.8,25
1719464001101,173.05,25
1719464001717,173.0,75
1719464002694,175.0,100
1719464002745,174.75,25
1719464004324,173.3,25
1719464004624,173.75,125
1719464005279,173.0,50
1719464005767,172.9,50
1719464006526,172.6,25
1719464006767,172.95,25
1719464007744,173.5,25
1719464007926,173.15,25
1719464008769,173.35,75
1719464008769,173.35,75
1719464009719,173.25,25
1719464010106,173.3,25
1719464010129,173.55,50
1719464010726,173.6,25
1719464011118,173.95,25
1719464011660,172.95,25
1719464012339,172.95,150
1719464012687,172.95,50
1719464013341,173.1,25
1719464013733,172.65,175
1719464015507,173.3,50
1719464016723,173.5,25
1719464017755,174.2,25
1719464018098,174.4,25
1719464018741,174.85,25
1719464019001,174.65,400
1719464019762,174.35,50
1719464020360,174.45,25
1719464020737,174.5,25
1719464021564,176.05,25
1719464021781,175.75,25
1719464022774,177.05,25
1719464022914,176.9,25
1719464023728,175.95,25
1719464023968,176.25,125
1719464025088,175.1,25
1719464025544,174.9,75
1719464026190,174.45,25
1719464026705,174.3,350
1719464027232,174.0,875
1719464027894,174.25,25
1719464028770,174.05,25
1719464028884,173.95,25
1719464029777,174.2,25
1719464030110,174.45,50
1719464030721,174.6,25
1719464031329,174.0,50
1719464031703,173.95,25
1719464032326,174.0,50
1719464032789,173.55,250
1719464033172,173.1,25
1719464033749,173.45,25
1719464034683,173.3,25
1719464035790,172.75,25
1719464035956,172.75,25
1719464036659,172.55,25
1719464037123,172.4,75
1719464037762,172.45,225
1719464038109,172.4,50
1719464038786,172.1,25
1719464039541,171.7,50
1719464039722,171.5,25
1719464040107,171.8,25
1719464040737,171.15,75
1719464040946,171.9,25
1719464041793,171.7,50
1719464042322,171.35,50
1719464042757,171.35,25
1719464043498,171.1,75
1719464043653,171.05,50
1719464044753,169.95,25
1719464044911,169.9,25
1719464045787,170.65,50
1719464046354,170.85,50
1719464046722,170.7,100
1719464047749,170.8,25
1719464048774,170.3,50
1719464048946,170.35,100
1719464049791,170.1,25
1719464049962,170.05,25
1719464050789,169.35,25
1719464051183,169.25,75
1719464051793,169.8,25
1719464052188,169.6,200
1719464052781,169.65,75
1719464053361,169.4,125
1719464053745,168.95,75
1719464054331,171.05,25
1719464054790,171.5,25
1719464055407,171.8,125
1719464055804,172.1,100
1719464056757,173.0,25
1719464057701,173.25,50
1719464058212,173.25,75
1719464058778,172.45,25
1719464059328,172.45,25
1719464059738,172.55,25
1719464060620,171.2,25
1719464060809,171.25,50
1719464061658,171.15,25
1719464061968,170.9,25
1719464062548,170.35,75
1719464063030,169.9,75
1719464063810,169.6,25
1719464064408,168.9,75
1719464074202,169.6,25
1719464074805,169.05,25
1719464075425,169.45,25
1719464075781,169.0,25
1719464076378,169.6,25
1719464076783,169.3,125
1719464077606,170.2,25
1719464077744,170.05,25
1719464078641,169.2,25
1719464079237,169.45,25
1719464079790,169.2,25
1719464080786,169.2,25
1719464081814,169.0,100
1719464082164,168.7,25
1719464082823,168.65,25
1719464083191,168.55,25
1719464083807,167.9,50
1719464084457,167.85,25
1719464084826,167.2,50
1719464088422,166.9,25
1719464088764,166.6,25
1719464089456,167.6,25
1719464089793,167.65,25
1719464090821,167.8,25
1719464091026,167.7,25
1719464092001,167.95,25
1719464092258,168.7,25
1719464092780,170.0,50
1719464093373,170.55,25
1719464093790,170.8,25
1719464094615,173.0,250
1719464094834,173.4,25
1719464095658,171.45,50
1719464095835,171.6,275
1719464096835,172.35,175
1719464097804,172.3,50
1719464098073,172.15,25
1719464098804,171.1,50
1719464099212,170.8,25
1719464099767,170.0,50
1719464100046,170.4,25
1719464100397,170.6,50
1719464100807,170.45,25
1719464101848,171.45,25
1719464102436,171.8,25
1719464103223,171.85,25
1719464120796,173.15,25
1719464121469,173.25,25
1719464121847,173.95,125
1719464122387,172.65,25
1719464122766,173.0,225
1719464123650,172.1,25
1719464123828,171.45,50
1719464124808,172.05,25
1719464125094,172.1,50
1719464125835,172.45,25
1719464126285,172.5,25
1719464126809,172.45,25
1719464127474,172.3,25
1719464127737,172.1,25
1719464128666,172.1,25
1719464128756,172.05,25
1719464129783,172.55,25
1719464130116,172.6,25
1719464130662,172.8,25
1719464131082,172.85,25
1719464167447,171.2,50
1719464167837,171.5,50
1719464168550,171.6,650
1719464168762,171.85,50
1719464169722,172.5,375
1719464169833,172.1,75
1719464170828,172.15,25
1719464170828,172.15,25
1719464171638,172.9,25
1719464171950,172.9,50
1719464172787,172.35,25
1719464173157,172.3,25
1719464173847,172.4,25
1719464173877,171.9,200
1719464174828,172.45,50
1719464175305,172.0,175
1719464175876,171.85,50
1719464176745,170.35,25
1719464177066,170.55,75
1719464177868,170.9,25
1719464178355,171.45,25
1719464178881,171.95,25
1719464179195,171.4,25
1719464179786,171.5,25
1719464180487,172.35,25
1719464180813,172.9,175
1719464181781,173.4,25
1719464181847,173.05,25
1719464182792,173.25,150
1719464183110,172.95,25
1719464183831,173.8,25
1719464205256,172.5,50
1719464205838,172.95,25
1719464206892,172.55,25
1719464206919,172.6,25
1719464207829,173.35,25
1719464208396,173.65,25
1719464208693,173.4,25
1719464209613,173.3,100
1719464209713,173.7,25
1719464210621,174.45,25
1719464210838,174.05,25
1719464211898,173.7,25
1719464212023,173.75,25
1719464212734,173.4,25
1719464213419,173.2,50
1719464213887,172.65,25
1719464214377,173.1,75
1719464214836,173.5,25
1719464215369,173.3,200
1719464215908,173.05,50
1719464216623,173.8,25
1719464216858,173.85,100
1719464217770,174.65,25
1719464218034,174.8,25
1719464218862,175.15,200
1719464219353,176.8,150
1719464220082,177.1,25
1719464220619,177.45,25
1719464220850,177.6,100
1719464221860,176.95,25
1719464222055,176.75,525
1719464222803,176.9,25
1719464223205,177.35,75
1719464223827,177.85,25
1719464224637,177.45,175
1719464224895,177.05,50
1719464225703,177.15,25
1719464225891,177.75,25
1719464227040,178.75,25
1719464228420,180.0,100
1719464228908,180.5,225
1719464229851,180.55,25
1719464230108,180.9,25
1719464230867,182.2,25
1719464231249,182.3,50
1719464232432,182.4,25
1719464232895,180.7,25
1719464233632,180.65,200
1719464233916,180.95,225
1719464234913,180.9,25
1719464235885,180.75,25
1719464236057,181.1,150
1719464236853,180.85,25
1719464237475,180.85,25
1719464237910,181.65,150
1719464238482,182.4,25
1719464238822,181.35,100
1719464239625,181.25,25
1719464239914,181.2,25
1719464240662,181.3,50
1719464240905,181.05,175
1719464241913,181.4,25
1719464242844,180.7,50
1719464243047,181.0,25
1719464243848,181.0,25
1719464244386,181.75,25
1719464244898,181.8,50
1719464245651,182.1,100
1719464245910,181.7,100
1719464246676,182.1,25
1719464247097,185.35,50
1719464247908,184.5,25
1719464248910,189.7,25
1719464249433,190.8,25
1719464250101,187.85,225
1719464250930,188.35,25
1719464251295,190.35,75
1719464251901,188.2,125
1719464252483,188.85,50
1719464252908,189.25,75
1719464253690,190.9,25
1719464253886,191.25,50
1719464254927,191.1,25
1719464255303,189.75,175
1719464255940,190.3,50
1719464256419,189.0,75
1719464256943,189.6,25
1719464257690,190.75,25
1719464257934,190.4,25
1719464260098,190.0,50
1719464260505,189.75,50
1719464260924,189.75,150
1719464261689,189.95,150
1719464261889,190.45,50
1719464262925,189.9,150
1719464263089,190.0,25
1719464263918,190.6,25
1719464264307,190.8,100
1719464264909,190.3,25
1719464265497,191.2,25
1719464265897,191.2,25
1719464266681,190.5,200
1719464266945,189.9,50
1719464267899,190.3,25
1719464267987,191.1,25
1719464269125,190.85,100
1719464269287,190.7,225
1719464269930,191.7,25
1719464270461,191.1,25
1719464270898,190.6,50
1719464271722,189.8,75
1719464271907,190.0,50
1719464272725,188.85,100
1719464272918,190.15,125
1719464273925,189.5,150
1719464274080,189.1,50
1719464274889,188.75,50
1719464275278,188.65,25
1719464291939,191.6,100
1719464292937,193.4,325
1719464293530,192.6,25
1719464293923,192.8,50
1719464294747,193.15,25
1719464294907,193.3,75
1719464295762,191.85,25
1719464295933,191.95,50
1719464296969,191.05,25
1719464297945,190.85,225
1719464298152,191.45,50
1719464298926,192.3,25
1719464299349,192.85,100
1719464299932,192.5,25
1719464300361,191.95,50
1719464300946,191.85,50
1719464301574,191.85,25
1719464301958,191.65,25
1719464302714,191.75,25
1719464302935,191.6,25
1719464303758,192.05,25
1719464303948,192.05,50
1719464304950,191.85,25
1719464305177,192.3,25
1719464305936,191.75,25
1719464306530,191.3,25
1719464306934,191.2,25
1719464307755,193.35,50
1719464307951,192.1,175
1719464308972,192.8,25
1719464309917,194.35,25
1719464310081,194.2,25
1719464310381,196.55,50
1719464310952,195.05,25
1719464311588,195.25,100
1719464311958,194.7,25
1719464312780,195.55,50
1719464312955,195.65,50
1719464313986,195.45,150
1719464315176,197.1,25
1719464315356,197.15,25
1719464315933,196.35,25
1719464316566,196.15,25
1719464316910,197.85,50
1719464317805,197.45,75
1719464317913,197.3,25
1719464318990,196.8,25
1719464319965,197.5,475
1719464320185,197.2,25
1719464320968,197.4,175
1719464321603,198.15,25
1719464321945,197.95,50
1719464322794,197.8,100
1719464322937,197.2,25
1719464323972,198.9,125
1719464324181,198.3,50
1719464324973,197.75,75
1719464325611,196.45,25
1719464325961,196.85,25
1719464326597,197.9,75
1719464326971,197.2,25
1719464327813,194.85,25
1719464327968,194.7,25
1719464328807,193.45,25
1719464328961,193.2,25
1719464330015,191.25,50
1719464330976,193.95,25
1719464331166,194.05,200
1719464366989,195.8,75
1719464367255,195.3,100
1719464367975,195.05,25
1719464368437,195.15,100
1719464368999,195.0,25
1719464369655,195.0,25
1719464369977,195.0,25
1719464370056,195.0,25
1719464370936,195.65,25
1719464371946,195.6,50
1719464372024,194.85,25
1719464372972,195.15,25
1719464373199,196.05,25
1719464377930,195.1,25
1719464378094,195.6,25
1719464379080,194.45,250
1719464379956,194.3,50
1719464380240,194.35,125
1719464380988,195.05,75
1719464381471,195.1,50
1719464381986,195.0,25
1719464382691,195.7,25
1719464382969,195.3,75
1719464383878,194.55,25
1719464383992,194.4,150
1719464384729,193.45,100
1719464384995,193.55,25
1719464386004,192.7,25
1719464386096,192.6,25
1719464387002,192.75,25
1719464387405,192.6,25
1719464388041,192.3,25
1719464388972,193.9,75
1719464389973,194.0,25
1719464390085,193.9,100
1719464391004,194.1,50
1719464391266,195.0,200
1719464391962,195.3,25
1719464392714,194.0,250
1719464392922,194.0,25
1719464393670,194.75,300
1719464393998,195.15,25
1719464395046,194.45,25
1719464395972,194.9,150
1719464396261,194.65,50
1719464397867,195.3,25
1719464398985,196.45,125
1719464399989,195.4,25
1719464400120,195.45,25
1719464400505,195.2,25
1719464400984,194.1,50
1719464401721,194.05,25
1719464402158,192.85,25
1719464402895,192.55,25
1719464403009,192.1,25
1719464404124,193.65,150
1719464405022,194.35,25
1719464405379,195.05,25
1719464405949,196.05,25
1719464406830,195.75,75
1719464407024,195.65,25
1719464408022,194.8,25
1719464408992,195.95,25
1719464409116,194.85,100
1719464409944,195.95,25
1719464410521,194.6,100
1719464411012,194.15,225
1719464411746,194.3,50
1719464411964,194.05,25
1719464412799,193.75,100
1719464413003,193.5,200
1719464414007,193.15,175
1719464414070,193.2,25
1719464414974,193.7,200
1719464415343,193.95,25
1719464415989,194.15,50
1719464416550,193.85,200
1719464416950,193.3,25
1719464417766,194.4,100
1719464417963,194.05,125
1719464418956,194.5,25
1719464419018,195.1,25
1719464420013,196.0,75
1719464420013,196.0,75
1719464420999,194.8,150
1719464421141,194.85,25
1719464422004,194.4,25
1719464422387,194.4,50
1719464423010,194.4,50
1719464423756,193.9,50
1719464423965,194.15,250
1719464424751,194.65,25
1719464425026,194.55,25
1719464426038,196.0,25
1719464427016,194.9,25
1719464428160,195.0,450
1719464429025,195.15,25
1719464429523,195.15,100
1719464430000,194.65,25
1719464430082,194.4,150
1719464430755,194.25,25
1719464431001,194.85,25
1719464431716,195.0,100
1719464432000,194.7,25
1719464433034,195.2,25
1719464434009,195.95,25
1719464434334,196.35,75
1719464435007,195.95,25
1719464435571,197.55,375
1719464436009,195.9,200
1719464436963,195.65,200
1719464437043,196.0,25
1719464438025,197.8,25
1719464438170,197.6,25
1719464439029,198.2,100
1719464439383,196.9,25
1719464440024,198.55,50
1719464440561,198.35,50
1719464441000,197.65,50
1719464442029,198.2,25
1719464442971,197.25,100
1719464443037,197.65,50
1719464444018,196.1,50
1719464445029,196.55,25
1719464445180,196.2,25
1719464446005,196.95,50
1719464446570,196.65,25
1719464447035,195.85,100
1719464447586,194.75,75
1719464448000,194.4,400
1719464448578,196.0,25
1719464449038,195.85,25
1719464450007,196.0,25
1719464451009,196.25,25
1719464453000,196.3,25
1719464453597,194.5,25
1719464458620,194.4,25
1719464459048,194.2,25
1719464460042,194.15,25
1719464460042,194.15,25
1719464461121,193.15,25
1719464462043,192.4,100
1719464462413,193.35,175
1719464463041,191.55,25
1719464463589,191.0,25
1719464464040,189.95,75
1719464464823,190.7,25
1719464465052,190.2,25
1719464466046,190.7,25
1719464467045,191.55,25
1719464467412,191.45,25
1719464468053,190.9,25
1719464468567,190.4,50
1719464469014,191.3,50
1719464469818,191.9,50
1719464470000,192.75,400
1719464470831,192.15,25
1719464471000,192.1,25
1719464472023,192.45,75
1719464473019,192.5,250
1719464473226,192.25,25
1719464474042,194.6,25
1719464474418,194.25,75
1719464475000,193.4,25
1719464475641,193.45,25
1719464476034,193.95,150
1719464476807,193.15,75
1719464477040,192.9,175
1719464478023,192.7,25
1719464479043,192.0,25
1719464480000,191.25,25
1719464480236,190.85,25
1719464481255,190.3,75
1719464481434,190.05,50
1719464482043,189.0,25
1719464482624,190.85,50
1719464483058,190.6,75
1719464483831,190.65,25
1719464484025,190.45,50
1719464485034,191.55,25
1719464486000,190.9,25
1719464486419,190.5,100
1719464487020,190.8,25
1719464487643,190.95,125
1719464488027,190.95,75
1719464488784,190.05,25
1719464489040,190.6,75
1719464490000,190.3,25
1719464490127,190.15,75
1719464491063,190.9,25
1719464492033,190.45,25
1719464492408,190.95,25
1719464493009,190.2,75
1719464493353,190.4,25
1719464508786,190.15,50
1719464509082,189.5,50
1719464510085,190.1,75
1719464511083,189.6,25
1719464512101,190.45,50
1719464520044,189.0,50
1719464520044,189.0,50
1719464520494,188.55,50
1719464520868,188.7,25
1719464521700,187.9,25
1719464522077,187.1,150
1719464523095,185.0,25
1719464524286,183.75,25
1719464524324,183.2,100
1719464525106,185.25,50
1719464525918,185.15,50
1719464526081,185.65,175
1719464527097,185.65,125
1719464528084,187.3,50
1719464528301,187.25,25
1719464529086,186.85,75
1719464529710,186.65,75
1719464530093,186.7,25
1719464530894,185.85,25
1719464531049,185.7,25
1719464532055,187.25,250
1719464532117,187.1,75
1719464533103,186.9,25
1719464536082,185.75,25
1719464536926,186.05,75
1719464537084,186.2,100
1719464537864,185.6,100
1719464538096,185.75,25
1719464539146,185.95,25
1719464540128,186.45,25
1719464541103,185.3,25
1719464541542,184.45,200
1719464542104,185.0,150
1719464542898,185.25,50
1719464543086,184.9,25
1719464544084,184.05,25
1719464544349,183.95,50
1719464545069,183.8,100
1719464545678,183.15,25
1719464546081,183.05,25
1719464546863,183.15,25
1719464547100,184.0,25
1719464548143,182.8,25
1719464549103,183.05,25
1719464549556,183.2,25
1719464563758,182.75,25
1719464564100,182.6,25
1719464564956,180.95,25
1719464565126,181.15,25
1719464566021,182.0,50
1719464566381,182.1,25
1719464567092,181.45,25
1719464567923,181.0,25
1719464568233,180.85,25
1719464569088,181.0,25
1719464569185,181.4,25
1719464570068,181.7,25
1719464570350,181.45,25
1719464571074,181.95,25
1719464571580,182.1,125
1719464572102,182.6,225
1719464572773,182.0,25
1719464573106,181.7,25
1719464574120,182.95,25
1719464575087,182.0,25
1719464575176,182.0,25
1719464576114,180.75,25
1719464576581,181.0,25
1719464577200,181.25,150
1719464577905,182.45,25
1719464578075,182.4,25
1719464586273,182.5,25
1719464586397,182.4,25
1719464587093,182.8,25
1719464587517,182.1,50
1719464588051,182.15,100
1719464588596,180.85,50
1719464589086,179.55,50
1719464590126,178.9,25
1719464590195,178.8,50
1719464591117,175.95,250
1719464591817,174.55,150
1719464592322,172.75,25
1719464593115,174.4,25
1719464593409,173.95,200
1719464594128,173.25,100
1719464595207,175.3,50
1719464596300,174.35,25
1719464596800,174.6,25
1719464597115,175.1,50
1719464598071,174.3,50
1719464598420,173.95,25
1719464599116,173.85,25
1719464600037,172.4,50
1719464600053,172.15,25
1719464601105,169.1,275
1719464601638,165.4,25
1719464602310,164.5,50
1719464603128,163.3,50
1719464603222,164.1,100
1719464604136,162.95,50
1719464604843,163.75,25
1719464605337,163.65,50
1719464606135,164.05,25
1719464606444,163.15,25
1719464607137,159.1,25
1719464608144,153.85,25
1719464608236,155.7,75
1719464609341,154.55,50
1719464609841,150.7,150
1719464610121,149.65,125
1719464611449,148.65,25
1719464611884,142.2,25
1719464611941,140.35,25
1719464611941,140.35,25
1719464612270,137.5,25
1719464627149,142.3,150
1719464627261,142.65,25
1719464628148,142.3,50
1719464628464,144.6,25
1719464629355,147.2,25
1719464629889,148.3,100
1719464630161,148.45,75
1719464631100,146.55,75
1719464631155,146.65,25
1719464632332,147.9,25
1719464632486,146.4,25
1719464633163,147.0,50
1719464633896,143.7,100
1719464634153,144.35,25
1719464635290,140.5,75
1719464635349,141.8,25
1719464636355,136.25,25
1719464636873,135.6,75
1719464637148,135.65,75
1719464638360,137.15,50
1719464638455,137.7,25
1719464639170,137.3,25
1719464640091,138.35,25
1719464640150,138.25,75
1719464641146,137.9,25
1719464641700,135.95,25
1719464642354,136.75,50
1719464643160,140.0,25
1719464643281,139.05,75
1719464644133,140.25,75
1719464644864,140.05,25
1719464645139,139.6,25
1719464646364,139.75,25
1719464647177,144.35,75
1719464647708,144.5,25
1719464648155,144.9,25
1719464649364,145.35,25
1719464650152,143.05,25
1719464650507,142.6,25
1719464651379,140.45,50
1719464651918,141.0,225
1719464652159,140.9,25
1719464653178,142.5,25
1719464653307,142.1,25
1719464654380,138.75,75
1719464654726,139.25,25
1719464655170,140.0,100
1719464656078,139.4,25
1719464656176,139.55,75
1719464657174,139.35,25
1719464657315,139.35,250
1719464658317,139.05,225
1719464658462,139.6,25
1719464659109,140.35,25
1719464659920,143.05,100
1719464660184,144.65,25
1719464661179,143.15,100
1719464661519,143.75,50
1719464662346,144.15,50
1719464662930,143.5,50
1719464663162,141.25,25
1719464664160,141.5,200
1719464665368,138.0,25
1719464665535,139.55,25
1719464666156,140.05,75
1719464666742,140.15,50
1719464667146,139.2,75
1719464668149,140.1,25
1719464668149,140.1,25
1719464669149,138.45,25
1719464669335,138.15,50
1719464670177,139.5,375
1719464670263,139.75,25
1719464671373,142.8,25
1719464671945,143.75,175
1719464672150,143.05,25
1719464673123,142.85,25
