time,price,volume
1719461501866,63.5,25
1719461501866,63.5,25
1719461501866,63.5,25
1719461506154,63.25,25
1719461506154,63.25,25
1719461507985,63.0,75
1719461508139,62.85,150
1719461508849,63.05,25
1719461508849,63.05,25
1719461508849,63.05,25
1719461508849,63.05,25
1719461514174,62.9,225
1719461514174,62.9,225
1719461514174,62.9,225
1719461514174,62.9,225
1719461518204,62.8,25
1719461518235,63.0,25
1719461518727,63.0,75
1719461518727,63.0,75
1719461518727,63.0,75
1719461518727,63.0,75
1719461521836,62.85,25
1719461522333,63.1,25
1719461523632,62.6,50
1719461524234,63.3,25
1719461524422,63.0,125
1719461524422,63.0,125
1719461524422,63.0,125
1719461524422,63.0,125
1719461524422,63.0,125
1719461524422,63.0,125
1719461532601,63.1,225
1719461532601,63.1,225
1719461532601,63.1,225
1719461532601,63.1,225
1719461532601,63.1,225
1719461532601,63.1,225
1719461541780,63.6,25
1719461541780,63.6,25
1719461543137,63.8,200
1719461544179,63.85,550
1719461544179,63.85,550
1719461545688,64.25,50
1719461545688,64.25,50
1719461546073,64.5,25
1719461546073,64.5,25
1719461548613,63.6,25
1719461548613,63.6,25
1719461548613,63.6,25
1719461548613,63.6,25
1719461548613,63.6,25
1719461548613,63.6,25
1719461548613,63.6,25
1719461556196,63.7,25
1719461556864,63.85,100
1719461556864,63.85,100
1719461556864,63.85,100
1719461559599,63.45,50
1719461559599,63.45,50
1719461562470,64.0,100
1719461562470,64.0,100
1719461563548,64.25,175
1719461563548,64.25,175
1719461565405,64.75,150
1719461565405,64.75,150
1719461565405,64.75,150
1719461565405,64.75,150
1719461565405,64.75,150
1719461565405,64.75,150
1719461573785,64.7,25
1719461573992,64.7,25
1719461573992,64.7,25
1719461573992,64.7,25
1719461576660,64.25,25
1719461577019,64.35,75
1719461577019,64.35,75
1719461577019,64.35,75
1719461577019,64.35,75
1719461582445,64.35,500
1719461582445,64.35,500
1719461582445,64.35,500
1719461584953,64.55,25
1719461584953,64.55,25
1719461588073,65.0,50
1719461588073,65.0,50
1719461588073,65.0,50
1719461592088,65.0,100
1719461592742,65.1,175
1719461592742,65.1,175
1719461592742,65.1,175
1719461597403,64.75,25
1719461597403,64.75,25
1719461597403,64.75,25
1719461597403,64.75,25
1719461597403,64.75,25
1719461603754,64.8,100
1719461603754,64.8,100
1719461605685,64.3,425
1719461605685,64.3,425
1719461607153,64.5,25
1719461607153,64.5,25
1719461607153,64.5,25
1719461607153,64.5,25
1719461607153,64.5,25
1719461607153,64.5,25
1719461607153,64.5,25
1719461615117,64.9,25
1719461615117,64.9,25
1719461615117,64.9,25
1719461615117,64.9,25
1719461615117,64.9,25
1719461615117,64.9,25
1719461624493,63.65,150
1719461624493,63.65,150
1719461625089,63.6,100
1719461625089,63.6,100
1719461625089,63.6,100
1719461627943,63.7,25
1719461628881,63.65,25
1719461628881,63.65,25
1719461630871,63.75,50
1719461631100,63.8,25
1719461631100,63.8,25
1719461632618,63.85,200
1719461632618,63.85,200
1719461632618,63.85,200
1719461635242,64.0,25
1719461635242,64.0,25
1719461635242,64.0,25
1719461635242,64.0,25
1719461640085,63.95,25
1719461640085,63.95,25
1719461640085,63.95,25
1719461640085,63.95,25
1719461643083,64.1,25
1719461643083,64.1,25
1719461643083,64.1,25
1719461647211,64.2,25
1719461647211,64.2,25
1719461647211,64.2,25
1719461647211,64.2,25
1719461652478,64.2,325
1719461652741,64.15,25
1719461653073,63.75,200
1719461654297,63.65,25
1719461654297,63.65,25
1719461654297,63.65,25
1719461656267,63.85,50
1719461656267,63.85,50
1719461656267,63.85,50
1719461661104,64.8,75
1719461661104,64.8,75
1719461661104,64.8,75
1719461663503,65.25,400
1719461663695,65.45,275
1719461664218,65.05,25
1719461664704,64.95,250
1719461665388,64.95,25
1719461665388,64.95,25
1719461665388,64.95,25
1719461669529,64.25,25
1719461669529,64.25,25
1719461669529,64.25,25
1719461669529,64.25,25
1719461672364,64.2,25
1719461672364,64.2,25
1719461673100,64.4,200
1719461674505,64.45,50
1719461674505,64.45,50
1719461677972,64.1,25
1719461677975,64.1,25
1719461677975,64.1,25
1719461680880,64.6,25
1719461680880,64.6,25
1719461681876,64.0,25
1719461681876,64.0,25
1719461681876,64.0,25
1719461686029,63.75,25
1719461686029,63.75,25
1719461686029,63.75,25
1719461689568,63.8,25
1719461689568,63.8,25
1719461690302,63.8,25
1719461690302,63.8,25
1719461690302,63.8,25
1719461693482,63.95,25
1719461693482,63.95,25
1719461695285,63.75,50
1719461695285,63.75,50
1719461695285,63.75,50
1719461699149,64.3,150
1719461699575,64.25,50
1719461699575,64.25,50
1719461699575,64.25,50
1719461700622,64.05,25
1719461701163,63.45,125
1719461701511,63.7,25
1719461702801,63.15,25
1719461702801,63.15,25
1719461703090,63.25,25
1719461703963,63.45,25
1719461703963,63.45,25
1719461707803,64.75,25
1719461708058,64.45,25
1719461708058,64.45,25
1719461710401,63.75,25
1719461710401,63.75,25
1719461712849,63.9,25
1719461712849,63.9,25
1719461713149,63.95,25
1719461713149,63.95,25
1719461713149,63.95,25
1719461717407,64.4,100
1719461717407,64.4,100
1719461719265,63.95,25
1719461719265,63.95,25
1719461719650,63.7,25
1719461719650,63.7,25
1719461721386,63.4,25
1719461747426,61.55,50
1719461747426,61.55,50
1719461750516,61.55,25
1719461750844,61.3,100
1719461750844,61.3,100
1719461751731,61.05,50
1719461751731,61.05,50
1719461753978,61.3,25
1719461753978,61.3,25
1719461753978,61.3,25
1719461757642,61.45,25
1719461757642,61.45,25
1719461757642,61.45,25
1719461757642,61.45,25
1719461757642,61.45,25
1719461762134,61.15,50
1719461762431,61.4,25
1719461762431,61.4,25
1719461762431,61.4,25
1719461765131,61.15,250
1719461765959,61.7,100
1719461765959,61.7,100
1719461765959,61.7,100
1719461770269,61.3,50
1719461770269,61.3,50
1719461772333,62.0,100
1719461772540,61.75,50
1719461772540,61.75,50
1719461775590,61.6,25
1719461776028,61.75,475
1719461776028,61.75,475
1719461777523,61.75,25
1719461777523,61.75,25
1719461778903,61.55,125
1719461779335,61.75,100
1719461779335,61.75,100
1719461780604,61.85,25
1719461781170,61.5,150
1719461781170,61.5,150
1719461782324,61.3,100
1719461782324,61.3,100
1719461782324,61.3,100
1719461785642,61.3,50
1719461785642,61.3,50
1719461786585,61.0,50
1719461786585,61.0,50
1719461788153,60.35,75
1719461788958,60.5,50
1719461789367,60.65,75
1719461789367,60.65,75
1719461789367,60.65,75
1719461791327,60.7,25
1719461791403,60.7,25
1719461791403,60.7,25
1719461791403,60.7,25
1719461791403,60.7,25
1719461797897,60.85,25
1719461798822,60.5,25
1719461798822,60.5,25
1719461798822,60.5,25
1719461798822,60.5,25
1719461803916,60.45,175
1719461803916,60.45,175
1719461803916,60.45,175
1719461803916,60.45,175
1719461808324,60.75,75
1719461808754,60.9,125
1719461809469,60.65,25
1719461809469,60.65,25
1719461810361,61.1,50
1719461810361,61.1,50
1719461811744,60.95,75
1719461812357,61.05,25
1719461812357,61.05,25
1719461812357,61.05,25
1719461816127,61.3,25
1719461816127,61.3,25
1719461817003,61.6,250
1719461817749,61.6,25
1719461817749,61.6,25
1719461818185,61.7,50
1719461818185,61.7,50
1719461820377,61.7,100
1719461820744,61.7,125
1719461820744,61.7,125
1719461820744,61.7,125
1719461820744,61.7,125
1719461820744,61.7,125
1719461820744,61.7,125
1719461820744,61.7,125
1719461831039,62.25,100
1719461831039,62.25,100
1719461831039,62.25,100
1719461831039,62.25,100
1719461835063,61.45,25
1719461836396,61.6,25
1719461837943,62.15,150
1719461838599,62.25,25
1719461838599,62.25,25
1719461838599,62.25,25
1719461838599,62.25,25
1719461838599,62.25,25
1719461838599,62.25,25
1719461838599,62.25,25
1719461848639,62.25,100
1719461849434,62.4,25
1719461849434,62.4,25
1719461849434,62.4,25
1719461849434,62.4,25
1719461851630,62.65,75
1719461851732,62.9,25
1719461851732,62.9,25
1719461851732,62.9,25
1719461851732,62.9,25
1719461857563,63.0,25
1719461857563,63.0,25
1719461858137,62.8,100
1719461858137,62.8,100
1719461860437,63.2,25
1719461861118,63.25,25
1719461861118,63.25,25
1719461861666,62.95,25
1719461861666,62.95,25
1719461863734,63.15,50
1719461863734,63.15,50
1719461864782,62.8,25
1719461865738,62.9,25
1719461865738,62.9,25
1719461866511,62.65,125
1719461867546,63.0,25
1719461867546,63.0,25
1719461868745,63.0,75
1719461868745,63.0,75
1719461868745,63.0,75
1719461871773,63.45,25
1719461871773,63.45,25
1719461871773,63.45,25
1719461876011,63.65,25
1719461876140,63.75,25
1719461876140,63.75,25
1719461876140,63.75,25
1719461878915,63.8,100
1719461878915,63.8,100
1719461878915,63.8,100
1719461881411,63.5,25
1719461881411,63.5,25
1719461882098,64.1,50
1719461882098,64.1,50
1719461882098,64.1,50
1719461882098,64.1,50
1719461882098,64.1,50
1719461882098,64.1,50
1719461882098,64.1,50
1719461892266,64.0,200
1719461892266,64.0,200
1719461892266,64.0,200
1719461896303,64.1,25
1719461896303,64.1,25
1719461896303,64.1,25
1719461896303,64.1,25
1719461896303,64.1,25
1719461902023,63.4,50
1719461902023,63.4,50
1719461902023,63.4,50
1719461905720,63.85,25
1719461905720,63.85,25
1719461906933,64.1,75
1719461906933,64.1,75
1719461908677,64.1,25
1719461908677,64.1,25
1719461908677,64.1,25
1719461911426,64.5,50
1719461911426,64.5,50
1719461911926,64.25,25
1719461912813,64.0,50
1719461912813,64.0,50
1719461913545,63.9,25
1719461913545,63.9,25
1719461914911,64.25,25
1719461914911,64.25,25
1719461917231,64.2,25
1719461917231,64.2,25
1719461917231,64.2,25
1719461921087,64.2,175
1719461921087,64.2,175
1719461921087,64.2,175
1719461921087,64.2,175
1719461924755,64.0,25
1719461925775,63.5,100
1719461925775,63.5,100
1719461925775,63.5,100
1719461925775,63.5,100
1719461925775,63.5,100
1719461925775,63.5,100
1719461933604,64.0,25
1719461933604,64.0,25
1719461933604,64.0,25
1719461933604,64.0,25
1719461933604,64.0,25
1719461940102,63.8,25
1719461941485,63.65,25
1719461941485,63.65,25
1719461942264,63.7,25
1719461942264,63.7,25
1719461944084,63.7,25
1719461944084,63.7,25
1719461944084,63.7,25
1719461944084,63.7,25
1719461948315,63.3,25
1719461948315,63.3,25
1719461950479,63.05,25
1719461950848,63.25,25
1719461950848,63.25,25
1719461951875,63.25,25
1719461951875,63.25,25
1719461954204,63.1,25
1719461954204,63.1,25
1719461954911,63.35,25
1719461954911,63.35,25
1719461956626,63.15,25
1719461956626,63.15,25
1719461958557,62.75,25
1719461958831,62.7,25
1719461959251,62.75,25
1719461960790,62.1,25
1719461961473,61.9,150
1719461961888,61.6,25
1719461962415,61.8,25
1719461964067,61.65,25
1719461964573,62.0,125
1719461964573,62.0,125
1719461965671,61.75,25
1719461966084,61.95,25
1719461966805,62.15,25
1719461967952,62.25,25
1719461967952,62.25,25
1719461968768,62.3,25
1719461968768,62.3,25
1719461968768,62.3,25
1719461970412,62.15,25
1719461970412,62.15,25
1719461972187,61.9,25
1719461972596,61.95,25
1719461973164,62.0,25
1719461973164,62.0,25
1719461974632,62.3,25
1719461974632,62.3,25
1719461975614,62.25,25
1719461975923,62.25,25
1719461975923,62.25,25
1719461977957,62.25,25
1719461978125,62.4,25
1719461978855,62.55,25
1719461979771,62.45,25
1719461979771,62.45,25
1719461980832,62.35,25
1719461981583,62.35,25
1719461981583,62.35,25
1719461981583,62.35,25
1719461983480,61.85,25
1719461984276,61.45,25
1719461984498,61.5,50
1719461984894,61.45,25
1719461985576,61.7,25
1719461986143,61.8,25
1719461986143,61.8,25
1719461987776,61.75,25
1719461987776,61.75,25
1719461988552,61.75,25
1719461988552,61.75,25
1719461990110,61.8,25
1719461990601,61.8,25
1719461991601,61.9,25
1719461991601,61.9,25
1719461993037,61.85,25
1719461993037,61.85,25
1719461993649,61.85,25
1719461993649,61.85,25
1719461995957,61.5,25
1719461996523,61.65,25
1719461996786,62.0,25
1719461998147,62.0,25
1719461998147,62.0,25
1719461998147,62.0,25
1719462000101,61.95,25
1719462000376,61.95,25
1719462000849,61.7,25
1719462001393,61.8,25
1719462001921,61.55,25
1719462002959,61.35,25
1719462003144,61.45,25
1719462003808,61.6,25
1719462003808,61.6,25
1719462005005,61.5,25
1719462005804,61.4,25
1719462005989,61.45,25
1719462005989,61.45,25
1719462007478,61.05,25
1719462007478,61.05,25
1719462009065,60.85,25
1719462009247,60.95,25
1719462009247,60.95,25
1719462010389,60.95,25
1719462011001,61.0,25
1719462011582,61.3,25
1719462011985,61.35,25
1719462013211,61.1,25
1719462013917,61.15,25
1719462014003,61.25,25
1719462015686,60.95,75
1719462015686,60.95,75
1719462016729,60.95,25
1719462017906,60.6,25
1719462018270,60.8,25
1719462018673,60.55,50
1719462019411,61.0,25
1719462020519,60.8,25
1719462021113,60.95,25
1719462021901,61.15,25
1719462022242,61.45,25
1719462023252,61.6,25
1719462023252,61.6,25
1719462024626,61.75,25
1719462025065,61.9,25
1719462025160,61.75,25
1719462026463,61.7,25
1719462026801,61.7,25
1719462027338,61.75,25
1719462028045,61.9,25
1719462028754,61.7,25
1719462029453,61.65,25
1719462029453,61.65,25
1719462029453,61.65,25
1719462029453,61.65,25
1719462032224,61.35,25
1719462032522,61.5,75
1719462032522,61.5,75
1719462034456,61.45,25
1719462034456,61.45,25
1719462036361,61.35,50
1719462036361,61.35,50
1719462036361,61.35,50
1719462041266,61.8,75
1719462041266,61.8,75
1719462041592,62.0,25
1719462041592,62.0,25
1719462041592,62.0,25
1719462041592,62.0,25
1719462046694,61.85,25
1719462046694,61.85,25
1719462046694,61.85,25
1719462046694,61.85,25
1719462052556,61.5,100
1719462052556,61.5,100
1719462054327,61.3,25
1719462054327,61.3,25
1719462056339,62.0,100
1719462057906,62.1,25
1719462057906,62.1,25
1719462059807,62.05,50
1719462060375,62.1,25
1719462060375,62.1,25
1719462060375,62.1,25
1719462060375,62.1,25
1719462060375,62.1,25
1719462066155,62.3,50
1719462066155,62.3,50
1719462067035,62.55,50
1719462067219,62.55,325
1719462067219,62.55,325
1719462069677,62.3,25
1719462069677,62.3,25
1719462069677,62.3,25
1719462073160,62.35,25
1719462073160,62.35,25
1719462073160,62.35,25
1719462073160,62.35,25
1719462076751,62.1,225
1719462076751,62.1,225
1719462076751,62.1,225
1719462076751,62.1,225
1719462082754,63.0,100
1719462082784,63.05,250
1719462082784,63.05,250
1719462082784,63.05,250
1719462086209,62.75,25
1719462086209,62.75,25
1719462087767,62.5,25
1719462087767,62.5,25
1719462089779,62.7,250
1719462089779,62.7,250
1719462089779,62.7,250
1719462089779,62.7,250
1719462089779,62.7,250
1719462089779,62.7,250
1719462089779,62.7,250
1719462089779,62.7,250
1719462100695,62.65,150
1719462100695,62.65,150
1719462102067,62.4,25
1719462102067,62.4,25
1719462102067,62.4,25
1719462102067,62.4,25
1719462102067,62.4,25
1719462108553,62.1,25
1719462108553,62.1,25
1719462108553,62.1,25
1719462108553,62.1,25
1719462108553,62.1,25
1719462116231,61.75,25
1719462116231,61.75,25
1719462116231,61.75,25
1719462116231,61.75,25
1719462116231,61.75,25
1719462120814,62.2,50
1719462120814,62.2,50
1719462120814,62.2,50
1719462120814,62.2,50
1719462126446,62.35,50
1719462126908,62.45,25
1719462126908,62.45,25
1719462129457,62.8,25
1719462129457,62.8,25
1719462132264,62.7,25
1719462132264,62.7,25
1719462133950,62.5,500
1719462133950,62.5,500
1719462133950,62.5,500
1719462133950,62.5,500
1719462138865,63.0,100
1719462138865,63.0,100
1719462138865,63.0,100
1719462138865,63.0,100
1719462138865,63.0,100
1719462146714,63.0,25
1719462147413,62.6,25
1719462147413,62.6,25
1719462147413,62.6,25
1719462147413,62.6,25
1719462147413,62.6,25
1719462147413,62.6,25
1719462147413,62.6,25
1719462147413,62.6,25
1719462147413,62.6,25
1719462147413,62.6,25
1719462147413,62.6,25
1719462147413,62.6,25
1719462147413,62.6,25
1719462147413,62.6,25
1719462147413,62.6,25
1719462169670,64.15,350
1719462169670,64.15,350
1719462169670,64.15,350
1719462169670,64.15,350
1719462169670,64.15,350
1719462169670,64.15,350
1719462177914,63.6,150
1719462177914,63.6,150
1719462177914,63.6,150
1719462177914,63.6,150
1719462177914,63.6,150
1719462177914,63.6,150
1719462183957,64.1,25
1719462183957,64.1,25
1719462186254,64.0,25
1719462186254,64.0,25
1719462187415,63.75,200
1719462187415,63.75,200
1719462189136,64.1,25
1719462189136,64.1,25
1719462190419,63.8,100
1719462190830,63.85,25
1719462190830,63.85,25
1719462191918,63.6,25
1719462191918,63.6,25
1719462191918,63.6,25
1719462191918,63.6,25
1719462191918,63.6,25
1719462198967,63.75,25
1719462200013,63.75,50
1719462200013,63.75,50
1719462200767,63.55,125
1719462200767,63.55,125
1719462202037,63.6,100
1719462203175,63.4,25
1719462203175,63.4,25
1719462204352,63.0,100
1719462204352,63.0,100
1719462204352,63.0,100
1719462207151,63.15,25
1719462207822,63.0,25
1719462207822,63.0,25
1719462209500,63.35,100
1719462209500,63.35,100
1719462209500,63.35,100
1719462209500,63.35,100
1719462209500,63.35,100
1719462209500,63.35,100
1719462209500,63.35,100
1719462217844,63.4,25
1719462217844,63.4,25
1719462217844,63.4,25
1719462217844,63.4,25
1719462217844,63.4,25
1719462223947,63.35,25
1719462223947,63.35,25
1719462223947,63.35,25
1719462223947,63.35,25
1719462223947,63.35,25
1719462223947,63.35,25
1719462223947,63.35,25
1719462223947,63.35,25
1719462223947,63.35,25
1719462223947,63.35,25
1719462223947,63.35,25
1719462240355,63.5,25
1719462240355,63.5,25
1719462240355,63.5,25
1719462240355,63.5,25
1719462240355,63.5,25
1719462246254,63.2,25
1719462246774,62.7,150
1719462246774,62.7,150
1719462248230,62.75,25
1719462248230,62.75,25
1719462248230,62.75,25
1719462250687,62.9,50
1719462251620,63.7,100
1719462251720,63.75,50
1719462252020,63.8,25
1719462252104,63.9,25
1719462252104,63.9,25
1719462252104,63.9,25
1719462252104,63.9,25
1719462252104,63.9,25
1719462259299,63.9,25
1719462259299,63.9,25
1719462259299,63.9,25
1719462262128,63.95,25
1719462262128,63.95,25
1719462263981,63.55,150
1719462263981,63.55,150
1719462263981,63.55,150
1719462263981,63.55,150
1719462269773,63.45,25
1719462269773,63.45,25
1719462269773,63.45,25
1719462270837,63.5,500
1719462270837,63.5,500
1719462270837,63.5,500
1719462274343,63.25,50
1719462274343,63.25,50
1719462276578,63.5,25
1719462276578,63.5,25
1719462277701,62.7,25
1719462277701,62.7,25
1719462280278,62.65,25
1719462280278,62.65,25
1719462281263,62.5,50
1719462281263,62.5,50
1719462281263,62.5,50
1719462281263,62.5,50
1719462281263,62.5,50
1719462288216,62.7,25
1719462288216,62.7,25
1719462289779,62.35,150
1719462289779,62.35,150
1719462291053,62.2,25
1719462291511,62.15,25
1719462291973,61.9,50
1719462292579,61.95,50
1719462292579,61.95,50
1719462292579,61.95,50
1719462296893,62.45,25
1719462296893,62.45,25
1719462296893,62.45,25
1719462299418,62.5,100
1719462299418,62.5,100
1719462299418,62.5,100
1719462302948,62.45,50
1719462302948,62.45,50
1719462302948,62.45,50
1719462302948,62.45,50
1719462302948,62.45,50
1719462310267,62.45,25
1719462310267,62.45,25
1719462310267,62.45,25
1719462312111,61.65,75
1719462313101,61.2,100
1719462313101,61.2,100
1719462313101,61.2,100
1719462313101,61.2,100
1719462313101,61.2,100
1719462319184,61.9,25
1719462319184,61.9,25
1719462319184,61.9,25
1719462319184,61.9,25
1719462323696,61.8,25
1719462323696,61.8,25
1719462325722,61.9,25
1719462325943,61.8,25
1719462325943,61.8,25
1719462328394,61.25,50
1719462329156,61.2,25
1719462329156,61.2,25
1719462331341,61.0,125
1719462331341,61.0,125
1719462332602,61.65,225
1719462333293,61.55,25
1719462333293,61.55,25
1719462333974,61.45,25
1719462335437,61.8,125
1719462335437,61.8,125
1719462335437,61.8,125
1719462339543,61.8,200
1719462339543,61.8,200
1719462341419,61.6,25
1719462341419,61.6,25
1719462341419,61.6,25
1719462344592,61.75,25
1719462344592,61.75,25
1719462345438,61.7,25
1719462345438,61.7,25
1719462347361,62.15,75
1719462347361,62.15,75
1719462347361,62.15,75
1719462347361,62.15,75
1719462347361,62.15,75
1719462353985,62.0,25
1719462354860,62.05,25
1719462354860,62.05,25
1719462354860,62.05,25
1719462354860,62.05,25
1719462354860,62.05,25
1719462360749,62.35,75
1719462360749,62.35,75
1719462362103,62.2,225
1719462362103,62.2,225
1719462362103,62.2,225
1719462366667,62.5,25
1719462366667,62.5,25
1719462366667,62.5,25
1719462366667,62.5,25
1719462366667,62.5,25
1719462366667,62.5,25
1719462366667,62.5,25
1719462366667,62.5,25
1719462378379,62.65,25
1719462378379,62.65,25
1719462380167,62.6,25
1719462380167,62.6,25
1719462380167,62.6,25
1719462380167,62.6,25
1719462380167,62.6,25
1719462380167,62.6,25
1719462380167,62.6,25
1719462380167,62.6,25
1719462380167,62.6,25
1719462380167,62.6,25
1719462380167,62.6,25
1719462380167,62.6,25
1719462380167,62.6,25
1719462380167,62.6,25
1719462400443,60.75,300
1719462401051,60.4,300
1719462401051,60.4,300
1719462403325,59.7,25
1719462403325,59.7,25
1719462404283,59.75,25
1719462404283,59.75,25
1719462404283,59.75,25
1719462408151,59.45,275
1719462408614,59.45,125
1719462408614,59.45,125
1719462409309,59.3,25
1719462409309,59.3,25
1719462410926,59.95,75
1719462410926,59.95,75
1719462410926,59.95,75
1719462415329,58.8,300
1719462415329,58.8,300
1719462416280,58.75,200
1719462416280,58.75,200
1719462417190,58.6,25
1719462417190,58.6,25
1719462419012,58.4,25
1719462420185,57.75,75
1719462420496,57.85,25
1719462421635,57.6,25
1719462422056,57.45,25
1719462422565,57.05,50
1719462423153,57.5,25
1719462423489,57.75,50
1719462423489,57.75,50
1719462424890,58.0,75
1719462424890,58.0,75
1719462425973,58.05,25
1719462426739,58.0,125
1719462426739,58.0,125
1719462427972,58.6,25
1719462427972,58.6,25
1719462430029,58.45,75
1719462430029,58.45,75
1719462430029,58.45,75
1719462430029,58.45,75
1719462435137,58.0,100
1719462435137,58.0,100
1719462435137,58.0,100
1719462438546,58.0,50
1719462438546,58.0,50
1719462438546,58.0,50
1719462440438,58.0,500
1719462440732,58.0,25
1719462440732,58.0,25
1719462443522,57.5,25
1719462443522,57.5,25
1719462444535,57.4,25
1719462444745,57.05,50
1719462444745,57.05,50
1719462445818,57.15,25
1719462445818,57.15,25
1719462445818,57.15,25
1719462449478,57.8,25
1719462449788,57.55,25
1719462449788,57.55,25
1719462449788,57.55,25
1719462452462,58.0,50
1719462452918,58.1,25
1719462452918,58.1,25
1719462452918,58.1,25
1719462452918,58.1,25
1719462452918,58.1,25
1719462452918,58.1,25
1719462460493,57.2,75
1719462460493,57.2,75
1719462462231,57.05,25
1719462463687,57.0,25
1719462463984,56.65,25
1719462465128,56.95,50
1719462465268,56.95,50
1719462466112,56.2,50
1719462466640,56.15,75
1719462467286,56.0,25
1719462467286,56.0,25
1719462470010,55.95,75
1719462471309,55.6,25
1719462471549,55.4,25
1719462471549,55.4,25
1719462473687,55.2,50
1719462474333,55.1,25
1719462474737,55.35,25
1719462476200,55.0,25
1719462477049,54.8,275
1719462477342,54.55,25
1719462477935,54.9,300
1719462478408,55.0,25
1719462479270,55.2,50
1719462480348,54.8,100
1719462480794,54.5,25
1719462480794,54.5,25
1719462482569,54.15,50
1719462482895,53.85,25
1719462482895,53.85,25
1719462484506,54.75,125
1719462485368,54.6,75
1719462486886,54.8,25
1719462487091,54.85,50
1719462487322,54.65,25
1719462488022,55.0,150
1719462488573,55.1,25
1719462488573,55.1,25
1719462489956,54.6,25
1719462489956,54.6,25
1719462490666,54.75,25
1719462491495,54.6,25
1719462493795,55.0,25
1719462493795,55.0,25
1719462494758,54.45,100
1719462494758,54.45,100
1719462494758,54.45,100
1719462494758,54.45,100
1719462499522,55.0,25
1719462499522,55.0,25
1719462499522,55.0,25
1719462499522,55.0,25
1719462504795,54.0,25
1719462504795,54.0,25
1719462505645,53.85,75
1719462505987,54.0,25
1719462505987,54.0,25
1719462508536,53.9,50
1719462508536,53.9,50
1719462508536,53.9,50
1719462508536,53.9,50
1719462508536,53.9,50
1719462512561,53.9,25
1719462513809,53.55,25
1719462513809,53.55,25
1719462513809,53.55,25
1719462516737,53.55,175
1719462516737,53.55,175
1719462516737,53.55,175
1719462516737,53.55,175
1719462520951,53.8,50
1719462521924,54.0,75
1719462522198,54.0,25
1719462522198,54.0,25
1719462522846,53.75,25
1719462522846,53.75,25
1719462522846,53.75,25
1719462522846,53.75,25
1719462527615,53.7,25
1719462528486,54.0,25
1719462528486,54.0,25
1719462530250,54.25,75
1719462531241,54.0,25
1719462531241,54.0,25
1719462531241,54.0,25
1719462534297,53.9,50
1719462534656,53.65,25
1719462534656,53.65,25
1719462535812,53.9,25
1719462535812,53.9,25
1719462535812,53.9,25
1719462539138,53.8,175
1719462540146,53.75,25
1719462540146,53.75,25
1719462541110,54.0,100
1719462541110,54.0,100
1719462541110,54.0,100
1719462545252,53.5,25
1719462545252,53.5,25
1719462545798,53.65,25
1719462545798,53.65,25
1719462545798,53.65,25
1719462549478,53.45,25
1719462549478,53.45,25
1719462550944,53.65,25
1719462551489,53.45,25
1719462551489,53.45,25
1719462553709,53.45,25
1719462553709,53.45,25
1719462554276,53.6,25
1719462555108,53.25,150
1719462555108,53.25,150
1719462556767,53.05,25
1719462556767,53.05,25
1719462556767,53.05,25
1719462559894,53.05,100
1719462559894,53.05,100
1719462561795,53.0,50
1719462561795,53.0,50
1719462563150,53.25,25
1719462563150,53.25,25
1719462564445,53.05,75
1719462565398,53.05,50
1719462565398,53.05,50
1719462565398,53.05,50
1719462567888,53.0,500
1719462567888,53.0,500
1719462567888,53.0,500
1719462570590,52.85,25
1719462570590,52.85,25
1719462571017,52.85,225
1719462572189,52.55,75
1719462572189,52.55,75
1719462572460,52.65,25
1719462573771,52.85,200
1719462574065,53.0,25
1719462574065,53.0,25
1719462576642,53.45,25
1719462576642,53.45,25
1719462577702,53.8,25
1719462578763,54.0,25
1719462578763,54.0,25
1719462580941,53.7,25
1719462580941,53.7,25
1719462582678,53.7,25
1719462583474,53.85,25
1719462583474,53.85,25
1719462584595,53.35,25
1719462584782,53.3,100
1719462584782,53.3,100
1719462584782,53.3,100
1719462587766,53.35,25
1719462589369,53.35,25
1719462590035,53.3,25
1719462590035,53.3,25
1719462591261,53.35,25
1719462591261,53.35,25
1719462593807,53.25,25
1719462593807,53.25,25
1719462595591,53.2,100
1719462595591,53.2,100
1719462596906,53.35,25
1719462596906,53.35,25
1719462597722,53.55,75
1719462597722,53.55,75
1719462599046,52.8,350
1719462599046,52.8,350
1719462600586,52.55,125
1719462600771,52.5,375
1719462601458,52.2,75
1719462601520,52.25,50
1719462601520,52.25,50
1719462604853,53.0,25
1719462605645,53.05,25
1719462605645,53.05,25
1719462606285,53.2,25
1719462606963,53.05,25
1719462606963,53.05,25
1719462608390,53.2,25
1719462608970,52.85,25
1719462609181,53.0,25
1719462609878,53.1,25
1719462610724,53.1,25
1719462611176,53.35,250
1719462611176,53.35,250
1719462613188,53.2,25
1719462613867,53.25,50
1719462613867,53.25,50
1719462613867,53.25,50
1719462616143,52.85,25
1719462616906,53.0,50
1719462616906,53.0,50
1719462619945,53.1,25
1719462620303,53.5,25
1719462620303,53.5,25
1719462622173,53.25,100
1719462622173,53.25,100
1719462623267,53.2,25
1719462623267,53.2,25
1719462624104,53.4,25
1719462624104,53.4,25
1719462626436,53.4,25
1719462626503,53.45,25
1719462628254,53.05,25
1719462628254,53.05,25
1719462629753,53.2,25
1719462630038,53.25,25
1719462630038,53.25,25
1719462631253,53.0,25
1719462632249,52.8,25
1719462632249,52.8,25
1719462633253,52.8,25
1719462633503,52.9,25
1719462633503,52.9,25
1719462635253,52.8,25
1719462635253,52.8,25
1719462636753,53.0,25
1719462637195,52.7,25
1719462637195,52.7,25
1719462638753,52.95,25
1719462638753,52.95,25
1719462640254,53.35,25
1719462640503,53.4,25
1719462640503,53.4,25
1719462642254,53.35,25
1719462643110,53.4,25
1719462644040,53.6,25
1719462644254,53.55,25
1719462644503,53.45,25
1719462644503,53.45,25
1719462646254,53.05,25
1719462646254,53.05,25
1719462647754,53.05,25
1719462648041,53.05,25
1719462648960,52.9,50
1719462648960,52.9,50
1719462650040,53.15,25
1719462650040,53.15,25
1719462651503,53.15,25
1719462652040,53.0,25
1719462653102,52.95,75
1719462653503,53.2,25
1719462653503,53.2,25
1719462653503,53.2,25
1719462653503,53.2,25
1719462658895,52.75,100
1719462658895,52.75,100
1719462659455,52.3,25
1719462659716,52.4,50
1719462660480,52.0,25
1719462660598,51.95,50
1719462660598,51.95,50
1719462660598,51.95,50
1719462662817,52.05,25
1719462663251,52.4,150
1719462705521,51.45,75
1719462705521,51.45,75
1719462705521,51.45,75
1719462709725,51.8,25
1719462710689,51.8,25
1719462711828,51.7,25
1719462711828,51.7,25
1719462712570,51.25,25
1719462712570,51.25,25
1719462715102,50.6,50
1719462715478,50.55,25
1719462715478,50.55,25
1719462715478,50.55,25
1719462715478,50.55,25
1719462719347,50.6,25
1719462719347,50.6,25
1719462720519,50.6,75
1719462721317,50.1,100
1719462722256,49.8,175
1719462723383,49.85,25
1719462723383,49.85,25
1719462724613,49.95,50
1719462725707,49.85,25
1719462726196,50.3,225
1719462726668,50.0,25
1719462726668,50.0,25
1719462728508,50.4,150
1719462728508,50.4,150
1719462729664,50.6,25
1719462729664,50.6,25
1719462731707,50.7,100
1719462732149,51.1,50
1719462732468,51.0,50
1719462732792,50.9,150
1719462734109,51.0,75
1719462734109,51.0,75
1719462734109,51.0,75
1719462735810,51.25,50
1719462736522,51.05,25
1719462737371,51.5,175
1719462737371,51.5,175
1719462737371,51.5,175
1719462740048,51.0,50
1719462740048,51.0,50
1719462741688,51.2,300
1719462741688,51.2,300
1719462743499,50.95,50
1719462743967,50.85,25
1719462743967,50.85,25
1719462745257,50.85,25
1719462745257,50.85,25
1719462746342,50.75,25
1719462747020,50.7,50
1719462749220,50.55,25
1719462749220,50.55,25
1719462749220,50.55,25
1719462749220,50.55,25
1719462752090,50.7,25
1719462752090,50.7,25
1719462753046,50.5,25
1719462753286,50.45,25
1719462753679,50.55,25
1719462753679,50.55,25
1719462755729,50.65,25
1719462755729,50.65,25
1719462757135,50.0,100
1719462757135,50.0,100
1719462757659,50.15,25
1719462757659,50.15,25
1719462760024,50.35,25
1719462760024,50.35,25
1719462760024,50.35,25
1719462760024,50.35,25
1719462760024,50.35,25
1719462766121,50.15,175
1719462766121,50.15,175
1719462768517,50.35,25
1719462768517,50.35,25
1719462768517,50.35,25
1719462771015,49.8,25
1719462771787,49.0,175
1719462771787,49.0,175
1719462772715,49.0,25
1719462773710,48.95,25
1719462773710,48.95,25
1719462773710,48.95,25
1719462775938,48.9,250
1719462776636,48.55,125
1719462776636,48.55,125
1719462777649,49.0,50
1719462778573,48.9,25
1719462778573,48.9,25
1719462779635,48.9,25
1719462780182,48.9,25
1719462780553,49.15,50
1719462780553,49.15,50
1719462781717,48.9,25
1719462781717,48.9,25
1719462781717,48.9,25
1719462785415,48.3,50
1719462785415,48.3,50
1719462785928,48.65,100
1719462787406,48.55,125
1719462788581,48.55,50
1719462788581,48.55,50
1719462789378,48.55,125
1719462790260,48.2,25
1719462791417,47.9,25
1719462791417,47.9,25
1719462792530,47.85,200
1719462794117,48.3,200
1719462794117,48.3,200
1719462794984,48.45,25
1719462795541,48.05,25
1719462795541,48.05,25
1719462795541,48.05,25
1719462797622,48.5,200
1719462797622,48.5,200
1719462797622,48.5,200
1719462801638,48.0,25
1719462801638,48.0,25
1719462802980,48.25,25
1719462803763,48.2,150
1719462803763,48.2,150
1719462804932,48.3,50
1719462804932,48.3,50
1719462806203,48.5,25
1719462807516,48.7,25
1719462807516,48.7,25
1719462808333,48.75,25
1719462808724,48.65,25
1719462809573,48.95,25
1719462810210,49.0,25
1719462810210,49.0,25
1719462810692,48.9,50
1719462811690,48.85,25
1719462812368,48.9,25
1719462812368,48.9,25
1719462813502,48.45,50
1719462814031,48.1,175
1719462814031,48.1,175
1719462814762,48.35,50
1719462814762,48.35,50
1719462816644,48.3,50
1719462817455,48.25,25
1719462817791,48.35,25
1719462818999,48.6,25
1719462820678,49.2,25
1719462820678,49.2,25
1719462822495,49.2,25
1719462822495,49.2,25
1719462823703,49.15,25
1719462823703,49.15,25
1719462825582,48.9,25
1719462825582,48.9,25
1719462826244,49.2,550
1719462827089,49.2,675
1719462829012,49.4,100
1719462829012,49.4,100
1719462829012,49.4,100
1719462829012,49.4,100
1719462829012,49.4,100
1719462829012,49.4,100
1719462829012,49.4,100
1719462838238,49.05,25
1719462838238,49.05,25
1719462838238,49.05,25
1719462838238,49.05,25
1719462841458,48.8,100
1719462841652,49.15,25
1719462841652,49.15,25
1719462843777,49.0,25
1719462843777,49.0,25
1719462844919,48.95,25
1719462845250,49.0,50
1719462845791,49.55,25
1719462845791,49.55,25
1719462845791,49.55,25
1719462847936,50.0,25
1719462847936,50.0,25
1719462850803,49.8,25
1719462852280,49.9,75
1719462853198,50.0,25
1719462853198,50.0,25
1719462854520,50.1,25
1719462854520,50.1,25
1719462856837,50.1,100
1719462856837,50.1,100
1719462859379,49.9,175
1719462859379,49.9,175
1719462859379,49.9,175
1719462862313,49.8,50
1719462862745,49.7,150
1719462862745,49.7,150
1719462862745,49.7,150
1719462867143,50.05,100
1719462867143,50.05,100
1719462868081,49.8,25
1719462869289,50.1,125
1719463123974,48.9,25
1719463137470,49.1,200
1719463137690,48.9,25
1719463137690,48.9,25
1719463139134,48.5,225
1719463320752,48.45,25
1719463321007,48.3,25
1719463321007,48.3,25
1719463324148,48.35,50
1719463324148,48.35,50
1719463325784,48.2,25
1719463325784,48.2,25
1719463328070,48.8,75
1719463328070,48.8,75
1719463328070,48.8,75
1719463328070,48.8,75
1719463330340,48.6,25
1719463330340,48.6,25
1719463332748,48.55,25
1719463332748,48.55,25
1719463332748,48.55,25
1719463332748,48.55,25
1719463337157,48.6,50
1719463337157,48.6,50
1719463339451,48.6,75
1719463339451,48.6,75
1719463339451,48.6,75
1719463341852,48.55,25
1719463341852,48.55,25
1719463343399,48.6,25
1719463344442,48.75,25
1719463344442,48.75,25
1719463344442,48.75,25
1719463344442,48.75,25
1719463344442,48.75,25
1719463344442,48.75,25
1719463344442,48.75,25
1719463344442,48.75,25
1719463344442,48.75,25
1719463356573,48.0,375
1719463356573,48.0,375
1719463357028,47.7,250
1719463357028,47.7,250
1719463357028,47.7,250
1719463357028,47.7,250
1719463362567,48.1,150
1719463362567,48.1,150
1719463362567,48.1,150
1719463362567,48.1,150
1719463362567,48.1,150
1719463362567,48.1,150
1719463362567,48.1,150
1719463372076,48.4,25
1719463372390,48.3,25
1719463372390,48.3,25
1719463373530,48.4,75
1719463373530,48.4,75
1719463376184,48.3,25
1719463376184,48.3,25
1719463376919,48.2,25
1719463376919,48.2,25
1719463376919,48.2,25
1719463381109,49.1,125
1719463381109,49.1,125
1719463381109,49.1,125
1719463381109,49.1,125
1719463383807,49.2,50
1719463384600,48.45,75
1719463385678,48.3,50
1719463385678,48.3,50
1719463386874,48.0,50
1719463387841,48.0,25
1719463387841,48.0,25
1719463387841,48.0,25
1719463387841,48.0,25
1719463387841,48.0,25
1719463387841,48.0,25
1719463387841,48.0,25
1719463387841,48.0,25
1719463387841,48.0,25
1719463400447,48.9,25
1719463401043,49.05,25
1719463401043,49.05,25
1719463401043,49.05,25
1719463404136,49.0,25
1719463404136,49.0,25
1719463406766,49.3,250
1719463406766,49.3,250
1719463406766,49.3,250
1719463406766,49.3,250
1719463406766,49.3,250
1719463411058,49.7,25
1719463411058,49.7,25
1719463412352,49.2,100
1719463412352,49.2,100
1719463412352,49.2,100
1719463412352,49.2,100
1719463417493,49.5,25
1719463417493,49.5,25
1719463417493,49.5,25
1719463421750,49.5,500
1719463421750,49.5,500
1719463422476,49.75,50
1719463422476,49.75,50
1719463423915,49.9,100
1719463423915,49.9,100
1719463423915,49.9,100
1719463426878,49.5,125
1719463428229,50.0,200
1719463428229,50.0,200
1719463429315,50.3,75
1719463429315,50.3,75
1719463430189,50.0,1475
1719463430189,50.0,1475
1719463432644,50.45,25
1719463432644,50.45,25
1719463432644,50.45,25
1719463435147,50.0,1000
1719463435722,50.1,200
1719463435722,50.1,200
1719463438303,50.0,200
1719463438303,50.0,200
1719463440391,49.85,25
1719463440391,49.85,25
1719463440917,49.6,25
1719463440917,49.6,25
1719463442069,49.8,25
1719463442069,49.8,25
1719463442069,49.8,25
1719463446486,49.75,25
1719463446486,49.75,25
1719463446990,49.6,250
1719463446990,49.6,250
1719463449158,49.85,25
1719463449158,49.85,25
1719463449158,49.85,25
1719463449158,49.85,25
1719463449158,49.85,25
1719463455059,49.6,1450
1719463455059,49.6,1450
1719463455059,49.6,1450
1719463455059,49.6,1450
1719463455059,49.6,1450
1719463455059,49.6,1450
1719463455059,49.6,1450
1719463455059,49.6,1450
1719463465721,49.85,25
1719463465721,49.85,25
1719463465721,49.85,25
1719463468358,49.55,50
1719463468654,49.7,25
1719463470042,49.75,25
1719463470042,49.75,25
1719463470248,49.3,100
1719463470566,49.05,100
1719463471071,49.0,50
1719463471071,49.0,50
1719463471071,49.0,50
1719463474050,49.35,100
1719463474615,49.2,50
1719463474950,49.4,25
1719463475911,49.2,125
1719463476515,49.3,25
1719463476515,49.3,25
1719463477462,49.3,25
1719463477993,49.7,50
1719463477993,49.7,50
1719463479821,49.8,50
1719463479821,49.8,50
1719463480220,49.9,25
1719463481389,50.0,25
1719463482686,50.05,25
1719463482686,50.05,25
1719463483306,50.4,125
1719463485013,49.95,25
1719463485013,49.95,25
1719463485013,49.95,25
1719463486899,49.8,25
1719463487895,49.95,25
1719463487895,49.95,25
1719463487895,49.95,25
1719463487895,49.95,25
1719463487895,49.95,25
1719463493341,49.9,100
1719463493341,49.9,100
1719463493341,49.9,100
1719463493341,49.9,100
1719463493341,49.9,100
1719463493341,49.9,100
1719463501418,49.7,25
1719463501418,49.7,25
1719463501418,49.7,25
1719463503669,50.0,25
1719463503669,50.0,25
1719463506571,50.2,25
1719463506571,50.2,25
1719463508255,50.05,25
1719463508255,50.05,25
1719463508255,50.05,25
1719463510726,50.1,50
1719463510726,50.1,50
1719463511969,50.3,25
1719463511969,50.3,25
1719463514254,50.25,25
1719463514254,50.25,25
1719463514254,50.25,25
1719463518283,50.4,25
1719463518283,50.4,25
1719463518283,50.4,25
1719463522242,50.0,25
1719463522242,50.0,25
1719463524061,49.75,25
1719463524943,49.55,50
1719463524943,49.55,50
1719463526067,49.7,25
1719463526753,49.7,25
1719463526753,49.7,25
1719463526753,49.7,25
1719463526753,49.7,25
1719463526753,49.7,25
1719463526753,49.7,25
1719463526753,49.7,25
1719463526753,49.7,25
1719463537309,49.15,100
1719463537309,49.15,100
1719463537309,49.15,100
1719463537309,49.15,100
1719463541949,49.7,100
1719463541949,49.7,100
1719463541949,49.7,100
1719463541949,49.7,100
1719463547876,49.6,100
1719463547876,49.6,100
1719463547876,49.6,100
1719463550539,49.2,50
1719463550795,49.0,100
1719463551529,49.3,25
1719463551529,49.3,25
1719463555043,49.95,200
1719463555043,49.95,200
1719463555043,49.95,200
1719463555043,49.95,200
1719463555043,49.95,200
1719463555043,49.95,200
1719463555043,49.95,200
1719463563678,49.8,50
1719463564098,49.95,550
1719463564098,49.95,550
1719463566271,50.0,625
1719463566271,50.0,625
1719463567181,50.2,25
1719463568255,50.0,25
1719463568255,50.0,25
1719463568800,50.2,100
1719463568800,50.2,100
1719463570525,50.15,25
1719463571402,49.8,125
1719463571402,49.8,125
1719463571402,49.8,125
1719463574957,50.05,50
1719463574957,50.05,50
1719463575986,49.9,25
1719463575986,49.9,25
1719463575986,49.9,25
1719463579382,50.0,175
1719463579382,50.0,175
1719463579382,50.0,175
1719463583209,50.2,25
1719463583209,50.2,25
1719463583209,50.2,25
1719463585349,50.2,25
1719463586586,50.05,25
1719463586586,50.05,25
1719463586586,50.05,25
1719463589393,50.3,175
1719463589393,50.3,175
1719463590296,50.2,25
1719463590296,50.2,25
1719463591983,50.2,25
1719463591983,50.2,25
1719463591983,50.2,25
1719463591983,50.2,25
1719463598570,50.55,100
1719463598570,50.55,100
1719463598570,50.55,100
1719463601520,50.4,175
1719463601739,50.65,25
1719463601739,50.65,25
1719463601739,50.65,25
1719463603723,49.85,25
1719463603723,49.85,25
1719463603723,49.85,25
1719463607320,49.7,150
1719463607320,49.7,150
1719463608901,49.85,25
1719463609505,50.0,75
1719463610216,49.85,75
1719463610216,49.85,75
1719463611159,50.15,25
1719463611159,50.15,25
1719463611159,50.15,25
1719463614500,50.35,75
1719463614500,50.35,75
1719463614500,50.35,75
1719463616990,50.2,25
1719463617851,49.9,25
1719463617851,49.9,25
1719463617851,49.9,25
1719463621123,50.6,75
1719463621123,50.6,75
1719463622248,50.7,25
1719463622248,50.7,25
1719463622248,50.7,25
1719463622248,50.7,25
1719463627940,50.6,250
1719463627940,50.6,250
1719463629878,50.25,25
1719463629878,50.25,25
1719463631945,50.2,50
1719463631945,50.2,50
1719463631945,50.2,50
1719463635049,50.4,25
1719463635049,50.4,25
1719463635049,50.4,25
1719463635049,50.4,25
1719463635049,50.4,25
1719463635049,50.4,25
1719463635049,50.4,25
1719463635049,50.4,25
1719463646596,50.1,25
1719463646596,50.1,25
1719463647129,50.5,100
1719463648054,50.6,575
1719463648676,50.6,100
1719463648676,50.6,100
1719463648676,50.6,100
1719463648676,50.6,100
1719463653651,50.7,25
1719463653651,50.7,25
1719463654755,51.0,250
1719463655036,50.9,100
1719463655036,50.9,100
1719463655036,50.9,100
1719463657009,50.7,100
1719463658688,50.95,25
1719463658688,50.95,25
1719463658688,50.95,25
1719463661543,50.6,50
1719463661543,50.6,50
1719463661543,50.6,50
1719463665374,50.75,25
1719463665374,50.75,25
1719463665374,50.75,25
1719463665374,50.75,25
1719463665374,50.75,25
1719463670483,51.0,25
1719463670483,51.0,25
1719463670483,51.0,25
1719463670483,51.0,25
1719463675682,50.75,25
1719463675682,50.75,25
1719463675682,50.75,25
1719463675682,50.75,25
1719463675682,50.75,25
1719463675682,50.75,25
1719463675682,50.75,25
1719463686255,50.7,25
1719463686255,50.7,25
1719463686255,50.7,25
1719463690254,50.6,25
1719463690254,50.6,25
1719463690254,50.6,25
1719463690254,50.6,25
1719463690254,50.6,25
1719463690254,50.6,25
1719463697814,50.6,25
1719463697814,50.6,25
1719463699870,50.6,100
1719463699870,50.6,100
1719463699870,50.6,100
1719463703580,50.4,150
1719463703580,50.4,150
1719463703580,50.4,150
1719463706805,50.0,25
1719463706805,50.0,25
1719463706805,50.0,25
1719463706805,50.0,25
1719463711440,50.0,25
1719463711440,50.0,25
1719463713204,49.9,25
1719463713363,49.8,200
1719463713363,49.8,200
1719463713363,49.8,200
1719463713363,49.8,200
1719463713363,49.8,200
1719463713363,49.8,200
1719463721137,49.7,50
1719463721137,49.7,50
1719463721137,49.7,50
1719463725289,49.5,25
1719463725289,49.5,25
1719463725813,49.75,75
1719463726766,49.9,25
1719463726766,49.9,25
1719463727545,49.9,25
1719463727545,49.9,25
1719463727545,49.9,25
1719463727545,49.9,25
1719463727545,49.9,25
1719463727545,49.9,25
1719463727545,49.9,25
1719463727545,49.9,25
1719463739392,49.85,25
1719463739392,49.85,25
1719463739392,49.85,25
1719463743145,49.85,125
1719463743145,49.85,125
1719463743145,49.85,125
1719463746742,49.7,25
1719463746742,49.7,25
1719463746742,49.7,25
1719463746742,49.7,25
1719463746742,49.7,25
1719463746742,49.7,25
1719463754578,49.7,25
1719463754578,49.7,25
1719463754578,49.7,25
1719463754578,49.7,25
1719463760055,49.0,25
1719463760055,49.0,25
1719463762132,48.85,25
1719463762132,48.85,25
1719463763098,48.65,50
1719463763098,48.65,50
1719463763098,48.65,50
1719463766295,49.05,50
1719463766295,49.05,50
1719463766295,49.05,50
1719463769209,49.2,50
1719463769209,49.2,50
1719463769209,49.2,50
1719463772696,49.35,25
1719463772696,49.35,25
1719463774096,48.95,50
1719463774096,48.95,50
1719463776943,48.7,25
1719463777225,48.6,75
1719463777225,48.6,75
1719463777225,48.6,75
1719463777225,48.6,75
1719463777225,48.6,75
1719463783606,49.15,25
1719463783606,49.15,25
1719463783606,49.15,25
1719463783606,49.15,25
1719463783606,49.15,25
1719463783606,49.15,25
1719463783606,49.15,25
1719463783606,49.15,25
1719463783606,49.15,25
1719463796618,48.75,25
1719463796618,48.75,25
1719463797454,48.8,25
1719463797454,48.8,25
1719463797454,48.8,25
1719463797454,48.8,25
1719463800772,48.75,25
1719463800772,48.75,25
1719463800772,48.75,25
1719463804161,48.95,75
1719463804161,48.95,75
1719463806467,49.0,100
1719463806467,49.0,100
1719463807825,49.0,25
1719463807825,49.0,25
1719463810134,48.7,25
1719463810221,49.0,150
1719463810221,49.0,150
1719463811916,48.95,25
1719463811916,48.95,25
1719463813154,48.5,25
1719463813932,48.2,25
1719463813932,48.2,25
1719463813932,48.2,25
1719463813932,48.2,25
1719463819117,48.95,50
1719463819117,48.95,50
1719463821969,48.6,25
1719463821969,48.6,25
1719463823897,48.8,50
1719463823897,48.8,50
1719463826379,48.7,50
1719463826379,48.7,50
1719463826379,48.7,50
1719463826379,48.7,50
1719463826379,48.7,50
1719463826379,48.7,50
1719463826379,48.7,50
1719463826379,48.7,50
1719463838011,49.5,75
1719463838564,49.4,25
1719463840574,49.7,25
1719463840574,49.7,25
1719463841307,49.8,25
1719463841307,49.8,25
1719463843076,49.95,125
1719463843602,50.1,225
1719463843602,50.1,225
1719463843602,50.1,225
1719463843602,50.1,225
1719463849123,50.2,25
1719463849430,50.3,50
1719463849430,50.3,50
1719463851447,50.3,25
1719463851447,50.3,25
1719463851447,50.3,25
1719463854389,50.1,100
1719463854389,50.1,100
1719463854389,50.1,100
1719463854389,50.1,100
1719463854389,50.1,100
1719463854389,50.1,100
1719463861541,49.7,25
1719463861541,49.7,25
1719463861541,49.7,25
1719463865209,49.6,25
1719463865209,49.6,25
1719463866048,49.8,125
1719463866048,49.8,125
1719463867624,50.0,50
1719463867624,50.0,50
1719463870147,50.0,25
1719463870453,49.8,25
1719463870453,49.8,25
1719463870453,49.8,25
1719463870453,49.8,25
1719463874608,50.0,75
1719463874841,50.0,75
1719463875216,50.2,25
1719463875216,50.2,25
1719463875216,50.2,25
1719463877888,49.65,50
1719463877888,49.65,50
1719463880224,49.55,25
1719463880224,49.55,25
1719463881992,49.65,250
1719463881992,49.65,250
1719463881992,49.65,250
1719463881992,49.65,250
1719463881992,49.65,250
1719463881992,49.65,250
1719463887845,49.2,125
1719463888147,49.1,50
1719463888147,49.1,50
1719463888147,49.1,50
1719463888147,49.1,50
1719463891588,49.2,75
1719463891588,49.2,75
1719463892832,49.0,150
1719463892832,49.0,150
1719463894288,48.9,100
1719463894288,48.9,100
1719463896560,49.55,50
1719463896560,49.55,50
1719463896560,49.55,50
1719463896560,49.55,50
1719463896560,49.55,50
1719463896560,49.55,50
1719463904220,49.25,25
1719463904220,49.25,25
1719463904220,49.25,25
1719463907884,49.0,150
1719463908653,48.9,100
1719463908653,48.9,100
1719463910825,49.05,25
1719463910825,49.05,25
1719463910825,49.05,25
1719463910825,49.05,25
1719463910825,49.05,25
1719463919088,49.3,50
1719463919088,49.3,50
1719463919239,49.05,100
1719463919239,49.05,100
1719463919239,49.05,100
1719463919239,49.05,100
1719463919239,49.05,100
1719463919239,49.05,100
1719463919239,49.05,100
1719463919239,49.05,100
1719463919239,49.05,100
1719463919239,49.05,100
1719463919239,49.05,100
1719463935503,48.3,75
1719463935503,48.3,75
1719463935503,48.3,75
1719463935503,48.3,75
1719463935503,48.3,75
1719463935503,48.3,75
1719463935503,48.3,75
1719463935503,48.3,75
1719463935503,48.3,75
1719463948091,49.4,50
1719463948091,49.4,50
1719463950168,49.5,125
1719463950371,49.6,25
1719463950371,49.6,25
1719463950643,49.65,25
1719463952026,49.5,50
1719463952026,49.5,50
1719463952026,49.5,50
1719463954608,49.6,125
1719463954608,49.6,125
1719463955731,49.8,50
1719463956591,50.0,25
1719463957206,49.9,125
1719463957206,49.9,125
1719463957206,49.9,125
1719463957206,49.9,125
1719463957206,49.9,125
1719463957206,49.9,125
1719463957206,49.9,125
1719463957206,49.9,125
1719463957206,49.9,125
1719463957206,49.9,125
1719463957206,49.9,125
1719463957206,49.9,125
1719463957206,49.9,125
1719463977479,50.2,325
1719463977479,50.2,325
1719463979415,49.9,25
1719463979934,49.85,25
1719463979934,49.85,25
1719463979934,49.85,25
1719463981601,49.95,25
1719463982143,49.95,25
1719463982143,49.95,25
1719463984038,49.9,25
1719463984599,50.0,50
1719463984599,50.0,50
1719463984599,50.0,50
1719463984599,50.0,50
1719463984599,50.0,50
1719463984599,50.0,50
1719463984599,50.0,50
1719463984599,50.0,50
1719463995825,50.05,25
1719463995825,50.05,25
1719463995825,50.05,25
1719463995825,50.05,25
1719463995825,50.05,25
1719464003168,50.05,875
1719464003168,50.05,875
1719464005525,50.3,100
1719464007117,50.1,25
1719464007117,50.1,25
1719464007117,50.1,25
1719464009188,50.2,50
1719464009188,50.2,50
1719464009188,50.2,50
1719464009188,50.2,50
1719464013976,50.35,50
1719464013976,50.35,50
1719464013976,50.35,50
1719464017646,49.95,25
1719464018470,49.95,175
1719464018537,50.0,25
1719464019568,49.85,50
1719464019568,49.85,50
1719464019568,49.85,50
1719464022701,49.2,50
1719464022701,49.2,50
1719464022701,49.2,50
1719464026281,50.0,100
1719464026281,50.0,100
1719464027809,49.95,25
1719464027809,49.95,25
1719464029217,50.1,50
1719464029217,50.1,50
1719464029217,50.1,50
1719464033318,49.9,50
1719464033318,49.9,50
1719464033318,49.9,50
1719464033318,49.9,50
1719464033318,49.9,50
1719464039450,50.3,150
1719464039599,50.45,50
1719464039599,50.45,50
1719464039599,50.45,50
1719464041996,50.15,100
1719464041996,50.15,100
1719464041996,50.15,100
1719464044254,50.4,25
1719464044254,50.4,25
1719464046905,50.35,50
1719464046905,50.35,50
1719464048312,50.5,25
1719464048312,50.5,25
1719464050719,50.5,100
1719464050719,50.5,100
1719464052634,50.45,50
1719464052913,50.4,25
1719464052913,50.4,25
1719464054178,50.2,25
1719464054178,50.2,25
1719464056421,50.0,25
1719464057173,49.95,25
1719464057173,49.95,25
1719464057781,49.85,100
1719464057781,49.85,100
1719464057781,49.85,100
1719464057781,49.85,100
1719464062565,50.4,100
1719464062565,50.4,100
1719464062565,50.4,100
1719464062565,50.4,100
1719464062565,50.4,100
1719464062565,50.4,100
1719464062565,50.4,100
1719464070915,50.4,100
1719464070915,50.4,100
1719464073048,50.45,100
1719464073981,50.6,25
1719464073981,50.6,25
1719464074624,50.5,25
1719464074624,50.5,25
1719464074624,50.5,25
1719464077443,50.5,650
1719464077443,50.5,650
1719464079215,50.45,100
1719464079215,50.45,100
1719464079215,50.45,100
1719464079215,50.45,100
1719464084451,50.7,50
1719464085085,50.75,25
1719464085085,50.75,25
1719464085085,50.75,25
1719464085085,50.75,25
1719464085085,50.75,25
1719464091836,50.5,25
1719464091836,50.5,25
1719464091836,50.5,25
1719464091836,50.5,25
1719464091836,50.5,25
1719464091836,50.5,25
1719464099529,50.5,25
1719464100317,50.2,25
1719464100317,50.2,25
1719464100317,50.2,25
1719464100317,50.2,25
1719464103778,49.95,25
1719464103778,49.95,25
1719464104508,50.1,25
1719464104508,50.1,25
1719464105955,49.85,100
1719464106915,50.0,25
1719464106915,50.0,25
1719464109041,49.9,25
1719464109041,49.9,25
1719464109041,49.9,25
1719464112255,50.3,25
1719464112255,50.3,25
1719464112967,50.1,50
1719464114254,50.4,25
1719464114254,50.4,25
1719464115805,50.2,275
1719464115805,50.2,275
1719464115805,50.2,275
1719464119959,49.85,100
1719464119959,49.85,100
1719464121138,49.65,575
1719464121138,49.65,575
1719464124049,50.1,100
1719464124049,50.1,100
1719464124049,50.1,100
1719464127126,50.2,800
1719464127126,50.2,800
1719464127126,50.2,800
1719464127126,50.2,800
1719464127126,50.2,800
1719464132276,50.4,25
1719464132276,50.4,25
1719464132276,50.4,25
1719464132276,50.4,25
1719464136169,50.35,100
1719464136169,50.35,100
1719464136169,50.35,100
1719464140067,51.0,25
1719464140067,51.0,25
1719464141589,51.2,25
1719464141589,51.2,25
1719464141589,51.2,25
1719464144923,50.2,25
1719464145229,50.2,25
1719464145229,50.2,25
1719464145229,50.2,25
1719464148216,50.1,25
1719464148216,50.1,25
1719464148216,50.1,25
1719464148216,50.1,25
1719464148216,50.1,25
1719464148216,50.1,25
1719464148216,50.1,25
1719464148216,50.1,25
1719464148216,50.1,25
1719464148216,50.1,25
1719464148216,50.1,25
1719464163937,50.45,25
1719464163937,50.45,25
1719464164375,50.3,25
1719464164375,50.3,25
1719464166255,50.6,25
1719464166255,50.6,25
1719464168755,50.6,25
1719464168755,50.6,25
1719464168755,50.6,25
1719464168755,50.6,25
1719464173458,50.2,25
1719464173458,50.2,25
1719464173458,50.2,25
1719464176606,50.6,25
1719464176606,50.6,25
1719464176606,50.6,25
1719464181625,50.35,25
1719464181625,50.35,25
1719464182578,50.1,25
1719464183609,50.05,150
1719464183609,50.05,150
1719464183609,50.05,150
1719464185974,50.15,25
1719464185974,50.15,25
1719464185974,50.15,25
1719464185974,50.15,25
1719464185974,50.15,25
1719464185974,50.15,25
1719464185974,50.15,25
1719464185974,50.15,25
1719464185974,50.15,25
1719464185974,50.15,25
1719464185974,50.15,25
1719464185974,50.15,25
1719464185974,50.15,25
1719464205368,50.6,25
1719464205836,50.55,50
1719464205836,50.55,50
1719464205836,50.55,50
1719464205836,50.55,50
1719464205836,50.55,50
1719464205836,50.55,50
1719464205836,50.55,50
1719464205836,50.55,50
1719464216957,50.4,100
1719464217145,50.15,250
1719464217145,50.15,250
1719464217145,50.15,250
1719464217145,50.15,250
1719464220811,49.4,50
1719464220811,49.4,50
1719464220811,49.4,50
1719464220811,49.4,50
1719464220811,49.4,50
1719464220811,49.4,50
1719464228441,49.4,25
1719464228441,49.4,25
1719464230262,49.0,250
1719464230262,49.0,250
1719464230262,49.0,250
1719464230262,49.0,250
1719464230262,49.0,250
1719464236860,48.9,25
1719464237607,48.85,25
1719464237607,48.85,25
1719464237607,48.85,25
1719464237607,48.85,25
1719464237607,48.85,25
1719464244602,48.8,100
1719464244602,48.8,100
1719464246934,48.3,50
1719464246934,48.3,50
1719464248247,47.8,75
1719464249375,47.45,150
1719464249502,47.45,25
1719464249502,47.45,25
1719464250712,47.75,150
1719464250712,47.75,150
1719464251805,47.8,200
1719464252054,48.0,75
1719464252698,48.0,125
1719464253058,48.0,100
1719464254379,47.3,150
1719464254379,47.3,150
1719464255045,47.7,50
1719464255416,47.85,175
1719464255416,47.85,175
1719464255416,47.85,175
1719464258300,47.55,25
1719464258300,47.55,25
1719464258300,47.55,25
1719464262614,47.7,25
1719464262614,47.7,25
1719464262614,47.7,25
1719464264763,47.55,25
1719464265149,47.75,175
1719464265149,47.75,175
1719464267555,47.55,200
1719464267555,47.55,200
1719464268133,47.55,25
1719464268688,47.6,25
1719464268688,47.6,25
1719464270745,47.3,75
1719464270745,47.3,75
1719464272131,47.75,50
1719464272131,47.75,50
1719464272131,47.75,50
1719464272131,47.75,50
1719464272131,47.75,50
1719464272131,47.75,50
1719464272131,47.75,50
1719464272131,47.75,50
1719464282420,47.7,50
1719464282420,47.7,50
1719464283198,48.15,50
1719464284193,48.15,25
1719464284193,48.15,25
1719464284193,48.15,25
1719464284193,48.15,25
1719464284193,48.15,25
1719464284193,48.15,25
1719464284193,48.15,25
1719464284193,48.15,25
1719464284193,48.15,25
1719464284193,48.15,25
1719464297958,47.45,175
1719464298605,47.75,25
1719464298605,47.75,25
1719464298605,47.75,25
1719464298605,47.75,25
1719464302993,47.75,25
1719464303400,47.75,450
1719464303400,47.75,450
1719464303400,47.75,450
1719464307535,47.65,125
1719464307535,47.65,125
1719464307535,47.65,125
1719464307535,47.65,125
1719464307535,47.65,125
1719464307535,47.65,125
1719464313131,47.4,25
1719464313947,47.5,25
1719464314550,46.95,100
1719464315228,47.4,50
1719464315776,47.4,50
1719464316211,47.25,25
1719464316683,47.35,50
1719464317410,47.25,25
1719464318181,47.4,50
1719464318975,47.45,50
1719464319401,47.6,50
1719464320642,47.45,50
1719464320911,47.5,50
1719464320911,47.5,50
1719464321925,47.45,50
1719464322760,47.45,50
1719464322906,47.35,25
1719464324286,47.5,25
1719464324286,47.5,25
1719464325107,47.55,50
1719464325842,47.75,450
1719464327352,47.85,100
1719464327639,48.15,50
1719464328360,48.3,200
1719464328984,48.3,50
1719464329795,48.45,25
1719464329795,48.45,25
1719464331510,47.95,50
1719464331510,47.95,50
1719464333078,47.5,50
1719464334103,47.55,250
1719464334103,47.55,250
1719464334103,47.55,250
1719464336795,47.8,50
1719464336795,47.8,50
1719464336795,47.8,50
1719464336795,47.8,50
1719464340842,47.75,50
1719464340959,47.9,75
1719464341969,47.7,100
1719464341969,47.7,100
1719464344423,48.15,25
1719464345240,47.9,25
1719464345240,47.9,25
1719464346630,47.95,25
1719464347213,47.8,100
1719464347630,47.8,25
1719464347630,47.8,25
1719464349209,48.0,25
1719464349575,48.05,25
1719464350018,47.9,100
1719464351122,47.85,25
1719464351122,47.85,25
1719464351668,47.8,100
1719464352914,47.8,100
1719464352914,47.8,100
1719464352914,47.8,100
1719464355316,47.9,100
1719464355316,47.9,100
1719464356463,47.85,100
1719464358068,47.9,100
1719464358068,47.9,100
1719464360410,47.75,50
1719464360410,47.75,50
1719464360410,47.75,50
1719464364025,47.8,50
1719464364238,47.65,100
1719464364238,47.65,100
1719464365284,47.8,100
1719464365284,47.8,100
1719464365284,47.8,100
1719464365284,47.8,100
1719464365284,47.8,100
1719464365284,47.8,100
1719464371420,47.8,100
1719464372525,48.1,25
1719464372525,48.1,25
1719464372525,48.1,25
1719464375698,48.1,50
1719464376237,48.15,25
1719464376237,48.15,25
1719464376885,48.15,100
1719464377839,47.9,100
1719464377839,47.9,100
1719464379089,48.3,100
1719464379089,48.3,100
1719464379089,48.3,100
1719464379089,48.3,100
1719464379089,48.3,100
1719464385241,48.4,25
1719464385241,48.4,25
1719464385241,48.4,25
1719464385241,48.4,25
1719464391111,48.1,50
1719464391458,48.0,25
1719464391458,48.0,25
1719464391458,48.0,25
1719464391458,48.0,25
1719464397298,48.2,25
1719464398062,47.8,575
1719464398062,47.8,575
1719464398062,47.8,575
1719464398062,47.8,575
1719464401085,47.95,25
1719464401085,47.95,25
1719464401663,47.95,50
1719464402337,48.15,25
1719464402564,48.15,25
1719464402564,48.15,25
1719464403720,48.0,50
1719464403720,48.0,50
1719464403720,48.0,50
1719464403720,48.0,50
1719464403720,48.0,50
1719464403720,48.0,50
1719464413080,48.1,25
1719464413080,48.1,25
1719464415692,48.2,50
1719464415692,48.2,50
1719464415692,48.2,50
1719464415692,48.2,50
1719464415692,48.2,50
1719464415692,48.2,50
1719464423682,48.05,50
1719464424339,48.1,25
1719464424339,48.1,25
1719464424339,48.1,25
1719464424339,48.1,25
1719464424339,48.1,25
1719464424339,48.1,25
1719464424339,48.1,25
1719464431536,47.95,100
1719464431536,47.95,100
1719464431536,47.95,100
1719464435147,47.8,25
1719464435757,47.7,25
1719464437658,47.45,250
1719464437658,47.45,250
1719464437658,47.45,250
1719464437658,47.45,250
1719464437658,47.45,250
1719464437658,47.45,250
1719464437658,47.45,250
1719464437658,47.45,250
1719464437658,47.45,250
1719464437658,47.45,250
1719464437658,47.45,250
1719464437658,47.45,250
1719464437658,47.45,250
1719464437658,47.45,250
1719464437658,47.45,250
1719464437658,47.45,250
1719464461123,48.0,50
1719464461123,48.0,50
1719464462981,48.05,25
1719464463579,48.05,50
1719464464565,48.05,75
1719464464565,48.05,75
1719464466812,47.5,75
1719464466812,47.5,75
1719464469788,47.7,25
1719464469788,47.7,25
1719464469788,47.7,25
1719464471741,47.5,150
1719464472162,47.6,50
1719464472162,47.6,50
1719464472162,47.6,50
1719464472162,47.6,50
1719464472162,47.6,50
1719464472162,47.6,50
1719464472162,47.6,50
1719464472162,47.6,50
1719464472162,47.6,50
1719464485990,47.75,25
1719464485990,47.75,25
1719464488170,47.8,25
1719464488170,47.8,25
1719464488170,47.8,25
1719464488170,47.8,25
1719464488170,47.8,25
1719464488170,47.8,25
1719464488170,47.8,25
1719464496317,47.6,75
1719464496317,47.6,75
1719464498993,47.55,25
1719464498993,47.55,25
1719464498993,47.55,25
1719464501713,47.2,25
1719464501713,47.2,25
1719464504760,47.6,25
1719464504760,47.6,25
1719464504760,47.6,25
1719464504760,47.6,25
1719464504760,47.6,25
1719464510379,47.85,25
1719464511079,47.85,150
1719464511544,47.6,25
1719464511544,47.6,25
1719464511544,47.6,25
1719464511544,47.6,25
1719464511544,47.6,25
1719464511544,47.6,25
1719464511544,47.6,25
1719464511544,47.6,25
1719464511544,47.6,25
1719464522609,48.0,275
1719464522988,48.0,50
1719464524341,48.0,225
1719464524581,48.0,25
1719464525362,47.7,25
1719464526684,47.55,25
1719464526699,47.55,25
1719464527238,47.45,50
1719464528255,47.3,25
1719464528255,47.3,25
1719464529080,47.55,200
1719464529080,47.55,200
1719464529080,47.55,200
1719464529080,47.55,200
1719464529080,47.55,200
1719464535881,47.55,50
1719464535881,47.55,50
1719464537344,47.9,25
1719464537344,47.9,25
1719464537344,47.9,25
1719464537344,47.9,25
1719464537344,47.9,25
1719464537344,47.9,25
1719464545902,48.0,50
1719464546740,47.95,50
1719464546740,47.95,50
1719464546740,47.95,50
1719464546740,47.95,50
1719464550740,48.3,25
1719464550740,48.3,25
1719464553349,48.0,125
1719464554211,48.2,25
1719464554211,48.2,25
1719464554211,48.2,25
1719464557148,47.95,50
1719464557148,47.95,50
1719464559047,48.1,50
1719464559047,48.1,50
1719464559047,48.1,50
1719464559047,48.1,50
1719464563766,48.0,50
1719464564939,48.3,125
1719464564955,48.3,475
1719464566580,48.2,50
1719464566580,48.2,50
1719464566580,48.2,50
1719464566580,48.2,50
1719464566580,48.2,50
1719464571878,48.2,100
1719464571878,48.2,100
1719464574466,47.95,150
1719464574466,47.95,150
1719464576098,48.15,200
1719464576098,48.15,200
1719464576967,48.1,75
1719464577393,48.1,75
1719464577755,48.0,25
1719464577755,48.0,25
1719464578990,48.15,25
1719464578990,48.15,25
1719464578990,48.15,25
1719464581088,48.15,75
1719464581542,48.1,25
1719464581542,48.1,25
1719464582378,48.0,200
1719464582378,48.0,200
1719464582378,48.0,200
1719464586193,48.15,25
1719464586254,48.15,25
1719464586254,48.15,25
1719464588255,48.15,25
1719464588856,48.15,150
1719464589588,48.35,25
1719464589588,48.35,25
1719464590714,48.7,75
1719464590714,48.7,75
1719464592548,49.05,25
1719464592548,49.05,25
1719464594732,48.5,100
1719464594972,48.45,275
1719464594972,48.45,275
1719464594972,48.45,275
1719464594972,48.45,275
1719464594972,48.45,275
1719464601064,49.4,25
1719464601364,50.0,100
1719464601687,49.95,25
1719464602301,50.0,25
1719464603354,50.1,25
1719464603820,50.1,25
1719464603820,50.1,25
1719464605312,49.8,25
1719464605312,49.8,25
1719464607204,50.25,50
1719464607503,50.75,25
1719464608250,50.5,200
1719464608250,50.5,200
1719464609349,50.7,25
1719464609974,51.2,150
1719464610332,51.7,100
1719464611042,51.25,150
1719464611791,52.7,125
1719464612302,54.45,100
1719464612893,55.5,50
1719464613850,58.2,25
1719464614311,56.1,175
1719464614507,56.85,25
1719464616410,54.8,125
1719464616517,55.2,125
1719464617014,54.6,25
1719464617577,54.1,100
1719464619301,53.35,250
1719464619503,53.3,25
1719464619503,53.3,25
1719464619503,53.3,25
1719464619503,53.3,25
1719464622325,53.2,250
1719464622325,53.2,250
1719464624149,52.9,25
1719464624149,52.9,25
1719464625254,52.1,125
1719464626821,53.15,225
1719464627598,53.5,50
1719464628368,52.75,50
1719464628368,52.75,50
1719464629799,52.3,25
1719464629982,52.0,50
1719464629982,52.0,50
1719464631669,52.2,25
1719464632230,52.45,25
1719464633108,52.75,25
1719464633576,52.95,25
1719464634893,54.0,75
1719464635288,53.8,75
1719464635288,53.8,75
1719464637794,54.8,425
1719464637794,54.8,425
1719464638853,54.3,150
1719464639208,54.35,150
1719464639911,53.9,125
1719464640400,53.85,100
1719464640400,53.85,100
1719464642722,53.6,50
1719464642722,53.6,50
1719464644384,53.6,75
1719464644830,53.5,25
1719464645602,53.3,25
1719464646826,52.65,25
1719464647555,52.6,25
1719464648521,52.6,100
1719464649813,53.25,150
1719464650040,53.55,25
1719464650040,53.55,25
1719464652114,53.8,25
1719464652606,53.55,25
1719464652606,53.55,25
1719464652606,53.55,25
1719464652606,53.55,25
1719464657615,53.65,100
1719464657615,53.65,100
1719464658995,53.4,25
1719464659403,53.05,25
1719464659403,53.05,25
1719464659403,53.05,25
1719464659403,53.05,25
1719464659403,53.05,25
1719464664989,54.1,25
1719464664989,54.1,25
1719464664989,54.1,25
1719464668572,53.65,100
1719464668572,53.65,100
1719464668572,53.65,100
1719464668572,53.65,100
1719464668572,53.65,100
1719464674183,53.3,25
1719464674183,53.3,25
1719464674183,53.3,25
1719464674183,53.3,25
1719464674183,53.3,25
1719464674183,53.3,25
1719464674183,53.3,25
1719464684449,53.4,50
1719464684449,53.4,50
1719464684939,53.1,150
1719464684939,53.1,150
1719464687777,53.9,75
1719464687777,53.9,75
1719464687777,53.9,75
1719464687777,53.9,75
1719464691635,54.05,25
1719464691635,54.05,25
1719464694044,54.3,100
1719464694519,54.75,25
1719464694761,54.9,75
1719464695189,54.85,50
1719464695189,54.85,50
1719464696804,55.15,25
1719464698162,55.3,25
1719464698162,55.3,25
1719464698162,55.3,25
1719464700159,56.15,25
1719464700159,56.15,25
1719464701021,56.6,50
1719464701381,56.5,150
1719464703230,57.2,25
1719464704394,57.4,25
1719464704394,57.4,25
1719464704394,57.4,25
1719464706971,56.25,125
1719464707314,56.4,25
1719464707314,56.4,25
1719464708773,56.05,25
1719464708773,56.05,25
1719464710575,55.75,50
1719464711504,55.8,25
1719464711504,55.8,25
1719464712040,55.7,25
1719464712753,55.6,25
1719464712753,55.6,25
1719464714255,55.75,25
1719464714903,55.0,25
1719464715745,54.4,25
1719464716505,54.7,25
1719464716505,54.7,25
1719464716505,54.7,25
1719464719449,54.85,25
1719464719449,54.85,25
1719464720254,55.1,25
1719464721535,55.55,25
1719464721753,55.6,25
1719464721753,55.6,25
1719464723677,56.1,75
1719464723677,56.1,75
1719464724780,55.4,100
1719464724780,55.4,100
1719464724780,55.4,100
1719464726758,55.95,25
1719464726758,55.95,25
1719464726758,55.95,25
1719464730403,55.75,25
1719464730403,55.75,25
1719464730403,55.75,25
1719464730403,55.75,25
1719464730403,55.75,25
1719464735584,55.1,1000
1719464735584,55.1,1000
1719464735584,55.1,1000
1719464735584,55.1,1000
1719464741197,54.7,75
1719464741197,54.7,75
1719464741659,54.7,675
1719464742925,55.15,25
1719464742925,55.15,25
1719464742925,55.15,25
1719464745675,55.2,25
1719464745675,55.2,25
1719464745675,55.2,25
1719464745675,55.2,25
1719464745675,55.2,25
1719464745675,55.2,25
1719464745675,55.2,25
1719464756409,53.3,175
1719464756409,53.3,175
1719464756710,53.3,50
1719464757633,53.05,25
1719464757633,53.05,25
1719464758984,53.45,50
1719464758984,53.45,50
1719464758984,53.45,50
1719464761266,53.75,50
1719464761266,53.75,50
1719464762283,53.65,225
1719464762941,54.1,50
1719464763203,54.2,50
1719464763203,54.2,50
1719464765003,54.4,25
1719464765003,54.4,25
1719464765905,54.7,25
1719464765905,54.7,25
1719464767303,54.65,225
1719464767303,54.65,225
1719464767303,54.65,225
1719464768397,54.85,25
1719464769309,54.45,50
1719464769309,54.45,50
1719464769309,54.45,50
1719464769309,54.45,50
1719464774691,54.35,125
1719464774691,54.35,125
1719464774691,54.35,125
1719464774691,54.35,125
1719464774691,54.35,125
1719464780065,54.3,100
1719464780065,54.3,100
1719464780065,54.3,100
1719464780065,54.3,100
1719464786344,53.65,125
1719464786344,53.65,125
1719464787189,53.1,100
1719464787189,53.1,100
1719464787189,53.1,100
1719464787189,53.1,100
1719464791060,53.6,250
1719464791060,53.6,250
1719464793147,55.05,225
1719464794556,54.7,200
1719464794556,54.7,200
1719464796030,55.15,25
1719464796030,55.15,25
1719464797185,54.6,100
1719464797185,54.6,100
1719464797185,54.6,100
1719464797185,54.6,100
1719464797185,54.6,100
1719464797185,54.6,100
1719464797185,54.6,100
1719464797185,54.6,100
1719464809378,53.75,25
1719464809378,53.75,25
1719464809378,53.75,25
1719464809378,53.75,25
1719464809378,53.75,25
1719464809378,53.75,25
1719464809378,53.75,25
1719464809378,53.75,25
1719464809378,53.75,25
1719464809378,53.75,25
1719464822308,53.6,25
1719464822649,53.95,150
1719464822649,53.95,150
1719464824254,54.5,25
1719464824254,54.5,25
1719464825290,54.6,575
1719464826055,54.5,25
1719464826255,54.8,25
1719464826255,54.8,25
1719464827504,54.95,25
1719464828040,54.9,25
1719464828040,54.9,25
1719464829362,53.95,25
1719464829806,53.7,100
1719464830499,53.7,25
1719464831020,52.85,250
1719464831842,52.95,150
1719464831842,52.95,150
1719464833488,53.0,25
1719464833796,52.95,125
1719464833796,52.95,125
1719464833796,52.95,125
1719464836819,53.45,150
1719464836819,53.45,150
1719464836819,53.45,150
1719464840740,52.8,25
1719464841630,53.0,75
1719464841888,52.85,25
1719464843016,52.9,100
1719464843600,52.8,100
1719464843600,52.8,100
1719464843600,52.8,100
1719464847667,52.5,25
1719464847667,52.5,25
1719464847667,52.5,25
1719464847667,52.5,25
1719464847667,52.5,25
1719464847667,52.5,25
1719464854974,52.8,150
1719464854974,52.8,150
1719464857379,51.95,25
1719464857379,51.95,25
1719464858806,52.05,25
1719464858806,52.05,25
1719464860466,51.85,25
1719464860466,51.85,25
1719464862892,52.3,125
1719464862892,52.3,125
1719464862892,52.3,125
1719464862892,52.3,125
1719464867641,52.05,25
1719464867641,52.05,25
1719464869220,51.95,25
1719464869220,51.95,25
1719464870954,52.05,25
1719464870954,52.05,25
1719464870954,52.05,25
1719464870954,52.05,25
1719464876476,51.85,225
1719464876476,51.85,225
1719464877609,52.0,50
1719464877609,52.0,50
1719464878630,52.05,125
1719464878630,52.05,125
1719464878630,52.05,125
1719464881488,52.75,25
1719464881488,52.75,25
1719464882170,52.75,50
1719464882170,52.75,50
1719464882170,52.75,50
1719464882170,52.75,50
1719464887403,52.75,25
1719464888302,52.7,25
1719464888302,52.7,25
1719464888302,52.7,25
1719464890735,53.05,25
1719464890735,53.05,25
1719464890735,53.05,25
1719464890735,53.05,25
1719464895613,53.3,25
1719464896521,53.5,50
1719464896521,53.5,50
1719464896521,53.5,50
1719464900331,53.7,25
1719464900615,53.7,50
1719464900980,53.9,25
1719464900980,53.9,25
1719464900980,53.9,25
1719464905017,52.45,25
1719464906484,51.85,75
1719464906484,51.85,75
1719464906484,51.85,75
1719464910076,51.45,50
1719464910076,51.45,50
1719464910076,51.45,50
1719464910076,51.45,50
1719464910076,51.45,50
1719464910076,51.45,50
1719464910076,51.45,50
1719464917519,52.6,50
1719464917519,52.6,50
1719464917519,52.6,50
1719464920482,51.85,100
1719464920482,51.85,100
1719464920482,51.85,100
1719464924466,52.25,25
1719464924466,52.25,25
1719464926785,52.6,25
1719464926785,52.6,25
1719464926785,52.6,25
1719464926785,52.6,25
1719464926785,52.6,25
1719464932778,52.95,50
1719464932778,52.95,50
1719464932778,52.95,50
1719464932778,52.95,50
1719464938294,53.2,25
1719464938294,53.2,25
1719464938895,53.0,50
1719464939210,52.4,75
1719464939210,52.4,75
1719464939210,52.4,75
1719464939210,52.4,75
1719464939210,52.4,75
1719464945268,52.75,100
1719464945268,52.75,100
1719464946255,52.85,25
1719464946504,52.75,25
1719464946504,52.75,25
1719464946504,52.75,25
1719464946504,52.75,25
1719464946504,52.75,25
1719464952337,54.2,50
1719464952337,54.2,50
1719464955294,53.5,125
1719464955294,53.5,125
1719464955294,53.5,125
1719464955294,53.5,125
1719464960757,53.1,200
1719464960757,53.1,200
1719464960757,53.1,200
1719464960757,53.1,200
1719464960757,53.1,200
1719464967782,53.0,25
1719464967782,53.0,25
1719464967782,53.0,25
1719464967782,53.0,25
1719464967782,53.0,25
1719464967782,53.0,25
1719464967782,53.0,25
1719464967782,53.0,25
1719464976949,54.2,25
1719464976949,54.2,25
1719464976949,54.2,25
1719464981976,54.15,150
1719464982072,54.1,25
1719464982072,54.1,25
1719464982072,54.1,25
1719464982072,54.1,25
1719464982072,54.1,25
1719464982072,54.1,25
1719464982072,54.1,25
1719464992287,54.2,200
1719464992523,54.1,50
1719464992523,54.1,50
1719464992523,54.1,50
1719464992523,54.1,50
1719464997612,53.9,25
1719464998651,53.9,75
1719464999261,53.9,75
1719464999261,53.9,75
1719464999261,53.9,75
1719464999261,53.9,75
1719465003510,53.65,100
1719465003510,53.65,100
1719465005000,53.6,25
1719465005000,53.6,25
1719465006255,53.75,25
1719465006504,53.75,25
1719465006504,53.75,25
1719465007519,54.0,25
1719465007519,54.0,25
1719465009800,54.2,50
1719465010254,54.45,25
1719465010254,54.45,25
1719465010753,54.35,25
1719465010753,54.35,25
1719465012508,54.3,25
1719465012754,54.55,25
1719465012754,54.55,25
1719465014672,54.6,25
1719465014672,54.6,25
1719465016254,54.6,25
1719465016499,54.65,25
1719465016499,54.65,25
1719465017989,54.45,125
1719465017989,54.45,125
1719465023121,54.85,75
1719465023121,54.85,75
1719465024623,55.25,225
1719465024623,55.25,225
1719465024623,55.25,225
1719465027732,54.65,150
1719465027732,54.65,150
1719465030074,54.2,25
1719465030074,54.2,25
1719465030074,54.2,25
1719465032101,54.0,50
1719465032509,54.4,200
1719465032851,54.0,50
1719465034570,54.4,150
1719465034570,54.4,150
1719465034570,54.4,150
1719465034570,54.4,150
1719465034570,54.4,150
1719465034570,54.4,150
1719465042112,53.8,25
1719465042112,53.8,25
1719465042112,53.8,25
1719465042112,53.8,25
1719465042112,53.8,25
1719465048996,54.05,50
1719465049323,53.9,50
1719465049323,53.9,50
1719465049323,53.9,50
1719465053146,53.55,225
1719465053146,53.55,225
1719465054994,53.3,25
1719465055346,53.75,25
1719465055346,53.75,25
1719465057519,54.4,25
1719465057519,54.4,25
1719465059369,55.5,125
1719465059573,55.5,50
1719465059573,55.5,50
1719465059573,55.5,50
1719465059573,55.5,50
1719465059573,55.5,50
1719465066255,55.55,25
1719465066504,55.5,25
1719465066754,55.25,25
1719465067254,55.35,25
1719465067254,55.35,25
1719465067254,55.35,25
1719465070468,55.35,25
1719465071373,54.95,25
1719465071373,54.95,25
1719465072368,55.0,50
1719465072368,55.0,50
1719465073893,55.35,575
1719465073893,55.35,575
1719465073893,55.35,575
1719465073893,55.35,575
1719465073893,55.35,575
1719465073893,55.35,575
1719465073893,55.35,575
1719465073893,55.35,575
1719465073893,55.35,575
1719465073893,55.35,575
1719465073893,55.35,575
1719465073893,55.35,575
1719465073893,55.35,575
1719465073893,55.35,575
1719465073893,55.35,575
1719465073893,55.35,575
1719465097449,55.6,50
1719465097449,55.6,50
1719465097449,55.6,50
1719465097449,55.6,50
1719465097449,55.6,50
1719465097449,55.6,50
1719465097449,55.6,50
1719465108650,56.15,125
1719465109068,56.1,25
1719465109068,56.1,25
1719465109068,56.1,25
1719465113759,56.1,25
1719465113759,56.1,25
1719465113759,56.1,25
1719465113759,56.1,25
1719465118288,56.85,50
1719465118288,56.85,50
1719465118288,56.85,50
1719465120389,56.2,25
1719465121563,56.3,25
1719465121805,56.15,25
1719465121805,56.15,25
1719465123344,55.6,25
1719465123344,55.6,25
1719465124645,55.5,25
1719465124645,55.5,25
1719465126255,56.2,25
1719465126859,56.2,25
1719465126859,56.2,25
1719465126859,56.2,25
1719465128641,56.25,25
1719465128641,56.25,25
1719465129655,56.2,25
1719465129655,56.2,25
1719465129655,56.2,25
1719465131651,56.35,25
1719465131968,56.4,125
1719465132696,56.1,25
1719465133822,55.85,25
1719465134644,55.7,25
1719465134702,55.55,25
1719465135554,55.9,25
1719465136569,56.05,25
1719465136569,56.05,25
1719465137632,56.05,25
1719465138768,55.9,25
1719465139778,55.65,25
1719465139890,55.55,25
1719465139890,55.55,25
1719465141240,55.75,25
1719465141240,55.75,25
1719465142242,56.05,25
1719465143598,56.55,150
1719465143598,56.55,150
1719465144362,56.7,25
1719465145367,56.1,25
1719465145648,55.8,25
1719465146696,55.65,25
1719465146696,55.65,25
1719465147409,55.7,25
1719465148092,55.65,25
1719465148092,55.65,25
1719465149125,55.45,25
1719465150151,54.95,25
1719465150151,54.95,25
1719465151748,55.2,25
1719465151748,55.2,25
1719465152122,55.1,25
1719465153105,55.05,25
1719465154954,55.2,25
1719465154954,55.2,25
1719465155494,55.2,25
1719465156210,55.3,25
1719465156210,55.3,25
1719465157710,55.5,25
1719465157710,55.5,25
1719465158962,55.6,25
1719465158962,55.6,25
1719465161321,55.45,25
1719465161953,55.4,25
1719465162231,55.3,25
1719465162231,55.3,25
1719465164191,55.2,25
1719465164191,55.2,25
1719465164191,55.2,25
1719465167149,55.45,25
1719465167838,55.6,25
1719465167838,55.6,25
1719465169558,55.8,25
1719465170185,56.1,325
1719465170738,56.0,25
1719465171785,55.9,25
1719465171785,55.9,25
1719465171785,55.9,25
1719465174670,56.2,25
1719465174670,56.2,25
1719465175528,56.0,25
1719465176957,55.9,25
1719465178577,55.85,25
1719465178577,55.85,25
1719465179739,56.05,25
1719465179739,56.05,25
1719465181784,55.75,25
1719465181784,55.75,25
1719465182098,55.6,25
1719465183287,55.4,25
1719465183287,55.4,25
1719465183287,55.4,25
1719465185882,55.4,25
1719465186255,55.4,25
1719465186984,55.4,25
1719465187487,55.2,25
1719465188125,55.5,100
1719465188125,55.5,100
1719465189774,55.5,25
1719465190403,55.7,100
1719465190403,55.7,100
1719465191476,55.7,25
1719465191476,55.7,25
1719465192848,55.25,200
1719465193644,55.2,100
1719465193644,55.2,100
1719465195543,55.3,25
1719465196914,55.4,25
1719465197571,55.45,50
1719465198670,55.9,25
1719465198852,55.8,25
1719465200380,56.15,25
1719465200380,56.15,25
1719465200380,56.15,25
1719465202623,56.8,275
1719465203527,57.65,100
1719465203782,57.5,25
1719465204396,57.4,25
1719465204396,57.4,25
1719465206524,57.15,25
1719465206524,57.15,25
1719465208034,57.7,25
1719465208204,57.9,125
1719465208761,57.45,25
1719465209680,57.3,25
1719465210463,57.35,25
1719465210463,57.35,25
1719465211998,57.55,25
1719465213230,59.35,100
1719465213364,58.7,125
1719465213364,58.7,125
1719465214620,58.75,100
1719465215506,59.55,25
1719465215506,59.55,25
1719465216065,61.05,75
1719465217076,61.4,25
1719465217616,61.9,25
1719465218729,61.95,25
1719465218784,61.85,100
1719465219802,62.25,25
1719465220400,62.9,25
1719465220400,62.9,25
1719465222065,62.65,50
1719465222065,62.65,50
1719465222867,62.05,25
1719465223741,62.0,25
1719465224918,62.7,25
1719465225463,62.75,25
1719465225752,62.7,25
1719465226573,62.85,25
1719465228070,64.2,25
1719465228710,64.95,300
1719465228882,66.95,250
1719465229179,67.1,50
1719465230418,64.35,25
1719465231215,64.2,25
1719465231927,64.5,100
1719465231927,64.5,100
1719465232980,64.1,100
1719465233723,64.3,75
1719465233723,64.3,75
1719465234708,63.85,50
1719465235276,64.1,25
1719465235823,64.35,25
1719465236899,66.45,50
1719465236899,66.45,50
1719465237948,66.85,50
1719465238185,66.2,50
1719465239782,65.2,25
1719465240390,66.6,25
1719465240584,66.5,25
1719465241006,67.0,25
1719465241951,66.75,50
1719465243023,66.05,25
1719465243194,66.6,50
1719465243875,65.9,50
1719465243977,66.4,125
1719465243977,66.4,125
1719465246006,65.25,50
1719465246890,65.95,250
1719465247196,65.7,250
1719465247575,65.25,50
1719465248537,65.05,25
1719465248537,65.05,25
1719465249998,66.15,150
1719465249998,66.15,150
1719465249998,66.15,150
1719465252255,66.75,25
1719465252818,66.8,25
1719465253472,67.8,25
1719465253472,67.8,25
1719465255009,67.4,50
1719465255323,66.7,25
1719465255888,66.25,25
1719465256797,66.6,25
1719465256797,66.6,25
1719465257830,66.6,25
1719465258540,66.25,1000
1719465258540,66.25,1000
1719465260186,66.6,100
1719465260186,66.6,100
1719465260186,66.6,100
1719465262335,65.9,50
1719465262655,65.85,25
1719465263481,66.9,150
1719465263481,66.9,150
1719465264509,66.8,25
1719465264995,66.3,25
1719465265820,66.55,75
1719465266617,65.4,50
1719465266617,65.4,50
1719465266617,65.4,50
1719465269197,65.55,100
1719465269907,67.0,25
1719465270157,67.2,50
1719465270157,67.2,50
1719465271404,67.65,50
1719465271833,67.75,50
1719465272540,67.4,175
1719465273627,66.95,100
1719465273711,67.1,25
1719465274845,66.95,25
1719465275117,67.05,50
1719465275117,67.05,50
1719465277034,66.6,75
1719465277034,66.6,75
1719465277034,66.6,75
1719465277034,66.6,75
1719465282621,66.0,25
1719465282621,66.0,25
1719465284008,65.6,50
1719465284795,65.85,25
1719465284795,65.85,25
1719465284795,65.85,25
1719465284795,65.85,25
1719465289089,66.8,25
1719465289286,66.4,50
1719465290444,67.0,50
1719465290444,67.0,50
1719465291587,66.8,325
1719465291587,66.8,325
1719465291587,66.8,325
1719465293665,66.4,25
1719465294535,65.75,25
1719465295278,65.7,225
1719465295607,65.7,25
1719465296465,65.9,50
1719465296465,65.9,50
1719465297752,66.5,125
1719465297752,66.5,125
1719465297752,66.5,125
1719465301688,67.4,150
1719465301688,67.4,150
1719465302226,67.35,25
1719465303599,67.25,50
1719465304178,66.75,25
1719465305181,68.25,25
1719465305181,68.25,25
1719465305686,68.7,50
1719465305686,68.7,50
1719465307215,68.05,25
1719465307783,68.3,25
1719465308273,68.5,75
1719465308273,68.5,75
1719465309872,68.5,650
1719465309872,68.5,650
1719465310865,69.0,25
1719465311679,69.0,150
1719465311679,69.0,150
1719465312754,69.15,50
1719465313668,68.75,25
1719465313796,69.15,100
1719465314749,69.2,25
1719465314749,69.2,25
1719465315770,68.4,50
1719465316904,67.9,250
1719465316904,67.9,250
1719465318318,67.7,25
1719465318318,67.7,25
1719465320474,67.65,50
1719465320474,67.65,50
1719465320934,67.2,25
1719465321811,66.8,25
1719465321811,66.8,25
1719465322809,67.3,25
1719465323482,67.85,75
1719465323765,67.6,50
1719465323765,67.6,50
1719465323765,67.6,50
1719465327799,67.95,25
1719465327799,67.95,25
1719465330347,67.35,75
1719465331514,66.75,50
1719465331514,66.75,50
1719465332250,67.15,50
1719465333096,66.5,25
1719465333734,65.55,50
1719465334101,65.75,25
1719465334590,66.05,150
1719465335263,66.2,25
1719465336123,66.15,150
1719465336723,66.3,100
1719465336723,66.3,100
1719465337624,67.3,50
1719465338656,67.9,25
1719465338656,67.9,25
1719465338656,67.9,25
1719465341303,67.6,25
1719465341410,67.5,250
1719465341410,67.5,250
1719465343498,66.65,50
1719465343628,66.45,50
1719465344918,65.8,25
1719465345491,65.8,25
1719465345491,65.8,25
1719465345491,65.8,25
1719465348350,65.95,25
1719465348350,65.95,25
1719465349057,66.15,25
1719465349522,65.85,25
1719465350463,65.7,25
1719465350463,65.7,25
1719465351922,65.2,25
1719465351922,65.2,25
1719465352951,66.0,75
1719465353355,66.35,175
1719465353982,66.2,75
1719465353982,66.2,75
1719465353982,66.2,75
1719465357693,66.3,300
1719465358364,66.8,100
1719465358364,66.8,100
1719465359595,66.2,200
1719465359595,66.2,200
1719465359595,66.2,200
1719465362240,67.25,125
1719465362240,67.25,125
1719465365034,66.0,50
1719465365034,66.0,50
1719465365034,66.0,50
1719465365034,66.0,50
1719465365034,66.0,50
1719465365034,66.0,50
1719465372649,65.6,25
1719465372845,65.25,25
1719465372845,65.25,25
1719465374735,65.0,125
1719465375215,65.15,25
1719465375215,65.15,25
1719465375215,65.15,25
1719465378043,65.1,50
1719465378555,64.9,50
1719465379071,64.6,75
1719465379694,64.35,25
1719465380053,64.3,50
1719465380053,64.3,50
1719465380053,64.3,50
1719465382916,64.0,150
1719465382916,64.0,150
1719465384923,63.8,25
1719465385269,63.75,50
1719465385269,63.75,50
1719465386960,63.95,25
1719465386960,63.95,25
1719465386960,63.95,25
1719465388083,63.75,100
1719465388083,63.75,100
1719465389039,64.35,25
1719465390216,65.0,50
1719465390216,65.0,50
1719465390691,65.15,25
1719465390691,65.15,25
1719465393136,66.2,25
1719465393617,65.9,50
1719465393617,65.9,50
1719465393617,65.9,50
1719465396696,65.8,50
1719465397076,66.3,225
1719465397704,66.0,125
1719465398618,65.9,25
1719465398830,65.8,50
1719465399384,65.55,300
1719465400545,65.6,25
1719465400718,65.75,25
1719465401209,65.55,250
1719465402110,65.5,75
1719465402110,65.5,75
1719465403634,65.5,25
1719465403634,65.5,25
1719465404730,66.05,25
1719465404730,66.05,25
1719465406196,66.35,25
1719465406196,66.35,25
1719465406196,66.35,25
1719465406196,66.35,25
1719465411701,65.15,25
1719465411701,65.15,25
1719465413563,65.5,150
1719465413563,65.5,150
1719465413563,65.5,150
1719465414051,65.6,25
1719465414051,65.6,25
1719465414051,65.6,25
1719465414051,65.6,25
1719465419261,66.0,75
1719465419261,66.0,75
1719465419261,66.0,75
1719465421511,66.55,25
1719465421511,66.55,25
1719465423240,66.4,175
1719465423240,66.4,175
1719465424711,67.0,200
1719465424711,67.0,200
1719465426332,66.75,75
1719465426931,66.75,125
1719465426931,66.75,125
1719465428114,66.7,75
1719465428360,67.0,25
1719465429032,66.9,25
1719465429032,66.9,25
1719465429032,66.9,25
1719465432021,66.75,50
1719465432021,66.75,50
1719465434342,65.8,50
1719465434342,65.8,50
1719465434342,65.8,50
1719465437394,67.0,150
1719465437394,67.0,150
1719465439302,67.15,50
1719465439302,67.15,50
1719465441448,67.45,25
1719465441448,67.45,25
1719465443018,67.7,25
1719465443018,67.7,25
1719465444447,67.6,25
1719465445289,67.15,75
1719465445289,67.15,75
1719465445289,67.15,75
1719465448863,67.35,50
1719465448863,67.35,50
1719465448863,67.35,50
1719465448863,67.35,50
1719465448863,67.35,50
1719465448863,67.35,50
1719465454751,67.2,50
1719465455474,66.95,25
1719465455910,66.85,50
1719465457219,66.6,50
1719465457219,66.6,50
1719465457219,66.6,50
1719465459226,67.7,50
1719465460007,68.0,125
1719465460477,68.1,50
1719465461109,68.45,75
1719465461109,68.45,75
1719465462916,67.75,225
1719465462916,67.75,225
1719465464305,67.8,25
1719465464765,67.85,25
1719465465619,67.65,25
1719465466197,67.7,75
1719465466951,68.1,25
1719465466951,68.1,25
1719465466951,68.1,25
1719465470668,68.35,50
1719465470668,68.35,50
1719465472432,68.05,50
1719465472432,68.05,50
1719465475354,68.7,250
1719465475354,68.7,250
1719465475735,69.0,25
1719465475735,69.0,25
1719465479168,68.45,25
1719465480276,67.9,75
1719465480276,67.9,75
1719465480512,68.15,25
1719465481635,67.0,25
1719465481635,67.0,25
1719465482422,67.15,25
1719465482422,67.15,25
1719465482422,67.15,25
1719465486689,68.35,125
1719465486689,68.35,125
1719465487426,68.5,25
1719465488776,69.4,25
1719465488776,69.4,25
1719465489883,68.35,50
1719465489883,68.35,50
1719465489883,68.35,50
1719465489883,68.35,50
1719465489883,68.35,50
1719465495930,67.55,25
1719465496689,67.7,25
1719465496689,67.7,25
1719465496689,67.7,25
1719465499651,67.35,25
1719465500590,67.55,25
1719465500590,67.55,25
1719465500590,67.55,25
1719465502554,68.1,25
1719465502554,68.1,25
1719465502554,68.1,25
1719465507157,67.55,100
1719465507157,67.55,100
1719465507837,67.5,25
1719465507837,67.5,25
1719465507837,67.5,25
1719465507837,67.5,25
1719465507837,67.5,25
1719465512807,68.35,150
1719465513180,68.6,50
1719465513180,68.6,50
1719465513180,68.6,50
1719465517131,68.8,25
1719465517131,68.8,25
1719465518215,68.1,25
1719465518502,68.65,25
1719465519103,67.85,100
1719465519448,67.65,175
1719465519448,67.65,175
1719465519448,67.65,175
1719465522891,67.85,125
1719465522891,67.85,125
1719465524433,68.3,25
1719465524433,68.3,25
1719465526245,67.95,25
1719465526245,67.95,25
1719465527562,67.2,75
1719465527780,67.2,25
1719465528415,67.0,50
1719465528415,67.0,50
1719465528415,67.0,50
1719465528415,67.0,50
1719465528415,67.0,50
1719465535329,68.55,50
1719465535430,68.45,75
1719465535430,68.45,75
1719465535430,68.45,75
1719465535430,68.45,75
1719465540175,69.0,25
1719465540175,69.0,25
1719465540175,69.0,25
1719465541495,69.0,25
1719465541495,69.0,25
1719465541495,69.0,25
1719465544316,68.55,25
1719465545361,67.95,25
1719465545361,67.95,25
1719465546781,67.35,25
1719465546781,67.35,25
1719465548039,67.8,25
1719465548039,67.8,25
1719465549586,67.95,25
1719465550265,67.9,25
1719465550265,67.9,25
1719465551141,67.5,50
1719465551141,67.5,50
1719465551141,67.5,50
1719465554175,68.0,25
1719465554268,67.9,50
1719465555184,67.6,75
1719465555184,67.6,75
1719465555184,67.6,75
1719465559116,67.6,25
1719465560248,67.65,25
1719465560248,67.65,25
1719465561943,67.0,25
1719465561943,67.0,25
1719465563931,67.0,100
1719465563931,67.0,100
1719465565200,67.2,150
1719465565200,67.2,150
1719465567153,67.75,125
1719465567153,67.75,125
1719465567846,67.5,100
1719465567846,67.5,100
1719465567846,67.5,100
1719465567846,67.5,100
1719465572133,67.55,25
1719465572264,67.3,150
1719465572264,67.3,150
1719465573824,67.0,800
1719465575343,67.5,25
1719465575808,67.55,25
1719465575997,67.5,25
1719465575997,67.5,25
1719465577894,67.0,25
1719465578060,66.85,100
1719465578060,66.85,100
1719465581300,67.6,25
1719465582263,67.85,25
1719465582746,68.0,500
1719465583550,67.75,25
1719465584004,68.1,75
1719465584004,68.1,75
1719465584004,68.1,75
1719465585891,68.25,50
1719465586120,68.05,50
1719465586120,68.05,50
1719465587827,67.35,50
1719465588535,66.65,75
1719465588535,66.65,75
1719465589454,66.0,25
1719465590139,65.4,475
1719465591970,65.0,25
1719465592302,65.2,50
1719465592302,65.2,50
1719465593130,65.4,50
1719465593130,65.4,50
1719465593130,65.4,50
1719465593130,65.4,50
1719465598215,63.95,50
1719465598875,62.9,50
1719465598875,62.9,50
1719465599640,63.0,25
1719465599640,63.0,25
1719465599640,63.0,25
1719465601039,63.75,25
1719465601039,63.75,25
1719465602876,64.3,25
1719465602876,64.3,25
1719465605530,64.8,75
1719465605530,64.8,75
1719465606185,64.25,50
1719465606332,64.0,25
1719465606332,64.0,25
1719465609052,63.55,50
1719465609052,63.55,50
1719465610054,63.35,175
1719465610054,63.35,175
1719465611586,63.55,75
1719465611820,63.7,50
1719465612020,63.7,100
1719465612020,63.7,100
1719465614035,63.25,25
1719465614035,63.25,25
1719465614035,63.25,25
1719465614035,63.25,25
1719465614035,63.25,25
1719465619763,63.6,25
1719465619763,63.6,25
1719465619763,63.6,25
1719465623641,63.45,50
1719465624006,63.25,25
1719465624006,63.25,25
1719465624006,63.25,25
1719465626154,62.4,25
1719465627258,60.9,25
1719465627275,61.05,25
1719465627801,60.95,25
1719465628684,61.5,25
1719465628983,61.55,25
1719465629832,61.7,25
1719465630013,62.0,50
1719465630013,62.0,50
1719465630013,62.0,50
1719465630013,62.0,50
1719465630013,62.0,50
1719465630013,62.0,50
1719465636704,61.45,25
1719465636704,61.45,25
1719465638507,60.95,50
1719465638507,60.95,50
1719465639594,60.1,25
1719465640044,60.15,50
1719465640044,60.15,50
1719465641268,61.1,25
1719465642107,61.2,100
1719465642812,61.7,25
1719465644109,61.65,50
1719465644109,61.65,50
1719465645469,62.0,575
1719465645469,62.0,575
1719465645469,62.0,575
1719465645469,62.0,575
1719465645469,62.0,575
1719465645469,62.0,575
1719465645469,62.0,575
1719465654279,61.3,25
1719465655577,62.05,150
1719465655577,62.05,150
1719465655881,61.9,150
1719465657141,61.15,50
1719465657141,61.15,50
1719465657141,61.15,50
1719465657141,61.15,50
1719465661180,60.5,50
1719465662007,61.2,250
1719465662007,61.2,250
1719465662007,61.2,250
1719465665305,61.45,25
1719465665305,61.45,25
1719465667214,61.8,25
1719465667310,62.0,25
1719465667957,61.65,25
1719465668858,61.85,25
1719465668858,61.85,25
1719465669530,61.8,25
1719465670558,61.4,50
1719465670558,61.4,50
1719465670558,61.4,50
1719465670558,61.4,50
1719465674885,61.2,150
1719465674885,61.2,150
1719465676548,61.65,100
1719465676548,61.65,100
1719465676548,61.65,100
1719465676548,61.65,100
1719465676548,61.65,100
1719465676548,61.65,100
1719465676548,61.65,100
1719465686467,60.0,25
1719465686893,58.8,50
1719465686893,58.8,50
1719465688215,59.5,50
1719465688764,59.5,575
1719465689221,59.75,250
1719465689740,60.0,25
1719465689740,60.0,25
1719465689740,60.0,25
1719465689740,60.0,25
1719465689740,60.0,25
1719465694669,60.25,25
1719465694760,60.2,25
1719465694760,60.2,25
1719465696211,60.15,25
1719465697597,59.9,75
1719465698780,60.45,50
1719465698780,60.45,50
1719465698780,60.45,50
1719465701020,60.0,25
1719465701222,60.1,300
1719465702627,60.3,100
1719465702627,60.3,100
1719465703608,60.4,100
1719465703608,60.4,100
1719465704452,60.35,100
1719465705863,59.5,75
1719465705863,59.5,75
1719465709171,59.95,25
1719465709171,59.95,25
1719465710165,60.3,25
1719465710165,60.3,25
1719465712319,60.0,100
1719465712319,60.0,100
1719465712319,60.0,100
1719465714648,60.3,300
1719465714648,60.3,300
1719465714648,60.3,300
1719465718233,60.15,150
1719465719205,60.35,75
1719465720411,60.25,50
1719465720411,60.25,50
1719465721192,60.6,25
1719465721997,61.0,25
1719465721997,61.0,25
1719465721997,61.0,25
1719465721997,61.0,25
1719465721997,61.0,25
1719465721997,61.0,25
1719465721997,61.0,25
1719465732230,60.7,25
1719465732230,60.7,25
1719465732230,60.7,25
1719465732230,60.7,25
1719465732230,60.7,25
1719465732230,60.7,25
1719465739686,60.7,25
1719465740902,61.0,25
1719465742184,60.55,75
1719465742184,60.55,75
1719465742184,60.55,75
1719465742184,60.55,75
1719465746505,62.0,50
1719465746505,62.0,50
1719465748782,62.15,50
1719465748782,62.15,50
1719465749392,62.2,175
1719465749392,62.2,175
1719465749392,62.2,175
1719465751162,61.5,50
1719465751991,62.0,75
1719465752252,61.6,25
1719465752252,61.6,25
1719465752252,61.6,25
1719465752252,61.6,25
1719465752252,61.6,25
1719465752252,61.6,25
1719465752252,61.6,25
1719465752252,61.6,25
1719465752252,61.6,25
1719465765678,63.1,75
1719465765799,63.2,75
1719465766019,63.4,500
1719465766675,63.35,125
1719465766675,63.35,125
1719465766675,63.35,125
1719465769877,62.2,125
1719465770426,61.8,175
1719465771891,61.5,25
1719465771891,61.5,25
1719465771891,61.5,25
1719465775939,62.6,25
1719465775939,62.6,25
1719465775939,62.6,25
1719465775939,62.6,25
1719465775939,62.6,25
1719465775939,62.6,25
1719465775939,62.6,25
1719465783473,62.2,50
1719465783473,62.2,50
1719465783473,62.2,50
1719465783473,62.2,50
1719465783473,62.2,50
1719465783473,62.2,50
1719465783473,62.2,50
1719465783473,62.2,50
1719465794975,62.0,150
1719465795668,61.5,75
1719465796670,62.55,25
1719465797163,62.8,75
1719465797163,62.8,75
1719465797163,62.8,75
1719465797163,62.8,75
1719465801223,63.1,25
1719465801223,63.1,25
1719465804271,62.7,150
1719465804271,62.7,150
1719465804721,62.75,25
1719465804721,62.75,25
1719465804721,62.75,25
1719465808501,63.0,25
1719465808501,63.0,25
1719465808501,63.0,25
1719465808501,63.0,25
1719465808501,63.0,25
1719465808501,63.0,25
1719465815351,62.55,25
1719465815351,62.55,25
1719465815351,62.55,25
1719465815351,62.55,25
1719465820159,63.15,75
1719465820159,63.15,75
1719465820159,63.15,75
1719465820159,63.15,75
1719465820159,63.15,75
1719465820159,63.15,75
1719465820159,63.15,75
1719465820159,63.15,75
1719465832225,63.35,25
1719465832225,63.35,25
1719465834037,63.35,25
1719465834037,63.35,25
1719465834037,63.35,25
1719465836270,63.5,25
1719465836270,63.5,25
1719465836270,63.5,25
1719465836270,63.5,25
1719465836270,63.5,25
1719465836270,63.5,25
1719465836270,63.5,25
1719465836270,63.5,25
1719465836270,63.5,25
1719465836270,63.5,25
1719465836270,63.5,25
1719465836270,63.5,25
1719465836270,63.5,25
1719465855364,63.5,25
1719465855364,63.5,25
1719465857373,65.2,50
1719465857863,65.3,125
1719465859024,66.3,375
1719465859024,66.3,375
1719465859024,66.3,375
1719465859024,66.3,375
1719465859024,66.3,375
1719465859024,66.3,375
1719465866663,65.7,50
1719465866663,65.7,50
1719465868954,66.45,25
1719465868954,66.45,25
1719465868954,66.45,25
1719465868954,66.45,25
1719465868954,66.45,25
1719465873336,66.0,125
1719465873336,66.0,125
1719465874746,66.0,75
1719465874746,66.0,75
1719465874746,66.0,75
1719465874746,66.0,75
1719465880914,67.3,25
1719465880914,67.3,25
1719465881500,67.5,25
1719465882149,68.15,250
1719465882149,68.15,250
1719465884246,68.75,25
1719465884536,68.4,25
1719465884536,68.4,25
1719465884536,68.4,25
1719465888138,67.5,50
1719465889210,68.15,25
1719465889210,68.15,25
1719465889210,68.15,25
1719465892572,67.5,25
1719465892572,67.5,25
1719465892572,67.5,25
1719465892572,67.5,25
1719465894557,67.9,50
1719465896263,67.5,525
1719465896263,67.5,525
1719465896263,67.5,525
1719465898156,67.2,25
1719465899411,68.0,100
1719465899411,68.0,100
1719465899411,68.0,100
1719465899411,68.0,100
1719465904552,66.8,75
1719465904552,66.8,75
1719465904552,66.8,75
1719465904552,66.8,75
1719465904552,66.8,75
1719465904552,66.8,75
1719465914266,66.15,50
1719465914266,66.15,50
1719465915776,66.65,125
1719465916669,66.95,25
1719465916669,66.95,25
1719465916669,66.95,25
1719465916669,66.95,25
1719465921226,66.7,25
1719465921226,66.7,25
1719465923693,66.35,25
1719465923693,66.35,25
1719465923693,66.35,25
1719465923693,66.35,25
1719465923693,66.35,25
1719465930252,67.45,25
1719465930252,67.45,25
1719465930252,67.45,25
1719465930252,67.45,25
1719465932918,66.85,125
1719465933324,66.8,50
1719465934121,66.7,25
1719465934121,66.7,25
1719465934121,66.7,25
1719465936463,66.5,25
1719465936463,66.5,25
1719465937977,66.5,100
1719465937977,66.5,100
1719465940111,66.2,275
1719465940111,66.2,275
1719465941774,66.0,25
1719465941774,66.0,25
1719465941774,66.0,25
1719465944967,66.15,50
1719465944967,66.15,50
1719465944967,66.15,50
1719465944967,66.15,50
1719465944967,66.15,50
1719465944967,66.15,50
1719465953089,66.0,75
1719465953486,66.0,25
1719465954316,65.8,25
1719465954316,65.8,25
1719465954316,65.8,25
1719465954316,65.8,25
1719465954316,65.8,25
1719465954316,65.8,25
1719465954316,65.8,25
1719465961230,65.25,50
1719465962145,65.0,25
1719465962830,65.25,75
1719465962841,65.4,50
1719465963031,65.1,200
1719465963031,65.1,200
1719465964915,63.9,25
1719465964915,63.9,25
1719465966159,64.05,25
1719465967009,63.65,25
1719465967009,63.65,25
1719465967009,63.65,25
1719465969945,63.75,75
1719465969945,63.75,75
1719465971724,63.05,325
1719465971724,63.05,325
1719465974399,63.2,100
1719465974399,63.2,100
1719465974399,63.2,100
1719465976338,62.95,100
1719465976338,62.95,100
1719465976338,62.95,100
1719465979706,61.95,50
1719465980672,62.1,75
1719465980672,62.1,75
1719465981216,62.1,25
1719465981216,62.1,25
1719465981216,62.1,25
1719465981216,62.1,25
1719465986107,62.85,25
1719465986107,62.85,25
1719465986107,62.85,25
1719465986107,62.85,25
1719465990905,61.9,50
1719465992616,61.8,25
1719465992616,61.8,25
1719465992616,61.8,25
1719465995961,62.2,150
1719465995961,62.2,150
1719465995961,62.2,150
1719465998890,62.1,50
1719465998890,62.1,50
1719466000582,62.2,25
1719466000582,62.2,25
1719466000582,62.2,25
1719466003230,63.65,25
1719466003230,63.65,25
1719466003230,63.65,25
1719466003230,63.65,25
1719466003230,63.65,25
1719466003230,63.65,25
1719466003230,63.65,25
1719466013382,62.55,75
1719466013382,62.55,75
1719466013382,62.55,75
1719466016169,62.9,25
1719466017465,62.6,75
1719466017465,62.6,75
1719466018986,63.05,25
1719466019379,63.05,125
1719466019926,62.85,25
1719466019926,62.85,25
1719466019926,62.85,25
1719466019926,62.85,25
1719466019926,62.85,25
1719466024615,62.9,50
1719466025229,63.1,75
1719466025229,63.1,75
1719466025229,63.1,75
1719466028106,62.0,25
1719466028840,62.55,1000
1719466028840,62.55,1000
1719466030297,62.8,150
1719466030297,62.8,150
1719466030297,62.8,150
1719466030297,62.8,150
1719466030297,62.8,150
1719466030297,62.8,150
1719466038727,62.75,1000
1719466038727,62.75,1000
1719466038727,62.75,1000
1719466038727,62.75,1000
1719466043702,62.85,25
1719466044509,62.95,25
1719466044509,62.95,25
1719466045441,62.8,25
1719466045866,62.8,25
1719466045866,62.8,25
1719466046544,63.0,25
1719466046544,63.0,25
1719466048219,63.0,25
1719466048219,63.0,25
1719466048219,63.0,25
1719466048219,63.0,25
1719466048219,63.0,25
1719466048219,63.0,25
1719466058594,61.55,25
1719466058594,61.55,25
1719466060596,61.1,25
1719466060596,61.1,25
1719466060596,61.1,25
1719466229631,60.2,50
1719466229631,60.2,50
1719466229631,60.2,50
1719466229631,60.2,50
1719466229631,60.2,50
1719466229631,60.2,50
1719466229631,60.2,50
1719466238458,60.3,25
1719466238458,60.3,25
1719466240435,60.65,475
1719466240584,60.5,25
1719466240584,60.5,25
1719466240584,60.5,25
1719466240584,60.5,25
1719466240584,60.5,25
1719466240584,60.5,25
1719466240584,60.5,25
1719466240584,60.5,25
1719466240584,60.5,25
1719466240584,60.5,25
1719466255087,60.7,75
1719466255087,60.7,75
1719466257584,60.7,25
1719466257584,60.7,25
1719466257584,60.7,25
1719466257584,60.7,25
1719466257584,60.7,25
1719466262096,60.3,50
1719466262928,60.7,25
1719466264297,60.85,25
1719466264341,60.85,25
1719466265022,60.7,25
1719466265211,60.6,25
1719466265211,60.6,25
1719466267818,60.55,25
1719466267818,60.55,25
1719466267818,60.55,25
1719466271292,60.4,25
1719466271404,59.8,25
1719466271404,59.8,25
1719466271404,59.8,25
1719466271404,59.8,25
1719466275768,59.1,100
1719466276023,59.0,25
1719466276023,59.0,25
1719466276903,58.8,25
1719466278295,59.05,25
1719466279635,58.5,100
1719466279813,58.2,25
1719466279905,58.2,200
1719466281272,58.4,25
1719466281272,58.4,25
1719466281272,58.4,25
1719466281272,58.4,25
1719466281272,58.4,25
1719466281272,58.4,25
1719466288846,58.25,25
1719466288968,58.25,50
1719466289674,58.3,25
1719466290125,58.1,200
1719466290125,58.1,200
1719466290576,58.15,25
1719466290576,58.15,25
1719466292287,58.4,25
1719466292287,58.4,25
1719466292287,58.4,25
1719466292287,58.4,25
1719466297169,58.25,250
1719466297169,58.25,250
1719466297169,58.25,250
1719466297169,58.25,250
1719466302304,58.7,50
1719466302304,58.7,50
1719466303718,59.0,25
1719466303718,59.0,25
1719466306347,59.0,25
1719466308183,58.6,50
1719466308183,58.6,50
1719466308183,58.6,50
1719466312652,58.8,25
1719466313066,59.0,625
1719466313066,59.0,625
1719466313066,59.0,625
1719466313066,59.0,625
1719466313066,59.0,625
1719466313066,59.0,625
1719466313066,59.0,625
1719466313066,59.0,625
1719466321765,59.8,25
1719466321765,59.8,25
1719466324249,60.45,75
1719466324249,60.45,75
1719466324987,60.6,50
1719466325449,60.5,25
1719466325449,60.5,25
1719466325449,60.5,25
1719466325449,60.5,25
1719466325449,60.5,25
1719466332161,60.6,25
1719466332161,60.6,25
1719466332161,60.6,25
1719466332161,60.6,25
1719466337921,60.5,75
1719466337921,60.5,75
1719466338991,60.45,25
1719466338991,60.45,25
1719466338991,60.45,25
1719466338991,60.45,25
1719466338991,60.45,25
1719466338991,60.45,25
1719466346834,60.1,25
1719466348007,59.5,25
1719466348007,59.5,25
1719466348007,59.5,25
1719466348007,59.5,25
1719466351716,59.6,25
1719466352444,59.3,125
1719466353053,59.6,25
1719466353053,59.6,25
1719466353053,59.6,25
1719466353053,59.6,25
1719466357893,60.5,225
1719466358098,60.5,525
1719466358098,60.5,525
1719466358098,60.5,525
1719466358098,60.5,525
1719466358098,60.5,525
1719466358098,60.5,525
1719466358098,60.5,525
1719466358098,60.5,525
1719466358098,60.5,525
1719466358098,60.5,525
1719466358098,60.5,525
1719466358098,60.5,525
1719466375405,60.5,525
1719466375405,60.5,525
1719466375405,60.5,525
1719466375405,60.5,525
1719466380216,61.15,25
1719466380216,61.15,25
1719466380216,61.15,25
1719466383138,61.75,325
1719466383138,61.75,325
1719466384018,62.2,25
1719466384018,62.2,25
1719466384018,62.2,25
1719466386893,61.15,50
1719466387823,61.3,25
1719466389622,61.0,25
1719466389622,61.0,25
1719466390701,61.4,375
1719466391037,61.4,100
1719466391182,61.4,125
1719466391182,61.4,125
1719466391182,61.4,125
1719466391182,61.4,125
1719466391182,61.4,125
1719466391182,61.4,125
1719466399379,61.4,25
1719466399379,61.4,25
1719466399379,61.4,25
1719466402133,61.4,25
1719466402133,61.4,25
1719466403809,60.7,75
1719466403809,60.7,75
1719466406745,59.8,650
1719466406939,60.0,250
1719466406939,60.0,250
1719466406939,60.0,250
1719466406939,60.0,250
1719466406939,60.0,250
1719466406939,60.0,250
1719466414081,60.95,25
1719466414081,60.95,25
1719466414081,60.95,25
1719466414081,60.95,25
1719466414081,60.95,25
1719466421131,61.7,25
