time,price,volume
1719461503071,168.75,50
1719461503941,167.7,25
1719461504096,167.05,350
1719461504903,168.4,125
1719461505083,168.1,25
1719461505952,168.4,25
1719461506111,167.75,25
1719461506943,167.55,250
1719461507243,167.5,25
1719461507936,168.3,75
1719461508724,168.45,25
1719461508967,168.1,25
1719461509897,168.25,75
1719461510071,168.1,50
1719461511114,168.3,25
1719461511284,167.85,25
1719461511892,170.15,50
1719461512707,167.75,100
1719461512780,167.65,50
1719461513953,169.0,25
1719461514301,169.1,25
1719461515105,168.5,50
1719461515188,168.4,50
1719461515970,170.1,25
1719461516440,171.45,150
1719461516932,172.0,25
1719461517969,169.85,200
1719461519139,167.5,250
1719461519330,167.7,50
1719461519922,168.2,25
1719461520321,168.2,25
1719461520964,168.65,75
1719461521466,168.45,25
1719461521965,167.4,200
1719461522731,166.2,50
1719461522966,167.4,50
1719461523947,165.8,50
1719461524148,164.1,50
1719461524981,165.3,25
1719461525726,165.4,50
1719461525939,164.5,100
1719461527125,163.5,75
1719461527344,162.0,200
1719461527984,161.9,25
1719461528539,162.15,25
1719461528935,162.75,175
1719461529620,162.8,50
1719461529926,163.6,125
1719461530866,162.95,25
1719461531293,162.45,100
1719461532135,162.75,25
1719461532527,163.15,100
1719461532955,163.65,75
1719461533952,163.65,25
1719461534930,163.9,100
1719461535921,163.25,50
1719461536338,163.4,100
1719461536744,163.2,25
1719461537327,163.15,75
1719461537888,163.4,150
1719461538419,163.4,25
1719461538916,163.75,25
1719461539913,162.55,25
1719461540799,162.0,75
1719461541587,161.2,200
1719461541913,161.7,25
1719461542920,161.0,50
1719461543168,160.25,100
1719461543943,160.05,150
1719461544797,159.25,50
1719461544981,159.55,25
1719461546193,157.05,200
1719461546364,157.0,100
1719461546974,158.75,25
1719461547999,160.05,75
1719461548983,161.35,400
1719461549168,160.85,100
1719461550147,161.15,50
1719461550289,160.7,50
1719461550776,160.7,25
1719461551447,160.3,50
1719461551946,160.25,25
1719461552562,160.9,100
1719461552937,160.0,50
1719461553777,159.9,25
1719461554010,160.5,125
1719461554979,161.5,125
1719461555203,161.65,150
1719461555958,161.4,100
1719461556399,160.85,50
1719461556990,160.7,25
1719461557340,161.65,100
1719461557930,161.55,25
1719461558313,161.45,50
1719461559003,161.7,50
1719461559782,161.0,50
1719461559882,161.15,25
1719461560919,161.5,50
1719461561080,162.0,25
1719461562004,161.15,325
1719461562145,160.65,100
1719461562913,160.05,75
1719461563427,158.35,25
1719461563888,159.1,25
1719461564622,158.0,25
1719461564992,157.85,200
1719461565786,158.0,25
1719461565934,158.2,50
1719461566981,157.95,25
1719461567190,157.55,25
1719461567997,157.5,75
1719461568372,157.65,100
1719461568992,158.35,175
1719461569625,158.1,25
1719461569950,158.1,150
1719461570750,158.5,25
1719461571000,158.7,25
1719461571997,159.95,75
1719461572424,160.2,25
1719461573166,159.05,50
1719461573938,158.9,25
1719461574953,159.15,50
1719461575564,159.55,25
1719461575889,159.95,25
1719461576986,161.2,25
1719461577225,161.75,75
1719461577906,161.05,25
1719461578429,161.65,100
1719461578936,162.1,100
1719461579296,161.95,25
1719461580126,161.55,100
1719461580767,161.7,100
1719461580883,161.2,25
1719461581401,161.3,225
1719461581845,161.6,25
1719461582227,161.05,50
1719461582804,162.05,25
1719461583429,161.95,25
1719461584015,162.6,75
1719461584624,161.5,50
1719461585026,161.55,25
1719461585845,160.25,50
1719461585973,160.75,25
1719461586708,159.9,25
1719461586983,160.05,350
1719461587837,160.6,100
1719461588074,159.0,25
1719461588922,159.5,75
1719461589438,159.75,50
1719461589997,159.35,50
1719461591007,158.65,25
1719461591237,158.1,75
1719461591938,158.15,25
1719461592591,158.15,200
1719461592961,158.4,25
1719461593823,159.1,25
1719461594009,159.1,25
1719461595025,160.25,25
1719461595954,159.95,100
1719461596263,161.5,25
1719461596920,160.8,25
1719461597635,161.15,50
1719461597974,161.7,25
1719461598572,161.25,25
1719461598930,162.0,150
1719461600017,161.7,25
1719461600083,161.75,75
1719461600960,161.55,250
1719461601260,161.95,75
1719461601908,161.25,50
1719461602461,160.9,25
1719461603005,161.5,100
1719461603372,160.9,50
1719461603908,160.05,50
1719461604449,160.0,50
1719461604957,159.95,50
1719461605676,161.7,25
1719461605989,162.5,25
1719461606303,161.8,25
1719461607004,161.4,75
1719461607968,159.65,25
1719461608220,159.4,25
1719461608961,160.1,425
1719461609041,160.1,25
1719461609976,160.4,25
1719461610585,159.6,25
1719461610979,160.85,25
1719461611281,161.1,25
1719461611281,161.1,25
1719461611969,161.1,425
1719461613055,160.3,75
1719461613985,160.75,150
1719461614418,160.4,25
1719461614903,160.4,100
1719461615624,159.3,25
1719461615953,160.0,25
1719461616964,159.7,150
1719461617798,159.15,25
1719461618069,159.0,50
1719461618963,159.3,25
1719461619476,159.9,25
1719461619861,159.95,25
1719461620692,160.8,25
1719461620844,161.15,25
1719461621864,162.0,50
1719461621954,161.85,25
1719461622828,161.15,25
1719461622952,161.5,400
1719461624023,162.65,250
1719461624515,164.4,25
1719461625028,165.2,100
1719461625783,165.7,25
1719461625943,164.95,25
1719461626878,164.0,100
1719461627313,164.2,50
1719461628036,165.85,75
1719461628494,166.55,25
1719461628891,165.4,25
1719461629523,165.35,150
1719461629974,165.8,100
1719461630564,165.45,25
1719461630976,165.65,50
1719461631914,163.75,50
1719461632006,163.65,25
1719461633003,166.05,25
1719461633040,166.0,25
1719461634029,165.95,100
1719461634279,166.25,50
1719461635026,165.8,25
1719461635528,165.4,25
1719461635944,165.5,25
1719461636444,165.7,250
1719461636984,165.6,425
1719461637743,165.6,25
1719461637948,165.8,200
1719461638661,164.75,500
1719461638992,164.5,25
1719461639976,165.0,75
1719461640125,165.4,75
1719461640780,164.45,25
1719461641489,165.0,800
1719461642038,163.6,25
1719461642686,163.95,25
1719461643039,164.4,75
1719461643582,164.9,25
1719461644037,164.35,25
1719461644690,164.95,25
1719461644842,164.3,25
1719461645951,163.85,25
1719461645951,163.85,25
1719461646937,165.0,25
1719461647487,165.0,100
1719461648015,163.45,75
1719461648301,163.5,50
1719461648832,164.8,100
1719461649619,164.5,125
1719461650002,164.6,25
1719461650690,164.0,25
1719461651054,164.15,250
1719461651725,165.05,50
1719461651896,164.7,25
1719461652942,167.15,75
1719461653235,165.95,50
1719461654025,167.35,25
1719461654308,167.85,25
1719461655046,167.75,75
1719461655534,166.8,25
1719461655961,166.9,25
1719461656675,166.85,25
1719461657017,167.1,25
1719461657558,167.1,25
1719461657988,166.5,25
1719461658928,164.4,25
1719461658928,164.4,25
1719461659972,165.25,25
1719461660368,164.6,75
1719461660979,164.3,25
1719461661238,164.15,25
1719461661996,163.25,25
1719461662716,162.4,50
1719461663059,162.2,25
1719461663876,162.75,50
1719461663876,162.75,50
1719461664645,161.55,50
1719461665369,161.8,25
1719461666375,163.15,25
1719461666773,162.85,25
1719461667713,164.15,25
1719461668044,165.1,425
1719461669049,164.8,25
1719461670058,165.65,50
1719461670058,165.65,50
1719461671017,164.7,25
1719461671290,165.15,150
1719461671404,165.0,175
1719461671921,165.05,25
1719461672205,164.75,150
1719461673040,164.45,25
1719461673552,164.05,125
1719461674026,163.45,25
1719461674687,163.15,100
1719461675002,163.1,50
1719461675674,163.5,50
1719461675888,164.2,50
1719461676777,164.85,25
1719461676888,164.7,25
1719461677998,164.5,25
1719461679008,163.6,450
1719461679008,163.6,450
1719461680048,162.4,50
1719461680386,162.35,50
1719461681016,163.5,25
1719461681223,163.5,25
1719461682069,164.5,50
1719461682697,163.5,100
1719461682697,163.5,100
1719461683693,165.6,250
1719461683992,166.0,75
1719461685042,164.6,25
1719461685164,165.25,100
1719461685957,165.0,125
1719461686115,165.35,25
1719461687117,165.25,50
1719461687960,164.3,25
1719461687960,164.3,25
1719461689078,163.5,25
1719461689167,163.4,50
1719461689968,165.0,250
1719461690389,165.1,25
1719461690987,166.4,75
1719461691090,165.85,75
1719461692050,165.9,25
1719461692516,165.5,25
1719461693067,164.9,25
1719461693620,165.15,25
1719461694017,165.3,125
1719461694795,165.35,25
1719461694941,165.7,125
1719461695485,165.85,75
1719461695955,165.5,250
1719461696721,165.3,200
1719461697016,165.65,50
1719461697611,165.85,25
1719461697844,166.0,525
1719461698691,164.0,75
1719461699040,163.15,75
1719461699165,163.25,75
1719461700019,163.85,75
1719461700965,165.1,50
1719461701204,166.55,25
1719461701459,166.25,25
1719461702025,166.6,100
1719461702425,168.0,125
1719461703026,166.05,25
1719461703388,165.8,25
1719461704047,165.9,250
1719461704612,166.0,100
1719461705075,165.55,25
1719461705836,165.0,25
1719461706036,165.1,50
1719461706825,164.2,25
1719461706939,163.65,250
1719461707990,161.55,75
1719461708061,161.95,75
1719461709080,162.85,25
1719461710187,164.65,75
1719461711076,165.85,25
1719461711226,165.55,100
1719461711996,164.75,25
1719461712117,164.9,75
1719461712884,165.25,200
1719461713230,164.5,75
1719461713957,163.75,25
1719461714414,163.15,50
1719461714986,163.1,25
1719461715326,163.7,50
1719461716076,163.15,25
1719461716325,163.15,75
1719461716989,163.45,25
1719461717629,162.9,25
1719461718021,163.8,25
1719461718646,164.4,25
1719461719069,163.75,25
1719461719643,164.55,25
1719461719965,166.45,25
1719461720657,166.5,75
1719461721078,166.1,50
1719461721810,165.95,25
1719461721987,166.0,100
1719461723060,165.8,100
1719461723231,165.35,25
1719461724009,165.5,50
1719461724835,166.65,25
1719461725094,166.8,25
1719461725807,166.4,25
1719461725970,166.75,25
1719461726860,166.95,225
1719461727072,166.2,100
1719461728064,165.95,25
1719461729077,165.75,225
1719461729251,165.7,50
1719461730050,166.75,175
1719461730456,166.7,150
1719461731078,166.1,50
1719461731577,167.65,125
1719461731859,168.05,25
1719461732023,168.15,25
1719461733090,171.05,100
1719461733225,170.1,75
1719461734088,173.4,25
1719461734857,173.95,125
1719461735268,175.0,175
1719461736101,175.9,100
1719461736491,177.45,200
1719461737095,176.0,250
1719461738086,174.3,25
1719461738287,173.0,25
1719461739095,172.35,25
1719461739885,172.3,50
1719461740095,172.15,175
1719461741279,172.05,100
1719461741461,171.2,75
1719461741931,171.75,100
1719461742670,170.7,50
1719461743072,171.25,25
1719461743843,171.7,50
1719461743995,171.55,25
1719461744878,171.75,75
1719461745034,172.35,25
1719461746086,172.25,25
1719461746295,172.85,75
1719461747105,173.0,50
1719461747625,174.25,25
1719461748075,173.7,50
1719461748877,173.9,25
1719461749096,174.25,25
1719461750080,173.8,425
1719461750302,174.05,25
1719461751097,174.4,25
1719461751496,176.15,25
1719461752107,175.85,25
1719461752904,176.15,25
1719461753100,176.75,25
1719461754098,175.35,25
1719461754485,175.3,175
1719461755085,176.0,25
1719461755905,175.5,200
1719461756300,175.4,25
1719461757066,175.8,25
1719461757066,175.8,25
1719461758114,174.9,25
1719461758495,174.25,75
1719461759110,175.05,25
1719461759871,175.0,25
1719461760064,174.85,25
1719461761116,175.1,25
1719461761528,175.05,225
1719461762110,176.75,75
1719461762507,176.75,25
1719461763084,177.0,25
1719461763901,175.45,75
1719461764061,175.95,25
1719461765328,176.7,50
1719461765523,176.25,50
1719461766116,175.45,25
1719461766870,175.5,25
1719461767059,175.45,150
1719461768129,175.1,50
1719461768333,174.8,75
1719461769098,175.45,100
1719461769478,175.5,50
1719461769994,174.75,100
1719461770816,175.6,25
1719461771335,176.0,25
1719461772131,173.8,100
1719461772534,173.85,25
1719461773130,174.0,25
1719461773907,173.7,75
1719461774116,173.4,50
1719461775324,173.7,25
1719461775756,173.8,100
1719461776143,173.65,50
1719461776906,173.65,75
1719461776906,173.65,75
1719461778033,173.0,50
1719461778322,173.45,50
1719461778921,173.9,125
1719461779440,173.65,25
1719461780007,173.45,25
1719461780557,173.25,50
1719461781090,175.0,25
1719461781706,173.8,75
1719461782146,175.05,75
1719461782952,174.85,50
1719461783084,174.5,150
1719461783889,175.75,25
1719461785144,175.6,50
1719461785359,175.8,50
1719461786052,176.4,50
1719461786733,179.5,200
1719461787101,178.75,25
1719461787753,180.35,25
1719461788098,181.25,50
1719461793137,178.4,25
1719461793726,178.15,50
1719461794034,178.8,50
1719461794973,178.6,50
1719461795110,178.05,100
1719461796061,178.95,25
1719461797102,177.9,75
1719461797474,178.15,25
1719461798205,179.8,25
1719461798971,180.35,25
1719461799156,179.2,50
1719461799943,179.2,25
1719461800125,178.6,50
1719461801132,178.8,750
1719461802153,178.75,25
1719461802520,179.35,50
1719461803298,179.55,100
1719461803772,179.75,25
1719461804031,179.85,50
1719461804850,179.7,25
1719461805153,178.4,25
1719461806133,179.75,50
1719461806365,179.0,225
1719461806969,179.25,25
1719461807584,179.4,25
1719461808142,179.1,50
1719461808729,179.05,25
1719461809116,178.95,25
1719461809740,179.25,50
1719461810129,177.0,50
1719461810977,179.85,50
1719461811132,179.3,25
1719461812050,178.65,25
1719461812409,178.25,75
1719461813067,178.15,25
1719461813590,177.6,400
1719461814349,178.3,50
1719461817544,175.35,200
1719461818149,176.05,75
1719461818921,175.6,50
1719461860168,173.15,100
1719461862032,173.95,400
1719461862032,173.95,400
1719461863049,173.75,1000
1719461863189,174.2,75
1719461863848,173.4,25
1719461865109,173.65,75
1719461865109,173.65,75
1719461873180,172.2,75
1719461873284,172.1,25
1719461874197,171.55,25
1719461874635,171.0,425
1719461875391,170.3,50
1719461875689,170.6,50
1719461876186,170.7,50
1719461877087,169.65,75
1719461877182,169.95,25
1719461878194,170.15,25
1719461878692,170.15,25
1719461878979,170.2,25
1719461879874,169.45,25
1719461880179,170.35,25
1719461881285,169.7,25
1719461881562,169.7,25
1719461882182,168.35,75
1719461882490,168.4,25
1719461883193,169.05,200
1719461884098,170.45,25
1719461884115,170.3,50
1719461885108,170.55,75
1719461885291,170.2,50
1719461886187,170.45,25
1719461886391,170.55,25
1719461886953,171.1,50
1719461887898,170.7,25
1719461888153,170.5,375
1719461888883,170.55,25
1719461889070,171.25,25
1719461890114,170.3,25
1719461890179,170.3,25
1719461890888,169.9,125
1719461890888,169.9,125
1719461892087,169.65,50
1719461892470,168.6,50
1719461893186,168.65,150
1719461893908,168.65,25
1719461894196,168.4,25
1719461894927,168.9,50
1719461895161,168.75,25
1719461895879,168.25,25
1719461896186,168.4,75
1719461897090,168.9,50
1719461897090,168.9,50
1719461897972,168.95,125
1719461898978,168.3,25
1719461898978,168.3,25
1719461900040,169.1,100
1719461900340,169.5,25
1719461901172,169.35,25
1719461901172,169.35,25
1719461902171,170.15,100
1719461902664,170.8,200
1719461903100,171.6,100
1719461903912,171.05,50
1719461904098,171.4,200
1719461904913,170.1,25
1719461905133,170.6,50
1719461906113,170.1,25
1719461906188,169.55,125
1719461906504,168.6,25
1719461907213,169.0,75
1719461907718,169.9,50
1719461908191,169.95,375
1719461908901,169.2,25
1719461909045,169.2,325
1719461910207,168.95,100
1719461911060,167.65,75
1719461911208,167.15,100
1719461911546,166.95,50
1719461912314,168.1,25
1719461913157,168.35,25
1719461913770,168.05,50
1719461914191,166.95,25
1719461915142,167.2,25
1719461915142,167.2,25
1719461916187,166.8,25
1719461917188,166.3,25
1719461917352,166.65,50
1719461918207,166.9,25
1719461918489,166.6,25
1719461919099,166.9,50
1719461919708,166.9,25
1719461920115,167.25,25
1719461920664,168.05,25
1719461921191,168.65,25
1719461921762,169.1,25
1719461922135,169.25,25
1719461922917,168.65,25
1719461923088,168.55,25
1719461924069,169.2,100
1719461924216,169.0,25
1719461924876,169.5,25
1719461926051,171.8,75
1719461927180,170.15,25
1719461927354,170.8,25
1719461928204,170.55,25
1719461928711,170.5,250
1719461929098,170.1,25
1719461929949,170.2,25
1719461929949,170.2,25
1719461930821,171.0,25
1719461931116,171.2,25
1719461931988,170.25,25
1719461932225,169.95,25
1719461933026,170.4,25
1719461933026,170.4,25
1719461934023,169.35,25
1719461935225,169.4,25
1719461935541,170.1,50
1719461936157,170.25,25
1719461936874,169.2,25
1719461937224,168.85,25
1719461938203,169.45,25
1719461939184,169.55,25
1719461939184,169.55,25
1719461940224,170.35,50
1719461940473,170.55,25
1719461941115,171.25,25
1719461941481,170.95,25
1719461941830,170.35,25
1719461942195,170.15,25
1719461942790,170.35,50
1719461943211,170.3,100
1719461944207,170.1,25
1719461944840,170.6,100
1719461945172,170.8,25
1719461946225,172.0,25
1719461946371,171.7,75
1719461947180,171.75,25
1719461947509,171.65,50
1719461948165,171.9,75
1719461948536,172.35,275
1719461949217,172.5,25
1719461949670,173.0,25
1719461950145,173.15,125
1719461950789,173.2,25
1719461951240,172.8,150
1719461952159,173.5,25
1719461953099,173.4,50
1719461954171,174.0,50
1719461954383,173.55,50
1719461955157,172.75,350
1719461955567,173.25,100
1719461956164,174.1,25
1719461956522,173.95,25
1719461957159,173.25,25
1719461957868,173.95,50
1719461958174,174.0,50
1719461959138,176.0,75
1719461960404,177.1,375
1719461960551,177.55,25
1719461961245,178.1,50
1719461962020,179.55,25
1719461962234,179.95,125
1719461963261,181.4,50
1719461964193,179.8,50
1719461964546,179.15,50
1719461965237,180.65,75
1719461965619,180.85,25
1719461966432,178.8,25
1719461967009,178.95,100
1719461967083,178.6,50
1719461967979,178.0,500
1719461968245,178.95,25
1719461969029,179.0,150
1719461969195,178.95,125
1719461970239,179.65,25
1719461970626,179.15,75
1719461971219,179.55,75
1719461971545,180.15,75
1719461971721,180.25,50
1719461972203,180.0,25
1719461973015,180.7,25
1719461973206,179.4,50
1719461974176,179.05,25
1719461975250,179.5,200
1719461976245,178.95,25
1719461977191,178.55,50
1719461978153,178.35,25
1719461978417,178.15,25
1719461979206,177.25,100
1719461979559,177.15,100
1719461980100,178.25,25
1719461980847,177.55,50
1719461981264,178.05,75
1719461981994,177.7,100
1719461982238,178.0,25
1719461983216,180.0,50
1719461984221,181.35,100
1719461985222,181.55,25
1719461985574,180.4,25
1719461986194,180.5,75
1719461986851,181.65,25
1719461987393,180.95,125
1719461988257,181.15,150
1719461989249,180.95,25
1719461990248,181.4,25
1719461990641,180.45,25
1719461991157,180.3,25
1719461991808,180.75,50
1719461992169,180.65,25
1719461992833,180.7,275
1719461993102,180.05,150
1719461994031,181.2,25
1719461994149,181.0,25
1719461994999,181.25,325
1719461995232,181.15,150
1719461996258,182.0,50
1719461997267,179.4,25
1719461997451,179.1,50
1719461998254,179.25,50
1719461998815,179.2,25
1719461999183,179.85,25
1719462000008,179.9,25
1719462000177,179.7,50
1719462001093,180.4,25
1719462001568,180.1,75
1719462002207,181.8,50
1719462002465,182.45,100
1719462003259,181.15,100
1719462003885,180.45,50
1719462004251,181.05,25
1719462005263,181.25,25
1719462006166,181.8,25
1719462006871,182.4,50
1719462007192,183.45,25
1719462008463,184.05,50
1719462008667,183.45,50
1719462009266,183.8,50
1719462010291,183.95,125
1719462011260,183.1,150
1719462011904,181.7,25
1719462012485,182.0,25
1719462013309,182.65,175
1719462014258,181.85,25
1719462014707,182.2,50
1719462015264,182.2,100
1719462016063,182.25,25
1719462016471,182.5,75
1719462017152,182.0,25
1719462017453,182.55,200
1719462018261,183.05,25
1719462019089,182.45,25
1719462019277,182.2,75
1719462020450,183.5,25
1719462020450,183.5,25
1719462021267,182.8,200
1719462022073,181.4,25
1719462022195,180.85,50
1719462023272,179.25,25
1719462023468,179.7,75
1719462024269,179.9,25
1719462024717,178.85,25
1719462025281,178.4,150
1719462025886,179.15,25
1719462026244,179.2,25
1719462027129,178.45,25
1719462027129,178.45,25
1719462028121,178.45,50
1719462028226,177.9,75
1719462029328,179.05,100
1719462029438,179.05,25
1719462030188,179.3,50
1719462030662,179.55,25
1719462031242,180.3,200
1719462031406,180.15,25
1719462031851,181.15,150
1719462032162,180.95,25
1719462033013,180.45,50
1719462033280,180.2,75
1719462034126,180.55,25
1719462034126,180.55,25
1719462035218,179.55,25
1719462036238,180.15,25
1719462036945,180.45,200
1719462037226,180.1,25
1719462038079,179.75,75
1719462038248,179.5,25
1719462039346,179.85,100
1719462039451,179.95,50
1719462040264,180.1,25
1719462040517,180.5,100
1719462041070,180.1,100
1719462041697,179.25,25
1719462042223,178.3,75
1719462043211,179.1,100
1719462044321,177.45,50
1719462045308,178.85,25
1719462046258,178.85,150
1719462046860,179.2,50
1719462046992,178.7,250
1719462048133,179.15,25
1719462048229,179.2,50
1719462049274,179.45,25
1719462049274,179.45,25
1719462050302,181.1,125
1719462050302,181.1,125
1719462051424,180.8,200
1719462051946,181.15,100
1719462052224,181.8,25
1719462053365,182.6,125
1719462054295,182.3,25
1719462054742,181.3,150
1719462055232,181.05,25
1719462056125,180.75,50
1719462056298,180.1,50
1719462057224,179.3,25
1719462058224,179.15,100
1719462059277,178.45,150
1719462059966,179.15,75
1719462060438,179.55,25
1719462061352,180.2,25
1719462061559,180.85,100
1719462062304,181.6,275
1719462062772,181.3,25
1719462063272,180.5,75
1719462063994,180.15,100
1719462064284,179.4,75
1719462065565,178.45,25
1719462066258,178.3,50
1719462066942,178.55,25
1719462067319,178.55,175
1719462068226,179.05,50
1719462068334,178.55,25
1719462069245,179.55,25
1719462069364,179.15,25
1719462070104,178.95,100
1719462070492,178.35,150
1719462071109,178.7,25
1719462072187,178.45,25
1719462072239,178.3,75
1719462073206,178.65,25
1719462073206,178.65,25
1719462074293,179.3,25
1719462074491,179.1,50
1719462075161,179.1,100
1719462075912,178.6,50
1719462076270,178.85,75
1719462076926,178.4,25
1719462077138,178.55,25
1719462078180,179.35,125
1719462078284,179.25,75
1719462079187,179.3,50
1719462079187,179.3,50
1719462080132,179.25,25
1719462080377,178.4,50
1719462081274,178.7,25
1719462081595,178.35,25
1719462082285,178.0,1325
1719462083169,176.0,75
1719462084327,176.1,25
1719462084606,175.65,25
1719462085309,175.5,50
1719462085850,175.35,25
1719462086282,176.0,100
1719462087094,176.4,25
1719462087592,176.35,25
1719462088522,177.15,25
1719462088998,177.55,25
1719462089273,176.85,25
1719462090380,176.85,25
1719462091287,176.0,25
1719462091606,176.15,25
1719462092120,175.85,25
1719462092926,176.4,375
1719462093299,176.75,25
1719462093862,176.0,25
1719462094119,175.6,25
1719462095162,174.1,25
1719462096338,175.25,25
1719462096376,175.55,50
1719462097278,175.2,75
1719462097813,175.3,75
1719462098259,175.0,25
1719462099179,174.95,50
1719462099314,175.05,100
1719462100411,176.1,25
1719462101314,175.5,25
1719462101517,175.3,250
1719462102331,176.05,25
1719462102831,175.3,125
1719462103234,175.5,25
1719462104035,175.85,75
1719462104035,175.85,75
1719462105106,175.85,100
1719462105321,175.4,25
1719462106267,175.15,125
1719462106441,174.95,75
1719462107519,175.45,125
1719462108035,175.65,25
1719462108122,175.8,25
1719462109225,176.4,150
1719462109225,176.4,150
1719462110213,178.45,25
1719462110376,178.45,50
1719462111256,178.55,25
1719462112230,177.85,50
1719462112322,178.05,25
1719462113327,179.5,200
1719462113445,179.0,25
1719462114336,177.85,25
1719462114700,177.95,50
1719462115310,178.3,25
1719462115870,177.8,25
1719462116245,177.85,25
1719462116739,176.95,150
1719462117337,176.65,25
1719462118276,176.95,25
1719462118552,176.85,100
1719462119341,174.95,75
1719462119779,175.35,25
1719462120297,176.05,25
1719462121253,175.4,75
1719462121286,175.7,25
1719462121532,175.4,25
1719462122227,173.6,25
1719462122450,173.45,100
1719462123331,174.0,25
1719462123489,174.45,100
1719462124324,173.9,75
1719462125345,174.0,50
1719462126249,174.45,25
1719462126466,174.2,100
1719462127336,174.25,200
1719462127586,174.15,100
1719462128200,173.7,25
1719462128842,173.65,25
1719462129533,174.0,50
1719462130279,173.5,75
1719462130279,173.5,75
1719462131272,172.9,125
1719462132351,173.45,25
1719462132457,173.55,100
1719462133243,172.4,25
1719462134056,174.45,75
1719462134343,174.35,25
1719462135049,174.6,75
1719462136274,174.95,25
1719462136371,174.6,200
1719462137261,174.2,25
1719462137407,174.25,75
1719462138224,173.8,50
1719462138884,173.05,25
1719462139237,172.75,50
1719462139891,172.45,25
1719462140349,171.9,50
1719462141348,172.35,25
1719462142294,172.1,25
1719462142294,172.1,25
1719462143350,171.75,25
1719462143453,171.7,25
1719462144365,172.1,25
1719462144705,171.55,25
1719462145272,171.35,25
1719462145647,171.7,125
1719462146329,172.05,25
1719462147073,172.8,25
1719462147359,173.55,25
1719462148343,174.8,25
1719462149329,173.85,50
1719462150308,174.6,100
1719462151140,173.8,125
1719462151140,173.8,125
1719462152314,172.65,25
1719462152491,173.0,25
1719462153101,172.95,25
1719462153659,173.15,225
1719462154297,173.65,75
1719462154653,173.3,50
1719462155230,173.5,25
1719462156276,173.4,25
1719462157295,173.45,25
1719462158127,173.35,25
1719462158337,172.6,25
1719462159246,173.1,25
1719462160319,172.3,25
1719462160537,172.7,100
1719462161119,172.0,150
1719462161726,172.95,125
1719462162325,171.9,50
1719462163029,171.6,50
1719462163277,171.7,25
1719462164234,171.1,25
1719462164234,171.1,25
1719462165347,171.05,50
1719462166373,171.6,25
1719462166554,172.05,100
1719462167346,171.0,100
1719462167695,171.0,25
1719462168064,171.65,25
1719462169126,170.55,25
1719462169320,170.4,100
1719462170364,169.9,25
1719462170689,170.1,25
1719462171532,170.15,150
1719462171881,170.35,50
1719462172083,170.3,125
1719462173326,171.5,250
1719462173377,172.25,225
1719462174339,173.15,50
1719462175354,174.4,25
1719462175458,174.7,25
1719462176360,173.25,25
1719462176540,172.95,25
1719462176572,172.35,25
1719462177136,171.65,25
1719462177961,170.5,50
1719462178189,170.0,100
1719462179126,169.5,25
1719462179243,170.05,50
1719462180342,170.3,125
1719462181343,169.55,25
1719462181525,169.65,25
1719462182274,170.35,200
1719462182528,170.5,200
1719462183296,170.5,25
1719462183950,169.45,50
1719462184385,169.8,25
1719462185125,169.55,50
1719462185353,169.65,25
1719462186383,169.65,75
1719462187379,169.0,25
1719462188298,168.5,100
1719462188298,168.5,100
1719462189350,169.05,25
1719462189579,169.4,25
1719462190321,169.05,25
1719462190936,169.25,250
1719462191347,169.1,75
1719462192125,170.75,175
1719462192267,170.7,25
1719462193331,169.85,50
1719462194357,169.8,25
1719462194558,169.7,75
1719462195341,169.05,25
1719462195341,169.05,25
1719462196298,169.9,25
1719462196512,169.3,50
1719462197240,168.85,250
1719462197891,170.0,25
1719462198372,169.25,75
1719462199130,169.4,50
1719462199296,169.85,50
1719462200323,169.8,25
1719462201382,170.35,25
1719462202206,170.85,25
1719462203354,172.25,75
1719462204335,173.4,25
1719462204591,174.15,100
1719462205385,173.55,25
1719462205524,173.55,50
1719462206395,173.8,100
1719462206512,173.9,200
1719462207397,174.35,50
1719462207568,174.5,100
1719462208284,173.15,25
1719462208928,171.8,100
1719462209365,172.05,50
1719462210398,172.0,25
1719462211033,171.15,175
1719462211554,171.4,25
1719462212409,170.1,25
1719462213375,171.8,200
1719462213375,171.8,200
1719462214317,171.85,25
1719462214793,170.9,25
1719462215397,171.05,25
1719462216191,170.55,200
1719462216366,170.9,225
1719462217064,171.4,25
1719462217242,171.55,25
1719462217629,171.85,25
1719462219320,172.2,50
1719462220272,172.45,25
1719462220440,172.45,25
1719462221416,171.7,150
1719462221601,171.65,25
1719462222388,171.55,50
1719462222813,171.4,25
1719462223169,171.55,25
1719462223737,171.85,50
1719462224367,171.7,25
1719462225195,171.55,50
1719462225195,171.55,50
1719462226218,172.3,75
1719462227295,171.65,900
1719462227436,171.65,100
1719462227436,171.65,100
1719462228312,171.9,25
1719462229018,171.6,50
1719462229206,172.0,125
1719462230311,170.7,150
1719462231393,170.85,25
1719462231424,170.85,25
1719462232257,170.55,25
1719462233234,170.5,25
1719462233496,170.6,100
1719462234398,170.75,100
1719462234398,170.75,100
1719462235096,170.75,25
1719462235096,170.75,25
1719462236224,170.15,25
1719462236440,170.4,100
1719462236440,170.4,100
1719462237390,169.85,25
1719462238236,169.15,50
1719462238405,169.4,50
1719462239303,170.0,25
1719462240223,171.05,25
1719462241324,171.75,150
1719462241523,172.0,25
1719462241523,172.0,25
1719462242192,171.5,100
1719462242656,171.65,100
1719462243231,172.4,50
1719462243512,172.75,25
1719462243512,172.75,25
1719462244398,173.0,200
1719462244946,173.1,75
1719462245267,173.55,25
1719462246428,173.4,175
1719462247590,173.65,25
1719462248439,174.85,25
1719462249324,173.95,125
1719462249450,173.65,150
1719462250395,173.85,200
1719462250464,173.85,25
1719462251408,173.55,300
1719462251671,173.85,50
1719462252399,173.1,200
1719462252891,171.65,25
1719462253261,172.4,75
1719462253870,172.3,50
1719462254240,172.55,150
1719462255167,173.3,50
1719462255423,173.5,50
1719462256047,173.1,200
1719462256409,172.3,100
1719462257028,172.95,100
1719462257380,172.9,225
1719462258320,172.65,25
1719462258454,172.7,25
1719462259297,173.0,25
1719462259428,172.65,25
1719462260060,172.4,150
1719462260060,172.4,150
1719462261293,172.75,75
1719462261789,173.0,400
1719462262205,173.0,25
1719462263264,173.05,50
1719462263264,173.05,50
1719462264344,174.35,150
1719462264695,173.85,25
1719462265300,174.0,25
1719462265631,173.95,25
1719462266373,173.6,50
1719462266828,174.0,25
1719462267245,174.5,125
1719462267912,174.45,125
1719462268303,174.15,100
1719462269279,174.45,75
1719462269427,174.8,50
1719462270310,174.0,175
1719462270695,174.2,25
1719462271383,173.6,25
1719462271560,174.15,150
1719462271642,174.15,25
1719462272451,174.5,250
1719462272923,174.15,25
1719462273296,174.15,200
1719462274407,174.55,25
1719462274454,174.5,25
1719462275440,174.0,150
1719462276392,174.55,200
1719462276604,174.55,25
1719462277361,175.0,25
1719462277752,176.4,125
1719462278367,176.55,25
1719462279492,176.85,25
1719462280321,176.9,250
1719462280687,177.35,25
1719462281373,178.05,25
1719462282475,177.9,25
1719462283414,177.45,25
1719462283712,177.1,75
1719462284403,176.6,50
1719462284995,175.55,25
1719462285220,176.2,350
1719462286321,176.8,50
1719462286551,176.85,250
1719462287417,176.75,25
1719462287928,176.25,50
1719462288250,176.15,150
1719462289266,177.0,25
1719462290441,177.85,50
1719462290462,178.1,50
1719462291632,179.9,50
1719462292427,179.95,100
1719462293431,178.35,25
1719462294134,178.25,25
1719462294381,177.75,50
1719462295518,178.35,100
1719462295634,178.3,25
1719462296454,177.6,275
1719462296764,177.55,25
1719462297326,177.7,50
1719462298082,178.15,25
1719462298401,177.9,25
1719462328455,183.8,100
1719462328774,183.5,50
1719462329628,182.95,25
1719462331579,183.65,25
1719462332470,182.65,25
1719462333160,181.6,50
1719462333648,182.15,25
1719462334396,182.2,25
1719462334603,182.25,100
1719462335054,182.0,50
1719462335964,182.4,25
1719462336375,182.15,150
1719462337474,182.2,25
1719462337635,181.8,50
1719462338318,180.5,25
1719462338749,180.9,25
1719462339355,181.75,175
1719462339804,182.15,50
1719462340556,182.0,150
1719462340556,182.0,150
1719462341463,181.4,50
1719462342001,181.05,25
1719462342384,181.25,25
1719462348733,180.75,25
1719462349438,181.45,75
1719462350218,181.75,25
1719462350399,181.55,25
1719462351472,181.8,50
1719462352401,181.0,25
1719462352693,180.75,25
1719462353310,180.8,25
1719462354384,180.6,100
1719462354570,179.85,50
1719462355468,180.8,25
1719462355830,180.8,75
1719462356425,180.5,50
1719462356780,180.3,25
1719462357674,181.5,75
1719462357756,181.5,75
1719462358397,180.4,25
1719462359232,180.85,75
1719462359398,180.8,25
1719462360501,180.15,200
1719462361562,180.3,100
1719462361562,180.3,100
1719462362597,180.0,25
1719462362666,180.1,25
1719462363402,179.4,50
1719462363722,179.45,25
1719462364471,179.55,25
1719462364996,178.7,25
1719462365448,178.75,25
1719462366230,178.15,25
1719462366388,177.9,25
1719462367190,177.1,75
1719462367671,176.85,25
1719462368409,178.0,25
1719462369467,177.95,25
1719462370414,178.8,25
1719462370645,178.55,50
1719462371431,179.05,75
1719462371503,179.55,25
1719462372283,180.45,175
1719462372858,180.65,50
1719462373495,180.1,175
1719462373836,180.7,50
1719462405510,189.2,25
1719462406093,190.0,25
1719462406640,189.85,50
1719462407289,190.5,25
1719462407509,191.55,100
1719462408525,195.1,100
1719462408681,195.95,100
1719462409505,195.0,75
1719462412713,194.4,75
1719462413121,194.3,25
1719462413501,194.2,50
1719462414513,195.5,25
1719462414734,196.1,25
1719462415697,199.3,25
1719462416116,199.2,25
1719462416517,200.0,25
1719462417528,200.3,50
1719462417729,201.25,25
1719462418723,200.55,175
1719462419530,202.5,25
1719462420709,204.7,225
1719462421114,206.0,150
1719462421557,205.1,25
1719462422737,209.7,25
1719462423530,208.25,25
1719462424539,208.3,125
1719462425723,207.05,25
1719462425909,206.7,25
1719462426527,205.55,25
1719462427533,205.3,50
1719462427708,204.55,150
1719462428530,203.35,25
1719462428718,204.3,25
1719462429535,205.85,25
1719462429962,204.6,50
1719462430730,203.75,50
1719462431157,204.65,75
1719462431536,204.75,50
1719462432540,205.05,50
1719462433526,204.55,125
1719462433959,203.85,75
1719462434710,205.65,50
1719462434939,205.3,50
1719462435542,206.7,25
1719462436155,207.1,25
1719462436525,206.7,100
1719462437225,206.9,25
1719462437526,207.45,175
1719462438533,207.15,50
1719462438707,207.7,25
1719462439510,207.65,125
1719462439954,206.4,75
1719462440534,205.6,75
1719462441345,206.75,25
1719462441484,206.45,25
1719462442524,206.5,75
1719462442708,207.15,200
1719462443746,207.55,125
1719462444132,208.0,125
1719462444543,208.1,150
1719462445557,210.4,25
1719462446749,209.95,100
1719462446975,209.2,25
1719462447543,207.85,25
1719462447977,208.5,75
1719462448495,207.65,25
1719462449379,207.4,25
1719462449741,207.3,25
1719462450499,206.95,50
1719462450786,206.1,25
1719462451579,206.3,25
1719462451980,206.55,25
1719462452502,204.75,100
1719462452907,204.1,75
1719462453739,205.85,25
1719462454328,206.1,50
1719462454511,206.1,100
1719462455533,207.1,100
1719462456491,206.8,325
1719462456738,206.75,100
1719462457579,207.2,25
1719462457779,207.05,25
1719462458533,206.65,75
1719462458893,206.75,25
1719462459547,206.15,25
1719462459992,207.0,75
1719462460471,207.4,25
1719462461132,206.75,25
1719462461404,206.9,25
1719462462373,208.5,25
1719462462643,209.35,25
1719462463555,210.4,25
1719462463962,210.0,25
1719462464567,210.25,175
1719462465400,210.45,50
1719462465561,211.05,25
1719462466723,214.3,100
1719462467187,214.9,150
1719462467542,215.15,100
1719462468591,217.6,50
1719462468746,216.5,25
1719462469559,216.4,50
1719462470010,218.0,25
1719462470534,218.2,25
1719462471823,220.0,25
1719462472554,221.4,100
1719462473319,221.25,25
1719462473553,221.85,100
1719462474716,220.1,50
1719462474987,219.05,75
1719462475562,220.0,50
1719462476434,222.35,125
1719462476731,221.7,50
1719462477538,222.95,25
1719462478237,221.35,25
1719462478540,220.55,25
1719462479703,219.5,50
1719462479820,220.2,50
1719462480517,222.0,75
1719462481411,225.8,25
1719462481570,225.3,100
1719462482758,229.6,25
1719462483036,229.2,50
1719462483568,229.0,100
1719462486217,226.85,75
1719462486532,226.95,25
1719462487751,227.05,25
1719462487853,226.55,100
1719462488485,225.0,25
1719462488847,226.0,25
1719462489756,225.85,50
1719462490014,226.0,50
1719462490552,226.4,500
1719462491268,226.95,50
1719462491560,227.05,50
1719462492571,226.95,50
1719462492845,226.55,25
1719462493738,225.2,50
1719462494233,225.55,25
1719462494545,226.0,25
1719462495648,225.3,25
1719462496544,224.7,50
1719462497215,225.7,75
1719462497733,224.55,25
1719462498578,224.25,50
1719462498846,223.7,100
1719462499544,220.65,25
1719462500250,221.5,25
1719462500757,222.4,25
1719462501561,222.8,50
1719462501859,223.8,25
1719462502561,223.5,150
1719462503060,225.05,25
1719462503494,223.7,25
1719462504635,226.0,25
1719462505775,227.05,25
1719462506069,226.6,25
1719462506575,228.5,75
1719462509547,226.65,100
1719462510003,226.15,25
1719462510568,225.85,25
1719462511270,226.4,25
1719462511505,226.9,25
1719462512775,226.95,25
1719462512882,227.25,25
1719462513562,229.1,50
1719462514224,228.55,25
1719462514593,229.1,25
1719462515553,228.25,25
1719462515553,228.25,25
1719462516781,228.45,500
1719462517576,227.5,25
1719462518552,227.45,25
1719462519010,226.15,50
1719462519562,226.65,25
1719462520461,228.25,75
1719462520685,227.85,25
1719462521485,226.45,25
1719462522290,223.65,25
1719462522566,225.1,50
1719462523664,224.0,50
1719462523777,223.9,25
1719462524551,225.75,100
1719462525081,225.45,100
1719462525516,224.65,100
1719462525953,224.3,125
1719462526576,224.95,75
1719462527305,225.6,50
1719462527563,225.35,50
1719462528581,222.45,25
1719462528904,222.85,25
1719462535572,225.1,25
1719462536504,225.3,75
1719462536730,224.75,25
1719462545741,226.5,25
1719462545937,226.35,25
1719462546610,224.9,200
1719462547598,224.95,25
1719462548746,225.5,175
1719462549569,225.5,25
1719462550138,225.85,50
1719462550410,226.35,75
1719462551413,227.25,25
1719462551790,226.25,75
1719462560563,229.85,125
1719462561511,230.7,25
1719462561614,230.1,25
1719462563150,229.0,1550
1719462563751,229.1,475
1719462564300,230.0,25
1719462564570,229.35,100
1719462565562,229.1,25
1719462566601,228.65,50
1719462566601,228.65,50
1719462567666,230.0,25
1719462569592,230.15,50
1719462575150,230.8,100
1719462575564,229.85,25
1719462576152,229.5,25
1719462576596,229.0,25
1719462577183,227.9,50
1719462600570,233.0,25
1719462600785,233.3,25
1719462601524,234.9,50
1719462601524,234.9,50
1719462603629,231.4,200
1719462603799,232.1,25
1719462604610,230.3,50
1719462605358,230.95,50
1719462605603,231.3,75
1719462606639,229.9,225
1719462607804,230.3,125
1719462607991,230.55,25
1719462608618,231.35,25
1719462609192,230.55,50
1719462609622,230.0,25
1719462610214,229.85,50
1719462610630,229.75,75
1719462611638,230.35,50
1719462611831,230.0,25
1719462612498,230.35,25
1719462613222,231.5,25
1719462613633,230.35,50
1719462614393,230.5,50
1719462614618,232.2,100
1719462615502,232.4,25
1719462615502,232.4,25
1719462616839,230.55,25
1719462616839,230.55,25
1719462617623,230.1,375
1719462618225,230.0,500
1719462618642,230.0,25
1719462619512,228.6,25
1719462619813,229.1,25
1719462620815,227.7,300
1719462621248,228.0,150
1719462621644,228.15,50
1719462622423,226.95,75
1719462622521,227.05,25
1719462623576,227.3,50
1719462623806,227.25,25
1719462624643,226.5,325
1719462625189,226.25,100
1719462625634,226.9,50
1719462626646,226.9,25
1719462626646,226.9,25
1719462627852,228.75,100
1719462628648,230.4,25
1719462629058,230.1,75
1719462629645,230.55,50
1719462630219,229.75,25
1719462630587,230.3,25
1719462631494,232.1,25
1719462631660,231.1,75
1719462631713,230.85,150
1719462632795,233.0,50
1719462633007,232.85,200
1719462633609,233.1,50
1719462634289,234.9,50
1719462634621,233.7,25
1719462635630,234.9,50
1719462635853,234.45,100
1719462636663,233.75,25
1719462637055,233.6,75
1719462637825,234.6,50
1719462638072,234.5,25
1719462638642,234.5,50
1719462639048,233.8,50
1719462639553,233.1,25
1719462640145,233.3,100
1719462640664,233.0,1650
1719462641355,233.05,25
1719462641355,233.05,25
1719462642630,232.5,175
1719462642887,232.65,175
1719462643571,231.9,75
1719462644074,230.85,225
1719462644664,231.15,50
1719462645030,231.7,175
1719462645610,232.1,50
1719462646218,232.8,125
1719462646821,233.0,475
1719462647453,233.9,25
1719462647634,233.55,25
1719462648617,233.9,25
1719462648807,234.05,25
1719462649642,234.3,50
1719462650028,233.3,325
1719462650660,232.35,75
1719462651039,232.75,25
1719462651561,233.25,100
1719462652280,233.4,300
1719462652630,233.1,25
1719462653295,233.0,25
1719462653665,233.0,25
1719462657572,234.6,50
1719462658092,236.0,125
1719462658671,235.55,50
1719462659282,236.85,25
1719462659687,238.4,75
1719462660882,240.3,25
1719462661574,241.3,125
1719462661677,240.9,25
1719462662512,241.0,175
1719462662669,240.1,50
1719462663860,242.05,25
1719462664098,242.4,50
1719462664678,241.1,25
1719462665454,241.6,25
1719462665861,243.05,50
1719462666675,243.2,25
1719462666732,243.45,25
1719462667631,242.55,50
1719462668124,242.75,25
1719462668870,242.9,25
1719462669677,242.3,25
1719462669709,242.0,25
1719462670664,240.7,25
1719462671317,241.2,75
1719462671681,242.25,25
1719462672540,241.9,25
1719462672820,241.5,50
1719462673558,242.4,100
1719462673886,242.35,100
1719462674680,241.9,25
1719462675132,241.55,25
1719462675625,241.7,50
1719462676100,241.3,25
1719462676867,241.1,25
1719462677079,241.8,25
1719462677600,240.7,50
1719462678332,240.0,75
1719462678666,240.0,100
1719462679333,240.35,25
1719462679807,240.85,25
1719462680524,242.25,100
1719462680668,242.85,25
1719462681677,245.8,125
1719462682160,248.0,100
1719462682870,247.45,75
1719462683747,243.55,50
1719462684638,244.35,25
1719462685127,243.55,25
1719462685805,244.55,25
1719462686470,245.05,100
1719462686689,244.4,50
1719462687668,244.25,25
1719462688072,244.85,50
1719462688874,244.0,25
1719462689334,243.65,25
1719462689683,244.0,25
1719462690438,244.8,25
1719462690681,244.95,25
1719462691517,245.5,25
1719462691826,245.45,25
1719462692143,245.0,50
1719462692667,244.6,25
1719462693317,243.75,25
1719462693677,243.25,25
1719462694422,243.25,25
1719462694850,243.4,25
1719462695687,243.6,25
1719462695882,243.7,75
1719462696587,242.9,25
1719462697108,243.6,50
1719462697599,244.45,50
1719462702869,246.2,25
1719462703500,246.8,25
1719462703617,246.1,25
1719462704677,246.75,75
1719462704944,248.0,50
1719462705541,247.4,25
1719462735662,255.8,25
1719462736653,254.9,25
1719462737876,254.45,50
1719462738210,255.0,300
1719462738682,255.5,25
1719462739645,255.2,50
1719462739851,254.35,50
1719462740697,255.25,25
1719462740697,255.25,25
1719462741703,254.15,25
1719462742190,254.15,50
1719462742844,255.0,50
1719462745722,255.75,175
1719462745989,255.05,25
1719462746795,255.05,25
1719462747064,255.05,25
1719462747633,255.0,50
1719462748705,256.1,50
1719462748755,254.85,100
1719462749687,255.35,25
1719462749976,255.0,75
1719462750879,254.6,25
1719462751249,254.55,25
1719462751567,254.4,50
1719462751660,254.7,25
1719462752711,256.0,25
1719462752836,256.7,25
1719462753684,258.7,50
1719462754370,257.05,25
1719462754370,257.05,25
1719462755909,257.05,50
1719462756695,258.1,75
1719462757553,260.05,50
1719462758682,257.75,25
1719462758974,257.9,100
1719462759827,257.6,25
1719462760359,256.9,25
1719462760700,256.75,100
1719462767686,256.05,25
1719462767873,255.95,25
1719462768552,255.0,75
1719462769179,257.6,25
1719462769680,257.2,75
1719462770471,257.4,50
1719462770670,257.5,25
1719462771705,261.0,200
1719462771920,262.1,125
1719462772640,263.6,75
1719462773271,265.65,400
1719462773694,264.95,125
1719462774795,263.4,25
1719462775031,263.7,25
1719462775710,262.8,75
1719462776477,263.6,50
1719462776914,261.05,25
1719462777201,261.0,50
1719462777736,260.95,50
1719462778739,260.7,25
1719462779067,260.55,25
1719462779653,261.6,50
1719462780073,261.4,125
1719462780890,263.2,125
1719462781301,263.5,25
1719462781581,265.0,250
1719462781708,264.65,25
1719462782639,263.25,25
1719462782909,264.75,75
1719462783926,265.3,200
1719462784510,267.6,150
1719462784702,266.25,175
1719462785655,266.6,25
1719462786105,265.1,25
1719462786858,267.2,25
1719462787477,267.55,25
1719462787711,266.6,25
1719462788710,265.95,25
1719462788954,266.25,150
1719462789939,268.65,25
1719462790319,268.85,75
1719462790732,268.55,25
1719462791909,268.15,25
1719462792700,270.0,50
1719462793284,267.95,100
1719462793690,268.2,25
1719462794663,268.25,25
1719462794827,268.0,25
1719462795721,269.1,175
1719462796084,268.35,25
1719462796728,268.7,200
1719462797253,267.9,25
1719462797949,266.25,50
1719462798708,266.5,500
1719462798920,265.75,50
1719462799696,267.3,450
1719462800309,267.35,75
1719462800918,268.55,25
1719462801438,268.9,50
1719462801711,269.4,25
1719462802785,269.15,300
1719462803309,268.65,25
1719462803912,268.6,75
1719462804701,267.55,775
1719462805625,267.6,50
1719462806126,268.2,400
1719462806860,265.05,50
1719462807508,265.0,75
1719462807746,265.3,50
1719462808762,265.45,25
1719462808911,265.65,150
1719462809971,262.8,125
1719462810551,263.9,250
1719462810732,263.45,50
1719462811520,262.75,25
1719462811877,261.9,25
1719462812074,261.9,75
1719462812775,261.05,25
1719462813770,263.2,25
1719462814915,261.75,25
1719462815568,262.9,200
1719462815753,261.45,25
1719462816709,263.45,25
1719462816963,262.5,25
1719462817759,262.75,25
1719462818155,261.9,25
1719462818960,261.25,25
1719462819517,260.2,100
1719462819752,259.75,50
1719462820550,258.95,25
1719462820744,258.0,25
1719462821561,257.05,25
1719462821765,257.3,50
1719462822901,258.15,50
1719462823178,259.75,50
1719462823701,258.55,50
1719462824784,258.5,50
1719462825951,258.85,25
1719462826240,259.3,50
1719462826683,258.45,100
1719462827737,259.95,25
1719462828144,259.8,50
1719462828913,258.45,100
1719462829486,259.4,25
1719462829716,259.45,25
1719462830565,260.6,50
1719462830733,260.2,25
1719462831727,259.05,25
1719462831998,259.2,25
1719462832832,261.5,200
1719462833081,260.9,25
1719462833658,260.15,25
1719462834534,260.7,50
1719462834720,260.6,50
1719462835491,260.6,25
1719462836176,259.45,25
1719462836585,259.75,25
1719462837079,259.85,25
1719462837773,260.4,25
1719462838516,260.75,125
1719462838516,260.75,125
1719462839713,263.0,25
1719462839713,263.0,25
1719462840760,262.7,175
1719462841210,262.3,25
1719462841563,262.4,25
1719462841641,262.55,50
1719462842350,263.1,25
1719462842966,262.2,300
1719462843584,263.55,175
1719462843776,262.5,100
1719462844474,263.7,100
1719462844957,263.7,25
1719462845657,263.0,25
1719462846594,260.6,25
1719462846914,261.05,25
1719462847797,260.6,25
1719462847930,260.0,25
1719462848707,260.65,50
1719462849346,260.0,250
1719462849346,260.0,250
1719462850538,260.1,50
1719462850634,261.1,100
1719462851942,262.15,150
1719462852226,262.1,25
1719462852625,261.15,25
1719462853538,261.6,25
1719462853773,261.8,25
1719462854421,261.0,25
1719462854421,261.0,25
1719462855773,261.65,125
1719462856112,261.8,25
1719462856785,260.55,200
1719462857357,261.4,25
1719462857714,261.7,25
1719462858432,262.0,475
1719462858689,260.35,25
1719462859550,260.85,25
1719462859550,260.85,25
1719462860505,261.7,25
1719462861222,261.8,25
1719462861819,263.0,250
1719462862613,262.55,50
1719462862738,262.9,100
1719462863641,263.0,25
1719462863770,263.2,25
1719462864938,263.25,75
1719462864938,263.25,75
1719462865551,265.0,450
1719462866309,264.35,25
1719462866784,263.9,50
1719462867913,263.05,100
1719462868018,263.8,25
1719462868561,263.45,25
1719462869433,262.85,50
1719462869558,262.1,50
1719462870622,262.25,25
1719462870622,262.25,25
1719462871553,263.1,25
1719462871748,262.45,50
1719462872068,262.35,25
1719462872907,261.85,100
1719462873259,262.8,100
1719462873626,262.65,25
1719462874564,262.2,50
1719462874716,262.1,25
1719462875504,263.45,150
1719462876621,263.85,25
1719462876786,263.3,50
1719462877864,264.15,25
1719462879004,264.4,50
1719462879761,264.4,75
1719462880202,264.7,125
1719462880688,264.3,450
1719462881423,265.85,25
1719462881624,265.6,50
1719462882468,265.15,25
1719462882825,265.95,50
1719462883883,265.35,100
1719462884775,264.9,25
1719462885030,264.4,25
1719462886002,263.45,125
1719462886387,264.25,100
1719462886784,264.6,50
1719462887749,265.2,25
1719462887749,265.2,25
1719462888828,264.6,50
1719462889292,263.8,25
1719462889581,264.05,50
1719462890714,265.3,150
1719462891569,265.0,25
1719462891768,264.65,50
1719462892789,265.75,25
1719462893805,265.2,50
1719462894025,265.3,25
1719462894688,266.15,25
1719462895446,266.65,25
1719462895786,265.75,250
1719462896491,267.5,825
1719462896765,267.6,50
1719462897769,268.5,25
1719462897862,268.1,50
1719462899017,272.0,325
1719462899233,273.2,150
1719462899810,272.25,25
1719462900894,273.6,25
1719462900973,273.5,75
1719462901579,271.8,25
1719462901775,269.95,125
1719462902806,269.3,50
1719462903981,266.85,50
1719462904239,265.5,50
1719462904788,265.5,425
1719462905694,263.9,50
1719462906812,266.55,25
1719462907694,267.6,25
1719462908011,267.05,100
1719462908810,267.75,25
1719462909114,268.35,175
1719462909772,267.95,25
1719462910310,267.55,50
1719462910606,267.1,75
1719462911591,265.55,25
1719462912028,266.6,325
1719462912720,267.2,25
1719462912720,267.2,25
1719462913751,266.45,50
1719462914027,266.75,50
1719462914822,266.1,25
1719462915155,267.05,25
1719462915616,267.1,25
1719462916699,267.35,50
1719462916792,266.5,100
1719462917724,265.5,25
1719462917831,265.4,25
1719462918651,267.3,25
1719462918997,266.9,25
1719462920008,267.6,150
1719462920275,267.4,25
1719462920746,266.65,200
1719462921525,268.35,25
1719462921749,269.9,25
1719462922638,270.45,25
1719462922817,270.75,175
1719462923926,269.4,25
1719462924708,268.8,75
1719462925354,269.25,25
1719462925823,269.15,25
1719462926503,268.45,50
1719462926772,268.6,25
1719462927456,268.7,675
1719462927855,268.3,75
1719462928546,267.7,50
1719462929131,267.75,50
1719462929813,266.9,250
1719462930355,266.65,25
1719462930786,266.2,25
1719462931591,267.9,25
1719462931591,267.9,25
1719462931791,266.8,75
1719462932807,267.5,25
1719462933759,268.05,25
1719462933891,267.8,300
1719462934699,268.85,50
1719462935541,267.9,25
1719462935541,267.9,25
1719462936809,269.8,500
1719462937972,272.5,175
1719462938342,273.4,25
1719462938815,272.65,300
1719462939823,273.8,25
1719462940822,273.35,25
1719462941843,275.4,125
1719462941959,274.5,25
1719462942821,276.65,25
1719462943566,277.75,100
1719462943822,278.3,25
1719462944799,279.1,25
1719462945135,278.55,25
1719462945824,276.95,50
1719462946423,276.7,50
1719462946798,275.0,50
1719462947563,273.75,25
1719462948047,275.0,100
1719462948780,272.6,25
1719462949764,273.55,25
1719462950741,271.6,25
1719462951163,272.4,100
1719462951813,272.5,50
1719462952118,270.6,100
1719462952570,271.05,50
1719462953688,271.6,25
1719462953849,270.75,25
1719462954851,271.25,25
1719462954887,271.05,100
1719462955828,272.15,25
1719462955975,271.45,25
1719462957036,271.1,25
1719462957584,270.0,25
1719462957878,270.05,50
1719462958822,270.0,25
1719462959715,268.2,25
1719462959981,269.0,25
1719462960814,271.45,25
1719462961277,272.45,25
1719462961543,272.65,25
1719462962025,273.7,25
1719462962782,273.35,50
1719462962804,273.3,75
1719462963575,271.6,50
1719462964637,270.6,25
1719462965214,270.0,25
1719462965951,269.7,25
1719462966385,269.85,25
1719462966855,269.7,200
1719462967596,268.9,25
1719462968730,267.8,25
1719462968730,267.8,25
1719462969722,269.8,25
1719462970200,271.0,25
1719462970841,271.35,25
1719462971570,271.35,150
1719462971623,270.85,25
1719462972856,272.15,25
1719462973770,272.0,50
1719462974873,271.25,25
1719462975805,271.65,50
1719462975946,271.8,100
1719462976854,271.05,200
1719462977074,272.0,125
1719462978005,271.05,25
1719462978005,271.05,25
1719462978700,271.05,75
1719462979587,270.3,25
1719462979859,270.4,25
1719462980395,270.1,25
1719462980688,270.7,500
1719462981609,271.0,25
1719462981777,271.4,200
1719462982635,270.75,125
1719462983785,269.25,25
1719462983824,269.6,200
1719462984832,270.2,25
1719462984832,270.2,25
1719462985847,268.65,25
1719462985847,268.65,25
1719462986870,268.5,25
1719462987229,269.75,550
1719462987881,268.6,25
1719462988178,268.3,25
1719462988747,267.8,300
1719462988986,267.15,25
1719462990077,267.6,25
1719462990790,267.45,25
1719462990837,267.55,50
1719462991537,267.95,25
1719462991681,267.15,75
1719462991681,267.15,75
1719462993018,268.1,25
1719462993219,268.0,25
1719462993822,268.4,25
1719462993822,268.4,25
1719462994844,267.85,25
1719462995630,268.15,25
1719462995750,267.8,125
1719462996791,269.0,150
1719462996791,269.0,150
1719462997581,268.25,25
1719462997581,268.25,25
1719462998794,268.2,25
1719462999032,268.6,25
1719462999869,269.2,25
1719463000389,268.5,75
1719463000585,268.85,25
1719463001490,267.3,25
1719463001490,267.3,25
1719463002462,268.2,500
1719463002462,268.2,500
1719463014653,270.5,25
1719463015785,270.0,125
1719463016716,270.25,25
1719463017042,271.1,25
1719463017728,271.0,75
1719463018150,272.35,100
1719463018883,272.9,25
1719463019505,273.9,25
1719463019863,273.2,25
1719463020832,275.75,50
1719463021399,274.9,25
1719463021866,276.35,25
1719463021917,276.7,50
1719463022758,275.1,25
1719463023236,275.1,75
1719463023873,275.0,25
1719463024279,275.6,25
1719463024784,275.85,25
1719463025122,275.55,25
1719463025851,276.3,25
1719463026372,276.45,125
1719463026873,276.3,25
1719463027883,276.95,75
1719463028832,279.8,275
1719463029483,278.05,25
1719463029879,279.2,100
1719463030637,281.55,325
1719463030826,280.65,75
1719463031892,283.05,25
1719463032871,282.95,75
1719463033084,281.95,25
1719463034082,279.3,125
1719463034246,278.75,100
1719463034880,276.6,50
1719463035545,274.0,25
1719463035826,273.9,75
1719463036866,272.6,25
1719463037883,273.35,75
1719463038477,271.8,25
1719463038894,272.1,25
1719463039645,273.0,175
1719463039645,273.0,175
1719463040772,273.1,25
1719463041770,271.75,25
1719463042897,271.2,175
1719463043025,271.9,25
1719463043880,270.5,25
1719463043992,271.4,50
1719463044878,272.95,25
1719463045395,272.15,25
1719463045902,272.6,25
1719463046673,272.1,50
1719463046845,272.5,50
1719463047364,272.15,25
1719463047364,272.15,25
1719463048654,272.5,25
1719463049826,271.35,25
1719463049826,271.35,25
1719463050778,271.6,25
1719463051329,270.7,25
1719463051581,270.1,50
1719463051868,270.0,100
1719463052668,268.2,50
1719463052899,268.85,25
1719463053913,269.0,25
1719463054860,269.4,25
1719463054931,269.75,50
1719463055862,269.65,25
1719463056254,269.9,50
1719463056692,269.45,75
1719463057626,269.15,25
1719463057853,267.75,25
1719463058611,267.15,25
1719463058882,267.4,100
1719463059824,268.1,25
1719463060884,267.75,125
1719463061842,268.5,100
1719463062309,269.0,50
1719463062840,268.75,125
1719463063528,267.8,25
1719463063824,268.25,25
1719463064676,267.15,50
1719463064907,266.95,25
1719463065544,267.0,25
1719463065544,267.0,25
1719463066886,266.55,25
1719463066886,266.55,25
1719463067907,268.1,25
1719463068912,268.6,25
1719463069133,268.75,75
1719463069876,269.35,50
1719463070279,269.9,25
1719463070845,270.65,25
1719463071470,269.8,100
1719463071826,268.5,25
1719463072755,270.15,100
1719463072908,268.8,25
1719463073814,268.1,50
1719463073945,268.0,25
1719463074914,268.35,100
1719463075890,268.75,25
1719463076107,269.05,25
1719463076782,268.65,50
1719463077350,269.95,50
1719463077665,269.4,200
1719463078372,270.0,25
1719463078789,269.45,75
1719463079339,269.3,25
1719463080094,268.0,50
1719463080974,267.1,100
1719463081331,268.95,100
1719463081331,268.95,100
1719463082093,268.2,25
1719463082725,269.25,50
1719463082725,269.25,50
1719463083879,270.0,25
1719463084253,272.15,25
1719463084890,270.3,25
1719463085562,271.9,25
1719463085870,271.25,25
1719463086750,270.05,100
1719463086916,270.25,125
1719463087529,271.2,25
1719463087862,271.0,25
1719463088770,269.35,50
1719463089844,269.55,25
1719463090772,270.25,75
1719463090772,270.25,75
1719463091638,270.6,25
1719463091802,270.2,25
1719463092534,270.95,25
1719463093958,270.9,25
1719463093958,270.9,25
1719463094783,271.4,25
1719463094783,271.4,25
1719463095858,272.0,25
1719463096177,272.85,200
1719463096760,272.1,25
1719463097750,271.2,25
1719463097817,270.7,25
1719463098630,270.85,50
1719463098630,270.85,50
1719463099691,269.6,300
1719463099691,269.6,300
1719463100858,271.0,200
1719463101227,271.0,350
1719463101847,270.6,25
1719463102251,271.6,100
1719463102885,271.2,25
1719463103503,271.15,50
1719463103803,271.6,50
1719463104496,271.25,775
1719463104496,271.25,775
1719463105660,271.65,50
1719463105660,271.65,50
1719463106789,271.4,25
1719463107925,271.0,50
1719463107925,271.0,50
1719463108893,271.35,50
1719463108893,271.35,50
1719463109923,270.0,25
1719463110005,268.6,25
1719463110470,270.55,25
1719463110978,270.6,75
1719463110978,270.6,75
1719463111918,270.65,150
1719463112493,270.05,50
1719463112905,269.7,75
1719463113139,270.05,50
1719463113806,269.8,25
1719463114367,269.85,75
1719463114902,268.2,25
1719463115213,269.1,25
1719463115917,268.75,25
1719463116806,268.9,50
1719463116806,268.9,50
1719463117320,268.9,150
1719463117944,269.35,100
1719463118910,270.1,25
1719463119629,269.75,200
1719463120036,270.6,200
1719463120884,271.6,75
1719463121436,273.1,25
1719463121923,273.65,25
1719463122578,275.6,100
1719463122798,276.9,50
1719463123961,277.65,25
1719463124974,275.2,100
1719463125146,275.35,50
1719463125754,276.1,25
1719463126180,276.95,25
1719463126958,277.5,25
1719463127946,277.05,25
1719463128836,274.65,100
1719463128965,275.7,100
1719463129972,273.3,25
1719463130618,273.7,25
1719463131451,272.75,25
1719463131876,273.05,800
1719463132633,273.35,25
1719463132941,273.7,50
1719463133803,273.7,25
1719463134930,273.3,25
1719463135009,273.0,25
1719463135904,272.65,50
1719463135904,272.65,50
1719463136882,273.6,25
1719463137914,273.45,50
1719463137914,273.45,50
1719463138961,274.35,75
1719463139426,276.35,200
1719463139655,276.9,50
1719463140622,275.6,100
1719463140733,276.25,25
1719463141574,276.7,25
1719463141785,276.8,200
1719463141949,276.8,25
1719463142977,276.15,25
1719463143780,275.1,25
1719463143780,275.1,25
1719463144934,274.0,75
1719463144934,274.0,75
1719463145799,274.9,125
1719463146178,274.25,50
1719463146945,275.5,100
1719463147274,275.25,25
1719463147812,274.85,50
1719463148112,275.45,25
1719463148858,275.45,25
1719463149713,274.25,25
1719463150771,273.55,25
1719463150771,273.55,25
1719463151962,274.6,25
1719463152426,274.5,25
1719463152426,274.5,25
1719463153846,277.1,75
1719463153985,276.85,200
1719463154885,277.1,100
1719463155554,277.65,50
1719463155970,276.35,25
1719463156889,276.65,25
1719463156889,276.65,25
1719463157383,276.55,50
1719463157383,276.55,50
1719463158939,275.0,25
1719463158993,274.2,225
1719463159590,275.65,25
1719463160043,275.2,25
1719463160789,275.0,75
1719463161273,275.85,50
1719463161820,276.0,50
1719463162647,276.0,50
1719463162647,276.0,50
1719463163580,276.2,150
1719463163580,276.2,150
1719463164755,276.85,25
1719463164755,276.85,25
1719463165903,277.55,25
1719463166122,277.0,25
1719463167025,276.95,25
1719463167659,275.75,50
1719463168219,276.85,50
1719463168761,276.2,50
1719463169184,275.1,25
1719463169845,274.55,50
1719463170457,275.5,25
1719463170876,274.0,25
1719463171580,275.6,50
1719463171594,274.95,25
1719463171982,274.35,25
1719463172476,275.25,125
1719463172950,275.9,50
1719463173895,275.65,50
1719463174826,275.25,125
1719463175899,273.65,25
1719463175963,273.65,50
1719463176876,274.55,25
1719463177797,274.7,250
1719463178098,274.1,25
1719463178184,273.25,25
1719463178928,274.65,25
1719463179409,274.45,25
1719463180172,273.1,100
1719463180414,272.55,100
1719463180953,274.85,75
1719463181936,276.4,50
1719463182002,276.8,25
1719463182815,277.2,25
1719463183272,277.45,50
1719463183657,277.05,25
1719463184376,276.0,125
1719463184850,277.2,75
1719463185477,275.5,25
1719463185893,275.65,25
1719463186510,274.5,75
1719463186510,274.5,75
1719463187507,274.05,75
1719463187507,274.05,75
1719463188333,274.55,50
1719463188333,274.55,50
1719463189641,273.65,125
1719463190696,272.0,50
1719463190696,272.0,50
1719463191984,272.9,125
1719463192357,272.5,175
1719463192983,272.55,50
1719463193530,273.1,25
1719463193765,272.6,25
1719463194443,272.4,25
1719463194977,272.9,100
1719463195329,272.4,75
1719463195646,272.25,25
1719463196202,272.45,25
1719463196847,272.35,100
1719463197345,272.55,75
1719463197696,273.2,25
1719463198937,273.3,100
1719463199747,273.85,600
1719463199895,273.1,500
1719463201078,273.4,100
1719463201564,273.55,25
1719463201645,273.55,25
1719463201645,273.55,25
1719463202955,273.05,25
1719463202955,273.05,25
1719463203967,271.8,25
1719463204490,272.75,25
1719463204877,273.85,50
1719463205126,273.85,750
1719463205596,272.6,25
1719463206742,272.9,25
1719463206928,272.2,25
1719463207060,272.1,25
1719463208778,273.0,225
1719463208778,273.0,225
1719463209837,272.25,25
1719463210829,274.95,100
1719463211181,275.85,75
1719463211723,275.3,25
1719463212558,277.05,25
1719463212843,277.3,25
1719463213636,276.15,25
1719463213840,276.2,25
1719463215001,275.5,50
1719463215964,275.15,100
1719463216615,275.15,25
1719463217988,274.8,25
1719463217988,274.8,25
1719463218797,274.4,25
1719463219030,273.6,25
1719463219971,274.15,125
1719463220082,274.2,25
1719463220982,274.45,25
1719463220982,274.45,25
1719463221846,274.25,50
1719463222306,275.6,25
1719463222987,274.95,25
1719463223848,275.95,25
1719463224902,278.0,50
1719463225016,277.9,125
1719463225876,277.05,100
1719463226190,278.85,200
1719463226966,277.85,25
1719463227092,278.45,25
1719463228219,280.05,25
1719463228380,280.4,50
1719463228909,279.4,25
1719463229630,277.25,25
1719463229889,277.0,125
1719463230609,277.1,100
1719463230976,275.6,50
1719463231473,275.55,25
1719463231625,275.2,75
1719463232032,277.3,25
1719463232409,277.8,200
1719463233509,276.75,25
1719463234532,276.3,50
1719463235398,275.0,25
1719463235907,274.15,50
1719463236828,275.2,50
1719463237226,275.0,25
1719463237790,275.3,25
1719463237790,275.3,25
1719463238956,275.1,25
1719463239392,275.15,25
1719463239957,274.5,275
1719463240661,274.25,125
1719463240661,274.25,125
1719463241946,273.4,25
1719463242815,273.65,75
1719463243128,273.0,50
1719463243710,273.6,400
1719463243710,273.6,400
1719463245047,274.15,50
1719463245728,274.05,25
1719463246581,275.15,25
1719463246954,275.25,50
1719463247439,274.55,25
1719463247720,274.9,300
1719463248629,274.25,50
1719463248781,274.95,25
1719463249553,274.2,25
1719463249730,273.45,100
1719463250562,274.75,25
1719463250562,274.75,25
1719463253526,276.1,25
1719463254050,275.3,25
1719463254987,274.3,25
1719463255260,274.55,150
1719463255901,275.1,25
1719463256169,274.9,25
1719463256849,274.2,50
1719463257263,274.65,50
1719463257263,274.65,50
1719463258758,272.4,125
1719463258988,272.45,150
1719463259904,273.55,50
1719463260817,272.85,25
1719463261499,274.2,200
1719463261969,275.3,25
1719463261969,275.3,25
1719463262980,276.7,25
1719463263183,275.65,200
1719463263879,274.0,25
1719463264049,273.75,125
1719463264973,274.5,150
1719463264973,274.5,150
1719463265963,275.4,50
1719463266658,275.05,25
1719463266658,275.05,25
1719463281083,282.25,25
1719463282028,280.85,25
1719463282208,281.8,50
1719463283009,280.4,25
1719463283496,280.35,100
1719463284236,279.95,175
1719463304303,279.3,50
1719463304970,279.2,400
1719463305242,279.2,50
1719463305808,278.55,50
1719463306288,278.85,50
1719463309122,278.5,25
1719463309761,278.3,50
1719463310099,277.6,25
1719463311043,278.55,75
1719463311323,278.1,25
1719463312053,278.8,50
1719463312053,278.8,50
1719463312864,280.65,25
1719463313513,280.6,25
1719463313997,280.25,50
1719463315105,280.0,50
1719463315810,279.6,25
1719463315810,279.6,25
1719463316926,279.6,200
1719463317437,279.65,50
1719463317688,278.65,50
1719463318680,278.05,50
1719463319262,278.5,50
1719463319896,279.2,25
1719463319896,279.2,25
1719463330059,279.6,75
1719463330059,279.6,75
1719463331035,278.0,50
1719463331136,278.4,100
1719463359065,283.8,150
1719463359134,283.7,25
1719463359937,283.55,25
1719463360091,284.25,50
1719463360924,283.2,25
1719463361517,284.25,50
1719463361930,284.3,75
1719463362705,282.05,75
1719463363084,281.65,150
1719463363816,280.85,25
1719463364089,280.65,75
1719463365039,281.75,100
1719463365914,281.7,100
1719463365914,281.7,100
1719463367200,281.05,25
1719463367889,281.35,25
1719463368356,281.35,50
1719463369054,282.95,25
1719463369255,282.5,50
1719463370009,283.05,25
1719463370628,282.7,200
1719463371083,283.15,75
1719463371573,282.9,50
1719463371958,282.7,25
1719463372765,283.9,50
1719463373053,283.0,400
1719463374221,283.2,25
1719463379065,281.7,25
1719463380090,280.0,50
1719463380451,279.6,400
1719463381197,279.25,25
1719463381576,278.25,50
1719463381958,278.0,25
1719463381958,278.0,25
1719463383027,277.65,200
1719463383239,277.2,25
1719463383986,276.65,175
1719463384367,277.6,50
1719463384838,278.6,100
1719463385402,278.0,225
1719463386098,278.25,200
1719463387004,280.0,850
1719463388023,279.15,175
1719463388023,279.15,175
1719463388943,278.4,25
1719463389275,278.15,100
1719463389720,278.7,100
1719463390591,278.8,50
1719463391079,278.05,25
1719463391848,277.0,50
1719463391848,277.0,50
1719463393115,277.3,25
1719463393115,277.3,25
1719463393948,276.8,25
1719463394237,277.0,25
1719463395032,276.0,100
1719463395380,275.5,25
1719463396086,276.35,50
1719463396411,275.5,50
1719463397058,276.3,50
1719463397557,275.5,100
1719463397883,275.35,25
1719463398738,275.2,25
1719463398738,275.2,25
1719463399971,276.25,325
1719463400271,276.6,25
1719463400745,276.3,25
1719463401197,275.6,75
1719463402077,275.25,100
1719463402440,275.9,25
1719463402822,275.1,25
1719463403457,276.2,25
1719463404106,275.05,50
1719463404834,275.0,25
1719463404934,274.9,25
1719463406062,274.1,25
1719463407120,272.35,25
1719463407291,270.55,25
1719463408112,271.4,125
1719463408897,270.35,25
1719463409127,269.95,25
1719463409999,269.4,100
1719463410292,268.95,25
1719463411127,269.2,25
1719463411283,268.9,25
1719463411565,270.05,25
1719463412021,270.85,125
1719463412436,270.4,25
1719463413074,270.65,25
1719463413485,270.05,25
1719463414110,270.8,200
1719463415079,270.3,50
1719463415316,270.95,25
1719463416090,270.65,50
1719463416501,269.65,25
1719463416727,269.0,25
1719463417655,269.45,25
1719463417803,269.1,25
1719463418914,269.15,25
1719463419968,268.9,200
1719463420453,268.2,25
1719463420812,269.1,50
1719463421447,269.6,100
1719463422029,269.7,50
1719463422703,268.7,25
1719463422703,268.7,25
1719463424088,268.05,50
1719463424307,268.15,75
1719463425216,267.55,25
1719463426045,268.55,25
1719463426699,268.0,25
1719463427041,268.9,150
1719463428131,266.2,25
1719463428334,262.0,75
1719463429090,259.45,25
1719463429828,259.15,50
1719463430280,261.55,50
1719463430980,261.85,50
1719463431551,261.8,25
1719463432069,261.0,50
1719463432917,256.3,75
1719463433151,257.2,25
1719463434299,260.0,25
1719463434690,259.25,50
1719463435144,259.6,100
1719463436040,259.4,100
1719463436345,259.55,50
1719463437254,259.9,75
1719463437464,260.0,25
1719463438125,259.6,50
1719463439057,259.65,25
1719463440104,260.05,75
1719463440563,260.55,25
1719463441338,261.0,100
1719463441376,260.6,25
1719463441940,261.3,225
1719463442086,260.9,25
1719463442961,262.7,25
1719463443988,263.5,75
1719463444226,263.75,25
1719463445133,264.1,200
1719463445366,264.25,25
1719463445887,264.25,50
1719463458087,265.9,25
1719463458087,265.9,25
1719463459052,265.45,25
1719463459596,263.5,50
1719463459852,263.1,25
1719463460857,262.3,25
1719463460857,262.3,25
1719463462100,262.8,25
1719463462259,262.4,25
1719463463011,262.55,25
1719463463922,264.85,25
1719463465930,262.7,25
1719463466329,262.55,25
1719463467006,263.85,25
1719463468049,265.0,100
1719463468049,265.0,100
1719463469133,265.1,25
1719463469232,265.55,50
1719463470127,265.8,50
1719463470787,267.95,50
1719463471155,268.95,25
1719463471524,268.55,25
1719463471979,267.4,50
1719463472386,268.1,100
1719463473065,269.05,50
1719463473502,268.6,25
1719463474152,269.45,50
1719463474822,268.85,25
1719463474822,268.85,25
1719463476053,269.0,25
1719463476229,268.45,25
1719463476864,269.0,25
1719463477489,268.9,75
1719463477489,268.9,75
1719463478368,267.7,25
1719463478764,265.8,25
1719463479535,266.35,25
1719463479535,266.35,25
1719463481136,264.1,25
1719463481574,263.35,25
1719463481907,263.7,150
1719463482883,263.2,25
1719463482883,263.2,25
1719463484045,263.1,25
1719463484371,263.4,25
1719463485159,262.7,50
1719463485561,262.9,25
1719463486012,263.6,50
1719463486768,262.95,25
1719463486768,262.95,25
1719463487589,263.2,25
1719463487589,263.2,25
1719463488673,262.8,25
1719463491233,262.0,250
1719463492115,261.75,25
1719463492908,261.6,25
1719463493059,261.0,125
1719463494977,261.7,50
1719463496113,262.2,25
1719463497165,262.1,125
1719463497165,262.1,125
1719463497856,263.0,25
1719463498633,262.0,25
1719463499140,262.0,100
1719463499321,262.0,50
1719463501150,262.1,50
1719463501284,262.65,25
1719463501671,262.25,25
1719463502058,262.35,50
1719463502796,262.1,675
1719463502866,262.1,25
1719463504024,261.0,50
1719463504387,262.1,200
1719463504631,261.6,25
1719463505555,261.1,25
1719463506140,258.55,25
1719463507244,259.15,100
1719463508060,261.15,175
1719463508689,260.45,25
1719463509183,261.5,25
1719463510166,260.25,200
1719463510338,260.8,25
1719463510921,259.9,25
1719463512072,258.0,25
1719463512147,258.4,25
1719463513044,258.45,25
1719463513585,258.9,200
1719463513956,258.95,25
1719463514903,258.7,25
1719463514903,258.7,25
1719463516183,257.8,25
1719463516371,257.8,25
1719463517169,258.0,50
1719463517540,258.1,25
1719463518093,258.7,25
1719463518889,258.05,25
1719463519068,258.75,150
1719463519984,259.9,50
1719463520257,260.3,25
1719463520822,261.15,75
1719463521614,261.75,25
1719463522170,261.3,25
1719463523165,263.1,100
1719463523476,262.35,25
1719463524090,262.7,25
1719463524838,264.7,175
1719463525142,264.85,50
1719463526169,263.35,25
1719463526286,263.75,100
1719463526756,264.7,25
1719463526756,264.7,25
1719463528047,265.0,25
1719463528047,265.0,25
1719463529353,265.0,25
1719463529881,264.7,25
1719463530489,266.2,200
1719463531036,266.75,50
1719463531036,266.75,50
1719463532183,268.15,75
1719463532208,268.0,25
1719463532825,267.4,25
1719463533876,266.3,200
1719463534130,266.7,50
1719463535127,266.2,25
1719463535445,267.05,175
1719463535901,267.05,75
1719463537192,270.0,50
1719463537305,269.3,25
1719463538166,268.9,725
1719463538915,268.7,25
1719463539183,268.6,25
1719463539988,267.9,25
1719463540223,268.35,225
1719463540888,268.95,150
1719463541788,267.85,250
1719463542968,268.35,25
1719463543449,268.9,25
1719463543687,268.8,50
1719463544372,268.45,50
1719463545208,268.1,50
1719463545872,269.0,200
1719463545872,269.0,200
1719463546890,269.25,25
1719463547309,269.2,50
1719463550163,271.95,50
1719463550567,272.2,25
1719463551163,271.45,200
1719463552188,270.65,25
1719463552327,269.95,25
1719463553154,269.7,100
1719463554077,268.4,25
1719463555129,266.35,25
1719463555129,266.35,25
1719463555859,266.85,125
1719463556886,266.8,50
1719463556886,266.8,50
1719463557496,266.9,25
1719463558223,267.2,25
1719463559142,267.1,200
1719463559507,267.3,25
1719463560017,267.8,100
1719463560343,267.0,25
1719463560343,267.0,25
1719463561544,266.05,25
1719463561544,266.05,25
1719463561872,265.25,25
1719463562556,267.4,25
1719463563098,266.7,75
1719463564119,264.8,25
1719463565166,265.0,75
1719463565511,265.65,25
1719463566204,265.25,25
1719463566792,263.65,25
1719463566792,263.65,25
1719463568348,264.15,200
1719463569099,264.8,125
1719463569506,264.1,25
1719463569506,264.1,25
1719463570518,263.2,25
1719463570997,263.1,25
1719463572071,263.4,25
1719463573078,262.1,25
1719463573485,262.0,75
1719463574093,261.8,75
1719463574989,262.5,100
1719463574989,262.5,100
1719463576055,261.9,50
1719463576297,261.95,25
1719463577187,262.6,25
1719463578114,261.9,25
1719463578114,261.9,25
1719463579214,261.0,100
1719463579551,260.9,25
1719463580169,261.05,25
1719463580938,260.8,25
1719463581325,260.95,25
1719463581806,260.1,25
1719463581806,260.1,25
1719463582983,259.65,50
1719463583898,259.0,225
1719463583898,259.0,225
1719463585227,257.95,75
1719463585366,258.1,25
1719463586075,258.65,50
1719463586791,259.95,100
1719463587178,260.65,25
1719463587923,260.8,25
1719463587923,260.8,25
1719463589112,260.3,25
1719463590063,261.1,25
1719463591091,260.45,50
1719463591541,260.6,25
1719463591541,260.6,25
1719463592190,260.2,50
1719463592783,259.2,75
1719463593870,260.65,25
1719463593870,260.65,25
1719463594656,259.3,75
1719463595844,260.0,250
1719463596186,259.8,50
1719463597221,259.15,75
1719463597221,259.15,75
1719463598007,258.5,25
1719463599066,258.2,25
1719463599953,259.3,25
1719463600883,257.95,25
1719463601040,258.6,25
1719463601642,257.85,50
1719463609746,263.2,25
1719463609746,263.2,25
1719463611169,263.4,125
1719463611476,263.15,50
1719463613223,263.25,25
1719463613661,262.8,50
1719463613661,262.8,50
1719463615147,262.4,25
1719463616180,263.35,25
1719463616619,263.25,25
1719463617141,264.15,25
1719463618248,263.0,50
1719463619125,261.65,25
1719463619279,261.75,50
1719463620199,261.95,100
1719463621198,260.05,50
1719463621198,260.05,50
1719463621198,260.05,50
1719463622245,259.8,25
1719463622819,260.75,50
1719463623671,259.15,25
1719463624749,259.65,75
1719463625150,258.75,200
1719463626157,258.8,25
1719463626157,258.8,25
1719463626821,258.75,25
1719463627624,259.05,200
1719463628206,259.95,50
1719463628702,259.9,25
1719463629149,260.35,125
1719463630164,260.55,25
1719463630459,261.4,25
1719463630925,261.45,25
1719463631495,260.9,25
1719463631495,260.9,25
1719463633010,261.1,75
1719463633634,261.45,25
1719463634195,261.1,125
1719463635062,261.4,50
1719463635062,261.4,50
1719463635632,261.8,25
1719463636614,261.25,25
1719463637241,263.05,50
1719463637758,263.15,75
1719463637758,263.15,75
1719463637758,263.15,75
1719463639347,262.9,100
1719463639998,262.9,50
1719463640647,263.75,100
1719463641167,264.4,25
1719463641167,264.4,25
1719463642185,264.25,200
1719463642372,264.05,25
1719463644144,265.0,25
1719463644144,265.0,25
1719463645050,265.0,200
1719463645966,264.8,100
1719463645966,264.8,100
1719463647116,262.85,50
1719463647483,262.85,150
1719463668687,257.4,25
1719463669147,257.7,25
1719463670099,258.2,100
1719463671248,258.05,25
1719463671643,258.5,50
1719463672290,259.1,50
1719463672705,259.2,25
1719463673224,259.9,25
1719463673822,261.15,75
1719463673822,261.15,75
1719463675039,261.2,150
1719463675352,260.2,75
1719463676096,259.1,25
1719463676096,259.1,25
1719463688001,260.55,100
1719463690024,260.0,50
1719463691025,259.35,25
1719463691190,259.5,25
1719463691861,259.1,25
1719463693232,259.0,50
1719463693378,259.2,100
1719463694173,259.55,25
1719463694920,258.15,25
1719463695080,258.65,100
1719463696214,258.15,25
1719463696214,258.15,25
1719463697063,259.0,25
1719463697718,260.0,75
1719463698026,261.05,75
1719463699307,261.5,50
1719463699842,261.55,50
1719463700713,261.05,200
1719463701154,261.4,25
1719463702049,261.65,25
1719463702049,261.65,25
1719463703077,261.4,25
1719463703077,261.4,25
1719463704182,261.7,100
1719463704556,262.45,50
1719463705166,261.5,200
1719463705166,261.5,200
1719463706245,262.6,25
1719463706350,263.0,50
1719463706350,263.0,50
1719463707641,261.8,50
1719463707641,261.8,50
1719463709241,262.35,50
1719463709241,262.35,50
1719463710016,262.1,25
1719463710578,263.0,25
1719463711243,263.3,25
1719463711578,263.0,25
1719463712269,265.4,25
1719463712269,265.4,25
1719463713230,265.0,50
1719463713487,265.65,25
1719463713487,265.65,25
1719463714815,264.4,25
1719463715208,263.55,25
1719463715895,264.8,25
1719463716219,265.0,25
1719463716814,266.3,150
1719463717176,265.8,250
1719463718206,266.1,25
1719463718373,266.15,25
1719463718747,266.05,25
1719463719894,266.95,50
1719463719894,266.95,50
1719463721291,267.0,50
1719463722152,267.9,25
1719463722152,267.9,25
1719463723250,266.9,125
1719463723493,267.15,25
1719463724010,268.2,25
1719463724973,267.75,25
1719463725333,267.6,25
1719463726247,267.3,50
1719463727248,265.3,25
1719463727591,265.7,25
1719463728204,264.35,225
1719463728776,263.95,50
1719463728776,263.95,50
1719463729906,263.25,75
1719463729906,263.25,75
1719463730952,263.65,100
1719463730952,263.65,100
1719463731949,263.65,25
1719463732724,263.15,25
1719463732724,263.15,25
1719463733955,263.85,200
1719463734177,263.85,25
1719463735381,263.5,25
1719463735632,264.55,50
1719463735632,264.55,50
1719463737292,266.1,175
1719463737793,266.1,200
1719463738270,266.45,25
1719463739051,265.75,75
1719463739701,265.95,175
1719463739701,265.95,175
1719463741239,266.55,25
1719463741239,266.55,25
1719463741947,265.5,25
1719463741947,265.5,25
1719463743328,265.3,25
1719463743353,265.3,25
1719463744225,264.2,25
1719463744734,265.1,100
1719463745202,265.3,25
1719463745590,265.25,25
1719463746335,265.25,25
1719463746760,264.2,50
1719463746760,264.2,50
1719463748914,265.6,75
1719463749850,265.25,25
1719463749850,265.25,25
1719463750288,264.85,25
1719463751001,265.0,25
1719463751503,266.0,250
1719463752159,267.0,100
1719463753026,267.0,75
1719463753026,267.0,75
1719463754160,266.6,25
1719463754722,266.55,25
1719463754722,266.55,25
1719463755794,266.4,50
1719463755794,266.4,50
1719463761221,271.1,75
1719463761425,271.05,50
1719463762247,270.8,25
1719463762802,270.95,25
1719463763433,270.6,25
1719463764029,270.6,25
1719463764465,270.6,75
1719463765234,270.0,50
1719463765605,270.0,1675
1719463766295,269.0,25
1719463767020,267.7,25
1719463767148,267.15,50
1719463768205,266.3,75
1719463768571,266.45,50
1719463769258,267.3,25
1719463769831,267.55,175
1719463770162,267.75,25
1719463771182,267.4,25
1719463771182,267.4,25
1719463775998,270.8,300
1719463776893,271.35,25
1719463777202,271.85,100
1719463777739,270.5,350
1719463778242,270.15,25
1719463778486,270.2,50
1719463779507,270.6,25
1719463780738,268.9,25
1719463781302,268.8,100
1719463782233,269.15,75
1719463782233,269.15,75
1719463783309,269.1,50
1719463783851,270.05,75
1719463783851,270.05,75
1719463784789,269.45,25
1719463785218,269.4,25
1719463785828,269.05,50
1719463786154,269.05,300
1719463786841,269.45,50
1719463786841,269.45,50
1719463787663,269.1,50
1719463788481,269.4,25
1719463788481,269.4,25
1719463789799,269.55,25
1719463790333,270.6,25
1719463791205,270.9,200
1719463792321,270.0,125
1719463792397,269.75,175
1719463793101,269.85,25
1719463794027,271.85,75
1719463794343,272.45,25
1719463795295,271.25,25
1719463796229,271.2,100
1719463796229,271.2,100
1719463797360,270.6,50
1719463797695,269.85,25
1719463797695,269.85,25
1719463799068,270.05,125
1719463799068,270.05,125
1719463800216,269.9,25
1719463800216,269.9,25
1719463801335,269.9,500
1719463801335,269.9,500
1719463801717,269.9,25
1719463802830,269.0,125
1719463803225,268.4,25
1719463803225,268.4,25
1719463804270,269.6,25
1719463805306,269.6,25
1719463805543,269.1,200
1719463806230,267.8,25
1719463806230,267.8,25
1719463807191,268.35,100
1719463807843,268.85,125
1719463807843,268.85,125
1719463808427,269.2,25
1719463808427,269.2,25
1719463810065,270.1,25
1719463811057,270.85,25
1719463811726,271.1,50
1719463811726,271.1,50
1719463815928,274.35,25
1719463816294,274.85,175
1719463817387,271.95,100
1719463817883,272.65,75
1719463818916,271.55,25
1719463819194,271.0,25
1719463820011,271.7,125
1719463820561,271.2,25
1719463820928,271.8,25
1719463821855,272.0,25
1719463822378,272.3,25
1719463822689,272.4,25
1719463823767,272.0,50
1719463824603,272.3,25
1719463825382,272.45,25
1719463825571,272.8,25
1719463826292,271.5,75
1719463826612,271.95,25
1719463827004,271.95,25
1719463828275,270.65,25
1719463829137,269.95,25
1719463829517,269.2,25
1719463830353,268.35,25
1719463831336,269.9,25
1719463831569,269.15,200
1719463831981,269.75,150
1719463832642,270.15,25
1719463833037,270.3,25
1719463834058,269.8,50
1719463834365,269.2,25
1719463835799,269.45,75
1719463835799,269.45,75
1719463836816,269.3,25
1719463837279,269.0,25
1719463837946,268.0,25
1719463838122,268.0,25
1719463839204,268.7,75
1719463839229,268.85,125
1719463840285,269.05,150
1719463840763,268.05,25
1719463840919,268.2,25
1719463841426,267.1,50
1719463842316,266.9,100
1719463843079,266.15,25
1719463843310,265.55,75
1719463844327,266.15,50
1719463844772,266.4,25
1719463845351,265.95,25
1719463845682,266.8,25
1719463845682,266.8,25
1719463846826,267.0,125
1719463847490,267.3,250
1719463847490,267.3,250
1719463849032,266.9,25
1719463849032,266.9,25
1719463850426,266.95,25
1719463850716,266.6,200
1719463852002,266.05,200
1719463852002,266.05,200
1719463853268,266.15,50
1719463853630,265.85,100
1719463854559,265.45,25
1719463855502,265.1,25
1719463855687,265.4,50
1719463856572,265.05,25
1719463856984,265.25,50
1719463858004,267.0,25
1719463858191,266.65,25
1719463859381,270.0,100
1719463859520,268.65,25
1719463860225,270.0,825
1719463860699,270.6,175
1719463860699,270.6,175
1719463860699,270.6,175
1719463862259,271.55,100
1719463862506,271.1,25
1719463863230,270.85,25
1719463864033,270.9,25
1719463864033,270.9,25
1719463865536,270.9,25
1719463866377,269.45,25
1719463867213,268.9,25
1719463867213,268.9,25
1719463868066,268.6,25
1719463869104,268.0,50
1719463869104,268.0,50
1719463869889,269.0,25
1719463869889,269.0,25
1719463871282,269.35,150
1719463871282,269.35,150
1719463873107,268.85,25
1719463873107,268.85,25
1719463874578,268.75,450
1719463875101,268.75,175
1719463876406,267.3,25
1719463876406,267.3,25
1719463876776,268.05,25
1719463878312,269.5,25
1719463879108,270.55,75
1719463879108,270.55,75
1719463879108,270.55,75
1719463880972,271.3,50
1719463881101,270.45,25
1719463924819,270.3,50
1719463924819,270.3,50
1719463926314,270.8,25
1719463926981,270.35,75
1719463926981,270.35,75
1719463928031,270.0,25
1719463928923,269.75,50
1719463929215,269.55,50
1719463930192,270.7,75
1719463930998,271.05,175
1719463931550,271.05,25
1719463932391,270.85,25
1719463932391,270.85,25
1719463933358,272.15,25
1719463934088,272.35,175
1719463934386,273.05,25
1719463935430,274.75,25
1719463935734,276.15,50
1719463936232,274.4,100
1719463936938,272.9,100
1719463937413,271.0,575
1719463938215,271.6,150
1719463938508,271.95,200
1719463938508,271.95,200
1719463944318,271.65,75
1719463945164,271.0,500
1719463945164,271.0,500
1719463946303,272.05,25
1719463946303,272.05,25
1719463947582,271.3,75
1719463948193,271.1,125
1719463948352,270.9,50
1719463953040,270.0,25
1719463953236,270.15,25
1719463954139,269.75,25
1719463955186,268.45,225
1719463955186,268.45,225
1719463956198,268.5,75
1719463957189,267.8,25
1719463957189,267.8,25
1719463957944,268.5,275
1719463957944,268.5,275
1719463959404,268.1,75
1719463960150,267.45,50
1719463960150,267.45,50
1719463961028,266.35,25
1719463962291,267.1,25
1719463962684,266.75,100
1719463963005,266.4,100
1719463964069,266.1,25
1719463964069,266.1,25
1719463965223,266.65,25
1719463965223,266.65,25
1719463966419,267.3,25
1719463966493,267.95,75
1719463967092,269.0,50
1719463967092,269.0,50
1719463968441,268.35,25
1719463969157,268.2,25
1719463969470,267.95,50
1719463970151,268.1,25
1719463970151,268.1,25
1719463971083,267.75,50
1719463972433,267.85,25
1719463973202,266.85,50
1719463973605,267.55,25
1719463973944,267.55,50
1719463974976,268.0,25
1719463975434,267.2,25
1719463976216,267.7,25
1719463977382,268.45,25
1719463978089,268.1,100
1719463978718,268.95,25
1719463979430,270.05,200
1719463980059,270.4,25
1719463980255,270.35,25
1719463981506,269.7,50
1719463981632,268.95,25
1719463981632,268.95,25
1719463982859,269.45,75
1719463982859,269.45,75
1719463983929,269.2,100
1719463984379,268.45,25
1719463984537,268.45,75
1719463985326,268.5,75
1719463985975,268.55,25
1719463986312,268.6,150
1719463987431,268.3,25
1719463988105,267.0,225
1719463988609,267.9,100
1719463988609,267.9,100
1719463990043,267.9,50
1719463990043,267.9,50
1719463990043,267.9,50
1719463991997,267.7,25
1719463992900,268.15,50
1719463993297,268.15,25
1719463993801,266.65,25
1719463994379,266.55,25
1719463995621,267.4,375
1719463995800,266.85,100
1719463995800,266.85,100
1719463997101,266.45,25
1719463997101,266.45,25
1719463998233,266.95,25
1719463999430,265.5,75
1719463999604,266.1,50
1719464000335,265.35,25
1719464001079,264.85,25
1719464001604,264.85,25
1719464002451,265.85,75
1719464003258,266.25,100
1719464004364,265.0,25
1719464004947,264.55,25
1719464005712,264.75,25
1719464005712,264.75,25
1719464006531,264.35,75
1719464007501,265.3,75
1719464008225,265.05,25
1719464008225,265.05,25
1719464009141,264.4,25
1719464010087,264.65,50
1719464011384,265.05,25
1719464011560,265.05,25
1719464011560,265.05,25
1719464012669,264.15,100
1719464013092,264.55,25
1719464015631,264.55,25
1719464015778,265.25,25
1719464016520,264.9,50
1719464017492,265.85,50
1719464018075,265.95,25
1719464018393,266.2,75
1719464019407,265.95,25
1719464020394,266.3,25
1719464020549,266.15,25
1719464021559,268.2,100
1719464021559,268.2,100
1719464022344,268.1,25
1719464023296,268.2,25
1719464024740,266.3,25
1719464025963,266.5,50
1719464026349,265.4,25
1719464027120,265.5,50
1719464027120,265.5,50
1719464028139,265.25,25
1719464028343,265.6,50
1719464029120,265.5,25
1719464030487,266.0,75
1719464030487,266.0,75
1719464031223,265.85,100
1719464031223,265.85,100
1719464032686,265.0,50
1719464033134,265.15,175
1719464033448,265.0,25
1719464034345,264.05,100
1719464035460,264.4,25
1719464035545,264.35,25
1719464036359,263.95,25
1719464037077,263.4,25
1719464037207,263.05,25
1719464037207,263.05,25
1719464038283,263.65,25
1719464039096,262.0,50
1719464039397,262.0,50
1719464040464,262.2,125
1719464040592,262.45,25
1719464041527,262.65,25
1719464041844,262.9,25
1719464041844,262.9,25
1719464043342,262.05,25
1719464044487,261.85,50
1719464044829,260.0,50
1719464045469,261.1,25
1719464046049,261.75,50
1719464046440,262.0,50
1719464047437,261.6,50
1719464048432,261.6,50
1719464048889,261.35,50
1719464049280,261.5,25
1719464049921,261.25,125
1719464050368,261.0,25
1719464051161,260.0,25
1719464051161,260.0,25
1719464052308,260.1,25
1719464052480,260.85,75
1719464053504,260.7,50
1719464054355,262.8,50
1719464054355,262.8,50
1719464055514,263.55,75
1719464055675,263.2,25
1719464056407,264.05,25
1719464057133,265.2,25
1719464057260,265.8,50
1719464057896,264.6,25
1719464058399,265.0,25
1719464059223,264.25,25
1719464059898,263.5,25
1719464060756,261.9,50
1719464061276,262.3,50
1719464062081,261.75,25
1719464062081,261.75,25
1719464063174,261.0,25
1719464063474,260.95,200
1719464064391,260.0,25
1719464064662,259.35,125
1719464065090,260.15,25
1719464065598,261.15,25
1719464074280,260.1,25
1719464074604,260.0,775
1719464075438,260.3,25
1719464076307,260.15,75
1719464076307,260.15,75
1719464077455,261.15,25
1719464078293,260.25,200
1719464079506,260.7,75
1719464079962,260.4,25
1719464080469,259.2,200
1719464081109,260.55,50
1719464081406,260.3,25
1719464082188,259.6,25
1719464082551,259.7,100
1719464083326,259.9,250
1719464083737,259.0,75
1719464084521,259.2,25
1719464088403,257.4,25
1719464089322,258.5,25
1719464090513,259.0,25
1719464091024,258.45,100
1719464091535,258.85,50
1719464092385,260.65,50
1719464093385,261.65,25
1719464093739,261.75,25
1719464094521,264.1,50
1719464094870,264.9,200
1719464095147,263.9,200
1719464095970,263.3,125
1719464096513,263.15,50
1719464097293,264.55,25
1719464097293,264.55,25
1719464098401,263.1,25
1719464098401,263.1,25
1719464099233,261.95,75
1719464100001,260.9,200
1719464100001,260.9,200
1719464100001,260.9,200
1719464101681,261.75,25
1719464102796,262.65,25
1719464120628,264.4,50
1719464121457,264.7,25
1719464122205,264.15,25
1719464122205,264.15,25
1719464123483,263.35,25
1719464124331,262.6,25
1719464124331,262.6,25
1719464125415,263.15,25
1719464125904,264.05,50
1719464125904,264.05,50
1719464127153,262.7,125
1719464127153,262.7,125
1719464127805,263.6,50
1719464127805,263.6,50
1719464129554,263.8,50
1719464130196,264.0,25
1719464131050,263.55,25
1719464167438,262.45,25
1719464167833,262.9,150
1719464167833,262.9,150
1719464169425,263.0,50
1719464169425,263.0,50
1719464170251,263.8,25
1719464170251,263.8,25
1719464171454,263.6,100
1719464171839,264.0,75
1719464172135,263.6,25
1719464173291,264.0,100
1719464173554,264.25,150
1719464174536,263.4,25
1719464174536,263.4,25
1719464175240,263.6,50
1719464175868,262.9,50
1719464176353,262.45,100
1719464177513,262.6,25
1719464178228,262.9,150
1719464179126,262.65,25
1719464179453,262.7,25
1719464180549,264.0,125
1719464181678,264.5,100
1719464181678,264.5,100
1719464182216,265.3,25
1719464183004,265.0,125
1719464183450,264.8,75
1719464206478,264.0,50
1719464206478,264.0,50
1719464207041,263.55,50
1719464207041,263.55,50
1719464208426,265.0,100
1719464208942,265.05,50
1719464208942,265.05,50
1719464210204,266.0,50
1719464211720,264.8,75
1719464211902,264.6,100
1719464212402,265.1,75
1719464212720,264.6,50
1719464212720,264.6,50
1719464215392,264.3,50
1719464215392,264.3,50
1719464216032,264.25,25
1719464216628,265.05,1125
1719464217148,265.65,50
1719464217437,266.0,100
1719464218268,267.0,1375
1719464218642,266.95,100
1719464219428,269.25,50
1719464220044,268.7,25
1719464220506,269.25,25
1719464221490,268.3,25
1719464221490,268.3,25
1719464222561,268.75,75
1719464223190,269.8,100
1719464223503,270.1,50
1719464224578,269.2,100
1719464224578,269.2,100
1719464225601,269.7,25
1719464226122,271.15,225
1719464226617,270.35,25
1719464228522,272.1,25
1719464229614,273.0,175
1719464230672,274.3,25
1719464230919,274.1,25
1719464232416,274.7,25
1719464232416,274.7,25
1719464233511,272.3,25
1719464233690,273.85,200
1719464234558,273.55,150
1719464235178,273.25,50
1719464235629,272.7,25
1719464236605,273.85,50
1719464237189,273.05,25
1719464237842,273.2,25
1719464238379,274.95,100
1719464238997,274.05,100
1719464239303,273.8,25
1719464240040,273.95,25
1719464240634,273.05,250
1719464241555,273.95,25
1719464242599,272.7,125
1719464242823,273.2,25
1719464243644,272.85,300
1719464244187,274.55,25
1719464244635,274.1,125
1719464245275,274.95,50
1719464245593,274.5,25
1719464246455,274.3,25
1719464247371,278.25,100
1719464248232,280.1,50
1719464248623,281.9,25
1719464249629,284.0,25
1719464249824,281.4,25
1719464250585,280.5,100
1719464251390,283.3,50
1719464251594,281.45,200
1719464251594,281.45,200
1719464252257,281.85,75
1719464253610,283.8,50
1719464253789,284.25,25
1719464254757,283.2,75
1719464255253,282.45,50
1719464255613,282.6,25
1719464256451,281.95,50
1719464256762,282.7,25
1719464257639,284.25,50
1719464258141,284.15,50
1719464258617,284.9,100
1719464259613,285.0,25
1719464259824,284.25,25
1719464260612,283.6,25
1719464261610,282.15,250
1719464261661,283.5,200
1719464262652,283.65,100
1719464262652,283.65,100
1719464263623,283.5,100
1719464264134,284.25,100
1719464264592,283.8,100
1719464265436,284.25,1050
1719464265471,284.45,75
1719464266563,283.7,500
1719464266859,283.35,25
1719464267635,283.4,50
1719464267742,282.95,25
1719464268047,284.65,25
1719464269410,284.8,50
1719464269647,285.0,50
1719464270639,283.5,150
1719464270752,284.45,25
1719464271617,283.25,25
1719464271706,283.3,75
1719464272644,281.95,50
1719464272918,283.75,50
1719464273577,283.8,50
1719464274648,283.1,50
1719464275502,281.95,25
1719464275707,283.3,25
1719464291361,284.0,25
1719464291669,284.55,25
1719464292609,286.9,25
1719464292723,286.8,25
1719464293645,287.25,225
1719464294361,286.75,125
1719464294648,287.65,25
1719464295509,286.25,25
1719464295775,285.25,25
1719464296497,285.85,25
1719464297037,284.65,25
1719464297611,286.05,25
1719464298421,285.1,25
1719464298421,285.1,25
1719464299349,287.25,25
1719464299828,286.55,25
1719464300636,285.1,25
1719464300926,285.5,75
1719464301369,285.5,25
1719464301861,285.15,25
1719464302558,284.9,25
1719464303077,285.3,50
1719464303314,285.0,25
1719464304514,286.3,50
1719464304635,286.1,50
1719464305514,285.5,50
1719464305727,286.4,25
1719464306744,284.35,25
1719464306744,284.35,25
1719464307662,286.5,25
1719464308397,285.9,100
1719464308625,286.6,100
1719464309609,288.0,25
1719464309824,288.85,25
1719464310659,290.0,100
1719464311118,288.85,75
1719464311503,288.5,25
1719464311672,288.3,25
1719464312551,288.85,25
1719464312651,289.5,25
1719464313659,290.0,225
1719464313776,290.0,50
1719464314636,291.4,25
1719464315010,291.0,25
1719464315458,290.3,25
1719464316623,291.0,25
1719464317345,293.0,25
1719464317937,291.7,25
1719464318632,290.9,50
1719464319120,291.0,25
1719464319591,290.65,25
1719464320568,291.95,25
1719464320568,291.95,25
1719464321550,292.05,50
1719464321763,292.15,100
1719464322418,291.35,25
1719464322979,290.85,25
1719464323522,292.45,25
1719464324134,292.35,75
1719464324654,292.8,25
1719464325292,292.35,200
1719464325605,290.5,200
1719464326544,292.0,25
1719464326644,292.1,50
1719464327595,289.0,75
1719464328451,287.2,25
1719464328871,287.6,200
1719464329662,286.25,25
1719464330231,286.8,150
1719464330608,287.8,75
1719464367410,288.9,25
1719464367814,289.05,25
1719464368695,288.65,25
1719464368695,288.65,25
1719464369439,289.1,150
1719464369975,288.45,100
1719464370603,288.6,25
1719464371590,289.95,25
1719464371673,289.45,25
1719464372650,289.25,25
1719464372889,289.45,25
1719464373294,289.65,25
1719464377741,289.25,25
1719464378674,290.05,25
1719464378781,289.4,75
1719464379696,288.85,25
1719464380016,288.6,1575
1719464380674,288.3,25
1719464381258,289.25,25
1719464381322,289.45,25
1719464382477,289.0,200
1719464382697,290.0,25
1719464383261,289.4,75
1719464384043,287.75,125
1719464384470,287.75,25
1719464385215,287.65,100
1719464385215,287.65,100
1719464386105,286.05,25
1719464387503,286.45,200
1719464388059,285.8,25
1719464388708,287.1,25
1719464389226,288.0,25
1719464389226,288.0,25
1719464390670,288.45,25
1719464390877,289.0,25
1719464391696,289.0,350
1719464391696,289.0,350
1719464392648,288.1,25
1719464392978,288.0,25
1719464392978,288.0,25
1719464394099,289.85,200
1719464394564,289.6,75
1719464395369,287.85,175
1719464396352,288.15,25
1719464396352,288.15,25
1719464398087,290.6,25
1719464398561,289.65,25
1719464399433,289.7,175
1719464399720,289.35,75
1719464400670,289.0,125
1719464400820,288.8,75
1719464401593,288.25,25
1719464401593,288.25,25
1719464402037,286.4,25
1719464402429,287.05,100
1719464403458,287.8,25
1719464403715,288.45,150
1719464404574,288.8,25
1719464404858,288.35,25
1719464405418,289.05,25
1719464405913,290.75,50
1719464406722,291.0,25
1719464407254,290.05,100
1719464407386,289.1,50
1719464408421,289.0,25
1719464409709,289.85,25
1719464410023,289.35,25
1719464410664,288.3,50
1719464411288,288.35,25
1719464411492,288.9,25
1719464412799,287.9,125
1719464413730,287.75,25
1719464413803,287.0,25
1719464414358,286.85,75
1719464414897,287.15,100
1719464415683,288.4,75
1719464416033,288.2,25
1719464416568,288.0,25
1719464416568,288.0,25
1719464417674,288.0,25
1719464418026,288.3,300
1719464418717,287.95,25
1719464419576,289.7,175
1719464419576,289.7,175
1719464420551,288.6,50
1719464420851,289.15,150
1719464421629,288.4,100
1719464421794,288.4,25
1719464421794,288.4,25
1719464423080,288.1,50
1719464423671,287.55,25
1719464424505,288.4,25
1719464424680,289.15,25
1719464425702,289.95,125
1719464425702,289.95,125
1719464426435,290.0,100
1719464427017,288.8,25
1719464427738,288.75,25
1719464428530,289.05,50
1719464429458,289.55,50
1719464430310,288.4,100
1719464430529,288.45,25
1719464431128,289.15,25
1719464431682,288.6,25
1719464431886,289.25,50
1719464432405,290.2,50
1719464433055,289.15,25
1719464433680,288.5,25
1719464434675,290.0,25
1719464435625,291.2,25
1719464435851,290.25,25
1719464436476,289.85,25
1719464437662,290.8,50
1719464437885,291.75,25
1719464438615,292.3,25
1719464439040,292.45,25
1719464439670,291.0,75
1719464440532,292.15,75
1719464441461,292.1,50
1719464442230,291.6,25
1719464442230,291.6,25
1719464443633,291.25,25
1719464443903,290.55,50
1719464444602,290.6,25
1719464445351,290.65,75
1719464445710,290.1,25
1719464445864,290.95,25
1719464446942,289.65,250
1719464447659,289.3,25
1719464448534,289.6,25
1719464448534,289.6,25
1719464449587,289.45,150
1719464449847,289.4,25
1719464450474,289.95,25
1719464451392,289.6,25
1719464453561,289.85,50
1719464453605,288.0,25
1719464466716,284.85,50
1719464467648,284.7,200
1719464468699,284.05,100
1719464469393,285.3,100
1719464469600,285.45,100
1719464470660,285.55,25
1719464471003,285.8,25
1719464471580,286.7,25
1719464472372,285.9,25
1719464472372,285.9,25
1719464473616,286.8,25
1719464473616,286.8,25
1719464474616,287.75,100
1719464474992,287.3,100
1719464475772,287.2,25
1719464476237,288.25,25
1719464476662,287.6,75
1719464477205,286.25,25
1719464477205,286.25,25
1719464478571,286.7,125
1719464478974,286.2,25
1719464478974,286.2,25
1719464491325,284.65,125
1719464493285,284.0,125
1719464508167,284.8,50
1719464509164,283.95,25
1719464509376,283.55,25
1719464510449,284.1,25
1719464510878,283.6,50
1719464511644,284.3,225
1719464511644,284.3,225
1719464519494,283.2,150
1719464520070,283.45,25
1719464520782,283.3,25
1719464521560,281.25,175
1719464521788,282.1,25
1719464522824,279.25,25
1719464522883,278.75,25
1719464523719,278.55,25
1719464524394,276.6,75
1719464524792,278.05,25
1719464525487,278.7,25
1719464535717,278.95,25
1719464536907,279.5,100
1719464537370,278.9,25
1719464538038,279.5,100
1719464538038,279.5,100
1719464539621,279.9,500
1719464539621,279.9,500
1719464541260,279.0,25
1719464541730,278.0,25
1719464542342,278.95,100
1719464543715,278.4,50
1719464544254,278.1,25
1719464544784,278.1,25
1719464545652,276.65,75
1719464545803,276.45,100
1719464546809,277.25,50
1719464547234,277.5,200
1719464547743,276.75,25
1719464548544,276.35,25
1719464548544,276.35,25
1719464549740,276.85,25
1719464563669,276.5,100
1719464563669,276.5,100
1719464564722,275.95,25
1719464565441,274.45,25
1719464565687,274.4,125
1719464566450,275.75,25
1719464567044,275.0,25
1719464567756,273.85,25
1719464568813,275.3,25
1719464569110,275.1,200
1719464570075,274.5,50
1719464570761,275.45,50
1719464570761,275.45,50
1719464571768,275.0,50
1719464572497,275.75,50
1719464572497,275.75,50
1719464572964,275.0,25
1719464573909,275.9,50
1719464574628,275.9,25
1719464575720,274.5,125
1719464575720,274.5,125
1719464576804,274.8,25
1719464576804,274.8,25
1719464577718,275.2,25
1719464586634,276.0,25
1719464587356,275.75,25
1719464587656,275.45,100
1719464588826,273.3,25
1719464588982,273.65,50
1719464589739,271.9,25
1719464590304,272.45,50
1719464590818,269.45,50
1719464592016,266.9,25
1719464592128,265.65,75
1719464592621,266.25,50
1719464593751,265.1,25
1719464593958,266.1,25
1719464594981,268.0,75
1719464595543,267.5,75
1719464595614,266.95,25
1719464596726,267.4,250
1719464597159,268.7,25
1719464597707,267.0,225
1719464598588,267.5,25
1719464598588,267.5,25
1719464600014,265.0,250
1719464600429,264.7,25
1719464600851,262.05,50
1719464601821,256.0,75
1719464602213,255.4,25
1719464603010,255.85,75
1719464603807,254.6,25
1719464603886,256.15,400
1719464604836,256.4,50
1719464605609,255.55,250
1719464605817,255.8,25
1719464607158,250.05,25
1719464607803,246.3,450
1719464608835,248.5,175
1719464608992,246.15,75
1719464610034,241.35,300
1719464610596,241.85,75
1719464610838,240.4,25
1719464611614,235.35,25
1719464611820,232.9,50
1719464611991,226.95,50
1719464612661,223.05,25
1719464613847,198.25,25
1719464626859,232.6,25
1719464627223,232.4,75
1719464627836,231.2,25
1719464628806,237.1,125
1719464629967,238.35,25
1719464630638,239.45,25
1719464630843,237.6,125
1719464631827,237.3,50
1719464632220,238.05,150
1719464632871,235.85,150
1719464633758,233.9,25
1719464635057,229.0,25
1719464635451,229.75,100
1719464635864,228.35,25
1719464636866,224.0,25
1719464637203,223.15,25
1719464637954,225.65,50
1719464638849,225.0,25
1719464639845,227.1,25
1719464640395,226.35,50
1719464640811,224.9,50
1719464641591,224.85,25
1719464641935,224.6,50
1719464642249,225.45,25
1719464642784,226.75,50
1719464643801,227.35,25
1719464643801,227.35,25
1719464644850,228.3,25
1719464645437,229.0,100
1719464645860,229.15,25
1719464646816,232.7,25
1719464647055,232.95,50
1719464647678,233.55,50
1719464648494,235.0,50
1719464648787,234.5,25
1719464650075,232.45,25
1719464650855,232.35,25
1719464651479,229.3,25
1719464651749,229.45,25
1719464652813,231.5,50
1719464653047,229.7,25
1719464654026,228.35,50
1719464654625,227.5,50
1719464654832,228.15,25
1719464655846,229.0,25
1719464655885,228.55,25
1719464656838,227.6,75
1719464657435,227.65,50
1719464657861,227.95,25
1719464658582,228.3,75
1719464658804,228.4,25
1719464659765,231.65,50
1719464660275,233.55,25
1719464660802,233.9,25
1719464661876,231.2,25
1719464661918,231.9,25
1719464662581,233.15,75
1719464663495,229.9,25
1719464663710,229.75,25
1719464664812,226.6,25
1719464665943,229.75,25
1719464666453,228.55,50
1719464666884,228.75,225
1719464667692,228.75,25
1719464668294,227.45,25
1719464669061,226.0,125
1719464669722,226.85,25
1719464670276,228.25,25
1719464670693,231.0,250
1719464671114,231.65,100
1719464671614,232.6,75
1719464671818,232.7,50
1719464672881,233.8,25
1719464673456,233.05,100
1719464673883,232.85,25
1719464674705,233.7,75
1719464674779,233.45,25
1719464675538,234.05,25
1719464676018,232.9,75
1719464676758,232.7,25
1719464677439,233.0,25
1719464677674,233.05,25
1719464678726,232.0,100
1719464679778,231.95,25
1719464680119,231.45,50
1719464680727,229.85,25
1719464681205,228.35,250
1719464681866,230.85,25
1719464682368,230.8,25
1719464682597,230.95,25
1719464683374,230.2,250
1719464683848,230.55,50
1719464684507,232.0,150
1719464685297,230.55,25
1719464685880,231.65,50
1719464686587,230.75,25
1719464686587,230.75,25
1719464687876,227.85,25
1719464688305,228.4,100
1719464688880,231.05,25
1719464689225,230.5,25
1719464689776,229.95,25
1719464690624,228.6,75
1719464691081,228.0,25
1719464691533,226.75,25
1719464692412,225.1,50
1719464692849,226.1,100
1719464693843,225.6,150
1719464694092,225.0,25
1719464694766,224.7,25
1719464695669,222.15,25
1719464696040,222.4,75
1719464702336,212.95,150
1719464702809,213.45,125
1719464703793,213.75,50
1719464704869,213.8,50
1719464705880,214.9,25
1719464711888,221.35,25
1719464712173,223.3,50
