time,price,volume
1719461503448,167.5,75
1719461504569,167.3,50
1719461505386,167.2,175
1719461505743,167.25,125
1719461506283,167.05,25
1719461507091,167.2,50
1719461507238,167.3,25
1719461508565,167.9,400
1719461508565,167.9,400
1719461509508,166.95,25
1719461510124,166.75,200
1719461511575,167.1,175
1719461512093,168.0,25
1719461512764,167.0,75
1719461513526,167.0,50
1719461513712,167.35,25
1719461514548,167.7,25
1719461515487,167.35,75
1719461515487,167.35,75
1719461516098,167.9,50
1719461516942,168.15,175
1719461517629,167.75,100
1719461518679,167.0,25
1719461518829,166.8,25
1719461519553,166.85,25
1719461519922,167.45,25
1719461520616,167.0,25
1719461520616,167.0,25
1719461521076,167.4,75
1719461522042,166.0,25
1719461522765,166.25,50
1719461523538,165.5,225
1719461523916,165.0,25
1719461524541,164.6,275
1719461525117,164.75,25
1719461527045,164.05,25
1719461527217,163.1,25
1719461527528,162.9,25
1719461528358,163.05,125
1719461529630,163.6,25
1719461529972,163.55,25
1719461530464,163.75,50
1719461531228,163.05,50
1719461531856,163.35,25
1719461532304,163.75,25
1719461533453,163.6,25
1719461533453,163.6,25
1719461534001,163.7,25
1719461534001,163.7,25
1719461535419,163.6,275
1719461536538,163.65,25
1719461536954,163.8,25
1719461537396,163.75,50
1719461537396,163.75,50
1719461538805,163.65,25
1719461539518,163.8,50
1719461540249,163.25,25
1719461540836,163.3,25
1719461541405,162.5,25
1719461541405,162.5,25
1719461542556,162.75,25
1719461543358,161.7,50
1719461544470,161.85,25
1719461545360,161.45,50
1719461545360,161.45,50
1719461546543,160.7,75
1719461546543,160.7,75
1719461547514,161.65,25
1719461548357,161.75,25
1719461548623,162.45,75
1719461549823,161.6,75
1719461549972,161.75,25
1719461549972,161.75,25
1719461549972,161.75,25
1719461549972,161.75,25
1719461552279,162.65,25
1719461553405,161.75,25
1719461553405,161.75,25
1719461554230,162.0,25
1719461555232,162.85,25
1719461555232,162.85,25
1719461556206,162.8,225
1719461556206,162.8,225
1719461557578,162.3,75
1719461557578,162.3,75
1719461558895,163.3,50
1719461559747,162.95,75
1719461560112,163.05,100
1719461560112,163.05,100
1719461561247,163.0,25
1719461561247,163.0,25
1719461562511,162.35,25
1719461563081,161.7,25
1719461563081,161.7,25
1719461564338,161.5,25
1719461565368,160.75,200
1719461565462,160.7,500
1719461566856,160.95,100
1719461567501,161.2,25
1719461568565,161.1,25
1719461569465,161.45,225
1719461570378,161.5,25
1719461570472,161.15,25
1719461571666,162.0,50
1719461571666,162.0,50
1719461572049,162.4,25
1719461573506,162.4,275
1719461573506,162.4,275
1719461575897,162.5,75
1719461576601,163.0,450
1719461576601,163.0,450
1719461577737,163.2,50
1719461578002,163.75,275
1719461578688,163.9,50
1719461580285,163.95,25
1719461580532,163.2,25
1719461580703,162.95,50
1719461581624,163.2,25
1719461581624,163.2,25
1719461582606,163.15,50
1719461583585,163.5,25
1719461584185,164.15,25
1719461584727,163.7,50
1719461584727,163.7,50
1719461586544,162.5,25
1719461586544,162.5,25
1719461587154,162.9,25
1719461588446,162.2,25
1719461588446,162.2,25
1719461589568,162.55,25
1719461590337,162.15,100
1719461590550,161.6,100
1719461591107,161.8,125
1719461592020,161.85,75
1719461592660,161.15,25
1719461592660,161.15,25
1719461593763,161.6,100
1719461594700,162.65,100
1719461595300,162.1,175
1719461595300,162.1,175
1719461596329,163.2,25
1719461596767,163.0,25
1719461597382,163.4,25
1719461598667,163.8,25
1719461598954,163.8,100
1719461600320,163.55,75
1719461600579,163.75,25
1719461601570,164.4,25
1719461601570,164.4,25
1719461602659,163.4,25
1719461603410,162.7,50
1719461604628,162.6,25
1719461605231,162.6,125
1719461605498,163.55,50
1719461605860,164.3,50
1719461607048,163.3,25
1719461607536,163.2,25
1719461607536,163.2,25
1719461609443,163.3,25
1719461609695,163.4,50
1719461610245,163.35,25
1719461610545,162.7,25
1719461610545,162.7,25
1719461611297,163.75,25
1719461611827,163.5,50
1719461612551,163.55,75
1719461613676,163.35,25
1719461614601,163.15,150
1719461615215,162.75,75
1719461615215,162.75,75
1719461616667,163.25,50
1719461616801,163.1,200
1719461617436,163.05,50
1719461618217,162.0,25
1719461618797,161.9,25
1719461618797,161.9,25
1719461620574,163.1,25
1719461621188,163.75,25
1719461622020,163.45,50
1719461622224,163.95,50
1719461622224,163.95,50
1719461624493,165.0,100
1719461624974,165.6,25
1719461624974,165.6,25
1719461625842,165.85,100
1719461626515,165.4,25
1719461627075,165.4,25
1719461627529,165.5,25
1719461628215,165.8,25
1719461628215,165.8,25
1719461630379,165.9,175
1719461630379,165.9,175
1719461630542,165.35,25
1719461631040,166.05,50
1719461632062,165.0,50
1719461632528,166.35,50
1719461633547,165.95,50
1719461633547,165.95,50
1719461634596,165.75,25
1719461634950,165.65,75
1719461635607,166.0,50
1719461636570,166.2,50
1719461636570,166.2,50
1719461638474,165.9,75
1719461638474,165.9,75
1719461639032,165.65,50
1719461639473,165.6,175
1719461640274,165.95,25
1719461640605,165.75,25
1719461640605,165.75,25
1719461641717,165.75,25
1719461642020,165.0,25
1719461642583,165.0,25
1719461643680,165.7,50
1719461644797,165.35,25
1719461645543,165.75,25
1719461645543,165.75,25
1719461646482,165.4,200
1719461646946,165.55,200
1719461647630,165.55,75
1719461648625,165.55,50
1719461649616,165.45,75
1719461650115,165.55,25
1719461650115,165.55,25
1719461650980,165.55,50
1719461651763,165.3,75
1719461652567,166.0,25
1719461653605,166.35,25
1719461653837,166.0,250
1719461654238,166.2,25
1719461655031,166.65,75
1719461655031,166.65,75
1719461655031,166.65,75
1719461657637,166.6,25
1719461658475,165.85,25
1719461658475,165.85,25
1719461659410,165.0,100
1719461659786,165.85,25
1719461660664,165.4,75
1719461661098,165.15,25
1719461662029,164.45,25
1719461662589,163.8,25
1719461663666,162.95,25
1719461663765,163.0,750
1719461664933,163.5,25
1719461665354,163.2,50
1719461665486,164.2,25
1719461666684,164.0,50
1719461666684,164.0,50
1719461667544,165.0,25
1719461668451,165.85,75
1719461668892,165.55,25
1719461668892,165.55,25
1719461670555,165.8,25
1719461671967,165.4,125
1719461672616,164.95,50
1719461672616,164.95,50
1719461675093,164.35,25
1719461675136,164.3,25
1719461675452,164.85,50
1719461676454,165.3,25
1719461677120,165.9,25
1719461677120,165.9,25
1719461678589,164.9,50
1719461679332,164.6,25
1719461680177,164.4,50
1719461680604,164.0,25
1719461681570,164.85,150
1719461682165,164.9,25
1719461682449,164.55,50
1719461683435,164.9,225
1719461683435,164.9,225
1719461684477,165.5,50
1719461684477,165.5,50
1719461685577,165.1,50
1719461685577,165.1,50
1719461687306,165.5,200
1719461688583,165.0,25
1719461690132,165.9,25
1719461690298,165.9,25
1719461690583,165.5,50
1719461691706,165.75,50
1719461691995,165.5,25
1719461691995,165.5,25
1719461693584,165.1,25
1719461694327,166.0,50
1719461695201,165.6,25
1719461695427,166.0,50
1719461695427,166.0,50
1719461698705,165.2,25
1719461698705,165.2,25
1719461699435,164.6,100
1719461700323,165.15,25
1719461700439,165.45,25
1719461700439,165.45,25
1719461701453,165.85,25
1719461701453,165.85,25
1719461702666,166.5,75
1719461703253,165.9,100
1719461704451,166.1,25
1719461705136,165.85,100
1719461705564,165.35,25
1719461706735,164.65,25
1719461706735,164.65,25
1719461707727,164.0,200
1719461708489,163.95,50
1719461708489,163.95,50
1719461709331,163.95,25
1719461709331,163.95,25
1719461710699,165.1,175
1719461711783,165.85,25
1719461712209,164.85,25
1719461712582,165.5,25
1719461713599,164.8,50
1719461713599,164.8,50
1719461714409,164.65,175
1719461715408,164.35,25
1719461715408,164.35,25
1719461716479,164.2,25
1719461717208,164.2,25
1719461717705,164.25,25
1719461717981,164.35,25
1719461719696,165.6,75
1719461720319,165.8,25
1719461720468,165.95,25
1719461721934,165.55,25
1719461722170,165.15,125
1719461722683,165.25,25
1719461722987,165.25,25
1719461722987,165.25,25
1719461724660,165.8,175
1719461748218,169.95,50
1719461748818,169.85,25
1719461749674,170.15,25
1719461750414,169.6,125
1719461750654,170.7,50
1719461751946,171.55,100
1719461752090,171.15,25
1719461752702,171.15,75
1719461753880,170.7,25
1719461753880,170.7,25
1719461754548,170.5,50
1719461755305,171.2,25
1719461755305,171.2,25
1719461756966,170.6,25
1719461757205,170.8,50
1719461757636,170.6,100
1719461758575,169.75,25
1719461758821,170.75,75
1719461759677,171.0,100
1719461760435,170.1,250
1719461760603,170.6,50
1719461760800,170.6,25
1719461761786,170.9,25
1719461762296,171.65,275
1719461762728,171.5,25
1719461763718,171.05,25
1719461763800,171.1,250
1719461764972,172.0,25
1719461765374,171.45,25
1719461765761,171.15,100
1719461766639,171.15,25
1719461767244,171.0,25
1719461767976,170.95,25
1719461768775,170.8,25
1719461768775,170.8,25
1719461769775,170.7,25
1719461770700,171.6,25
1719461770700,171.6,25
1719461771976,170.55,25
1719461772291,169.95,25
1719461772769,170.35,25
1719461773739,170.4,25
1719461773739,170.4,25
1719461774835,170.05,100
1719461775551,170.2,25
1719461775767,170.15,25
1719461776705,169.9,25
1719461777122,170.7,575
1719461777708,170.0,25
1719461778758,170.3,25
1719461778923,170.8,25
1719461779669,170.0,25
1719461780113,170.4,100
1719461781714,170.45,25
1719461782254,171.0,75
1719461782475,171.45,25
1719461783895,171.3,25
1719461783895,171.3,25
1719461784689,171.35,250
1719461785700,171.85,25
1719461785700,171.85,25
1719461787039,173.2,25
1719461787344,173.3,25
1719461787706,173.95,25
1719461788749,173.85,100
1719461788886,174.5,75
1719461789503,174.5,25
1719461790819,174.25,75
1719461791724,173.95,25
1719461792208,174.25,25
1719461792664,173.55,25
1719461793978,173.4,25
1719461794633,173.2,25
1719461795710,173.35,25
1719461795710,173.35,25
1719461796843,173.35,50
1719461797279,173.25,25
1719461797713,172.9,25
1719461798777,173.8,25
1719461798777,173.8,25
1719461799713,173.55,50
1719461800662,173.6,100
1719461801604,173.75,25
1719461802380,173.6,125
1719461802980,173.8,25
1719461803516,173.8,25
1719461803831,174.25,100
1719461804858,174.35,25
1719461805777,173.7,200
1719461806786,173.9,25
1719461807133,174.25,25
1719461807133,174.25,25
1719461808943,173.6,25
1719461809053,173.9,25
1719461810482,173.9,25
1719461811355,174.55,25
1719461812054,173.5,25
1719461812930,173.55,50
1719461813207,173.6,150
1719461813207,173.6,150
1719461814657,173.5,250
1719461815802,173.2,25
1719461816749,173.45,50
1719461817257,172.2,100
1719461817621,172.25,50
1719461818662,171.95,50
1719461818662,171.95,50
1719461819592,171.7,25
1719461820365,171.7,50
1719461820913,171.8,25
1719461821649,171.75,50
1719461822366,171.65,75
1719461822511,171.95,50
1719461823813,171.65,50
1719461823910,171.5,50
1719461824997,171.15,25
1719461825733,171.25,50
1719461826652,170.75,100
1719461827075,171.2,50
1719461827676,170.8,25
1719461828764,171.1,50
1719461828764,171.1,50
1719461829726,170.75,100
1719461830406,170.75,25
1719461830406,170.75,25
1719461831757,170.0,25
1719461832091,170.2,250
1719461832683,171.05,125
1719461833890,172.0,25
1719461834964,172.75,50
1719461835804,173.35,125
1719461836710,173.3,25
1719461837416,172.95,100
1719461837584,172.75,25
1719461838809,172.45,75
1719461838890,172.2,75
1719461839290,171.85,25
1719461840547,171.45,25
1719461841409,170.95,25
1719461842146,170.85,50
1719461842490,171.3,25
1719461843660,172.0,25
1719461843995,171.65,25
1719461844505,172.1,25
1719461845312,171.8,200
1719461846792,171.65,50
1719461847238,171.65,25
1719461847238,171.65,25
1719461848566,172.15,25
1719461848566,172.15,25
1719461849596,172.5,50
1719461850324,171.95,75
1719461850324,171.95,75
1719461851519,171.8,25
1719461851857,172.1,75
1719461851857,172.1,75
1719461853176,171.6,25
1719461853176,171.6,25
1719461854743,171.75,50
1719461854743,171.75,50
1719461855982,172.0,25
1719461856642,172.45,25
1719461857103,172.5,25
1719461857775,172.1,25
1719461859001,172.0,25
1719461859517,171.55,25
1719461860636,170.85,100
1719461861794,171.85,25
1719461862094,171.75,100
1719461862094,171.75,100
1719461863807,172.05,175
1719461863807,172.05,175
1719461864813,171.8,25
1719461865553,172.35,150
1719461866537,172.6,25
1719461866537,172.6,25
1719461868340,172.05,25
1719461868624,171.9,25
1719461868624,171.9,25
1719461869874,171.5,50
1719461870842,171.4,250
1719461871460,171.7,50
1719461872250,170.85,50
1719461872250,170.85,50
1719461873801,170.2,25
1719461873883,170.45,200
1719461874596,170.2,125
1719461875579,169.8,25
1719461876947,170.1,25
1719461877337,169.7,100
1719461877673,170.1,25
1719461878735,170.3,25
1719461878928,170.1,50
1719461878928,170.1,50
1719461880371,169.95,25
1719461880371,169.95,25
1719461880371,169.95,25
1719461881641,169.7,300
1719461882486,168.9,50
1719461882486,168.9,50
1719461884089,169.5,100
1719461884548,169.45,50
1719461885550,169.5,50
1719461886722,170.0,200
1719461887079,169.85,125
1719461887808,170.35,50
1719461888531,169.6,25
1719461888531,169.6,25
1719461889606,170.5,25
1719461890297,169.85,75
1719461891230,169.25,25
1719461892408,169.05,25
1719461892914,168.75,50
1719461893382,168.9,25
1719461893382,168.9,25
1719461894634,168.65,200
1719461895134,168.5,225
1719461896704,168.85,25
1719461897005,168.9,25
1719461897005,168.9,25
1719461898520,169.0,50
1719461898989,168.2,50
1719461898989,168.2,50
1719461900404,169.25,50
1719461901988,169.8,25
1719461902359,169.45,25
1719461902596,170.35,125
1719461903359,170.55,25
1719461903359,170.55,25
1719461903359,170.55,25
1719461906374,169.4,25
1719461906510,168.55,25
1719461906905,168.5,25
1719461907739,169.25,25
1719461908252,169.5,25
1719461908252,169.5,25
1719461909831,169.1,75
1719461910244,169.0,25
1719461910244,169.0,25
1719461911861,167.45,75
1719461912442,168.5,125
1719461912763,168.15,50
1719461913264,168.7,100
1719461913264,168.7,100
1719461914794,167.95,25
1719461915807,168.1,25
1719461917215,167.6,125
1719461917504,167.65,50
1719461917504,167.65,50
1719461919042,167.65,100
1719461919109,167.9,125
1719461919772,167.9,125
1719461920858,168.15,100
1719461920858,168.15,100
1719461921531,168.55,200
1719461922435,168.95,75
1719461923011,168.4,50
1719461923625,169.4,25
1719461923625,169.4,25
1719461924751,169.15,50
1719461925779,170.0,25
1719461926064,170.35,25
1719461927422,169.75,25
1719461927726,169.15,200
1719461928338,169.8,50
1719461928338,169.8,50
1719461929429,168.95,200
1719461930699,169.9,100
1719461930942,170.05,25
1719461931199,169.65,25
1719461931199,169.65,25
1719461932725,169.75,25
1719461932725,169.75,25
1719461935151,168.8,50
1719461935889,169.65,50
1719461935889,169.65,50
1719461936830,169.0,25
1719461936830,169.0,25
1719461937578,169.1,25
1719461938384,168.6,100
1719461939044,168.7,25
1719461939380,168.8,100
1719461940805,169.95,50
1719461940897,170.05,50
1719461940897,170.05,50
1719461941725,169.2,25
1719461942489,169.15,25
1719461942770,169.1,25
1719461943773,169.8,25
1719461943773,169.8,25
1719461944526,169.7,25
1719461945419,169.85,125
1719461945419,169.85,125
1719461946833,170.3,25
1719461947547,170.35,25
1719461947547,170.35,25
1719461948712,170.2,300
1719461949149,170.7,150
1719461949149,170.7,150
1719461950128,170.65,50
1719461952012,170.7,125
1719461952454,170.7,275
1719461952755,170.7,25
1719461953847,171.2,25
1719461954134,171.2,25
1719461954134,171.2,25
1719461955655,170.95,100
1719461955655,170.95,100
1719461956092,171.45,100
1719461957566,171.3,25
1719461957803,171.55,150
1719461958806,172.0,25
1719461958806,172.0,25
1719461960071,172.6,25
1719461960109,173.05,75
1719461961636,174.5,50
1719461962432,174.5,25
1719461962655,174.6,25
1719461963659,174.7,25
1719461964209,174.05,50
1719461964808,174.7,25
1719461965464,174.6,175
1719461966075,174.45,225
1719461966630,174.45,25
1719461967422,174.0,250
1719461967628,174.0,100
1719461968425,174.15,50
1719461969211,174.0,25
1719461969896,174.25,175
1719461970263,174.2,25
1719461970263,174.2,25
1719461971989,175.0,25
1719461972132,174.75,350
1719461972885,175.0,225
1719461973556,174.7,100
1719461974213,174.4,50
1719461974826,174.5,50
1719461975598,174.45,150
1719461976726,174.0,25
1719461977446,174.1,100
1719461977446,174.1,100
1719461978876,173.7,100
1719461979055,173.9,25
1719461979746,174.0,25
1719461980204,173.8,300
1719461981761,174.15,75
1719461982435,174.0,75
1719461983087,174.95,100
1719461983770,175.0,25
1719461984245,175.7,25
1719461984638,175.55,75
1719461985564,175.45,325
1719461985564,175.45,325
1719461986800,175.95,50
1719461987508,175.8,275
1719461987979,175.05,25
1719461988291,175.65,25
1719461988291,175.65,25
1719461989747,174.95,50
1719461990864,175.0,25
1719461991779,175.5,100
1719461992363,175.4,125
1719461992858,175.55,75
1719461993757,175.5,50
1719461994127,175.85,200
1719461995025,175.65,50
1719461995860,176.0,125
1719461995860,176.0,125
1719461996773,174.95,125
1719461997531,174.45,25
1719461997876,174.95,100
1719461998476,174.45,25
1719461999044,174.45,125
1719461999467,175.05,75
1719462000373,174.6,25
1719462000373,174.6,25
1719462001817,176.1,25
1719462002529,176.25,25
1719462002529,176.25,25
1719462003830,174.95,25
1719462004203,175.35,25
1719462004809,175.5,100
1719462005858,175.3,300
1719462006745,176.05,25
1719462007629,176.55,50
1719462007727,176.55,50
1719462008799,177.15,100
1719462009243,177.05,25
1719462009804,177.05,25
1719462010843,177.05,25
1719462011007,176.8,25
1719462011346,176.55,25
1719462012452,175.95,25
1719462012758,176.3,25
1719462013402,176.9,50
1719462013402,176.9,50
1719462014916,176.15,150
1719462015763,176.65,25
1719462017018,176.9,25
1719462017481,177.15,75
1719462017709,176.75,25
1719462018859,177.55,25
1719462019289,176.8,25
1719462019859,177.25,50
1719462020875,177.25,75
1719462021055,177.55,25
1719462022311,175.65,200
1719462022495,175.6,125
1719462022926,175.75,50
1719462023899,175.3,50
1719462024076,175.5,75
1719462024871,174.6,250
1719462025869,175.25,25
1719462025869,175.25,25
1719462026551,174.8,50
1719462027446,174.75,25
1719462028111,174.35,50
1719462028917,174.75,25
1719462028961,174.65,100
1719462029904,174.75,25
1719462030729,175.45,25
1719462030729,175.45,25
1719462031098,175.35,25
1719462031729,175.45,75
1719462032413,175.75,25
1719462032680,175.45,25
1719462033890,175.5,25
1719462033977,175.5,50
1719462034945,175.35,25
1719462035606,175.55,75
1719462037084,175.6,25
1719462037503,175.45,50
1719462037503,175.45,50
1719462038887,175.35,125
1719462039272,175.25,25
1719462039510,175.35,100
1719462040641,175.45,50
1719462041672,175.15,25
1719462042458,175.1,25
1719462043199,175.0,25
1719462043883,174.9,25
1719462044321,174.55,25
1719462044901,175.15,50
1719462045815,174.7,25
1719462046501,175.25,25
1719462047511,175.3,25
1719462047743,175.5,75
1719462049148,175.5,125
1719462049148,175.5,125
1719462049795,175.5,25
1719462050824,176.05,25
1719462051912,176.45,25
1719462052293,176.7,25
1719462052722,176.55,150
1719462054096,177.0,75
1719462054096,177.0,75
1719462054498,176.35,25
1719462055938,176.5,25
1719462056835,175.75,25
1719462057264,175.4,100
1719462058124,175.75,25
1719462058778,175.0,150
1719462059167,175.3,50
1719462059736,175.45,75
1719462060680,175.75,25
1719462060680,175.75,25
1719462061025,175.95,50
1719462061942,176.95,25
1719462062561,177.1,100
1719462062561,177.1,100
1719462063894,176.0,25
1719462064337,175.75,25
1719462064946,175.3,50
1719462065578,175.5,25
1719462065578,175.5,25
1719462066921,175.55,25
1719462067493,175.15,75
1719462067876,175.5,25
1719462069077,175.95,25
1719462069910,175.85,150
1719462070905,175.3,25
1719462071573,175.1,25
1719462072547,175.5,25
1719462072882,175.55,25
1719462073559,175.05,75
1719462074161,175.55,25
1719462074515,175.8,25
1719462075622,175.15,25
1719462076959,175.35,25
1719462077585,175.65,25
1719462077750,175.3,50
1719462078659,175.35,25
1719462078977,175.3,25
1719462079769,175.5,50
1719462080966,175.35,850
1719462081156,175.5,50
1719462081762,175.1,25
1719462082454,174.55,25
1719462083148,173.65,50
1719462083805,174.2,50
1719462083971,173.8,25
1719462084958,173.55,25
1719462085647,173.2,25
1719462086046,173.7,25
1719462086666,173.7,25
1719462087590,173.55,50
1719462087943,173.85,75
1719462088927,174.0,25
1719462088927,174.0,25
1719462089969,173.3,75
1719462090546,174.05,25
1719462090897,173.5,25
1719462091906,173.1,25
1719462092562,173.2,25
1719462093154,173.15,75
1719462093585,172.6,100
1719462094170,172.4,25
1719462094922,172.0,75
1719462096010,173.05,125
1719462096802,172.5,25
1719462097316,172.7,25
1719462097687,172.45,50
1719462098951,172.5,125
1719462099660,172.5,25
1719462101011,172.15,25
1719462101840,172.6,125
1719462102613,172.55,25
1719462102699,172.3,100
1719462103716,172.15,100
1719462103716,172.15,100
1719462105102,172.65,25
1719462105964,172.25,100
1719462106040,172.2,25
1719462106874,172.0,25
1719462107377,171.8,25
1719462107981,172.05,25
1719462108769,173.3,25
1719462108769,173.3,25
1719462109542,172.9,125
1719462110933,173.5,50
1719462111887,173.25,100
1719462112455,173.05,150
1719462112841,173.65,75
1719462113527,173.9,100
1719462113527,173.9,100
1719462113527,173.9,100
1719462116451,172.7,150
1719462117048,172.5,25
1719462117605,172.2,75
1719462117846,172.75,125
1719462118970,172.0,25
1719462118970,172.0,25
1719462119881,171.65,25
1719462120779,172.0,225
1719462120963,172.2,25
1719462120963,172.2,25
1719462121240,172.0,25
1719462122646,171.35,50
1719462123098,171.25,50
1719462123645,171.05,150
1719462124184,170.8,25
1719462124935,170.65,100
1719462125996,170.9,550
1719462126916,170.7,250
1719462127357,171.0,100
1719462127875,170.95,25
1719462128551,170.65,250
1719462128551,170.65,250
1719462129486,170.65,50
1719462130460,170.5,50
1719462130460,170.5,50
1719462131543,170.2,25
1719462132354,170.4,25
1719462132985,170.2,50
1719462134005,171.05,25
1719462134005,171.05,25
1719462134892,172.05,75
1719462135478,171.6,25
1719462136562,171.85,25
1719462137499,171.35,100
1719462137499,171.35,100
1719462138554,170.6,25
1719462139201,170.15,25
1719462139856,170.25,25
1719462140882,170.0,100
1719462141019,170.0,25
1719462141971,170.0,25
1719462142184,169.95,25
1719462142968,169.55,50
1719462143704,169.55,75
1719462144106,169.85,25
1719462144989,169.35,25
1719462145880,170.0,25
1719462145971,170.0,125
1719462146738,170.45,25
1719462147432,171.05,50
1719462147638,170.85,25
1719462148563,171.2,25
1719462148563,171.2,25
1719462149995,171.05,50
1719462150794,171.05,50
1719462150794,171.05,50
1719462151701,170.25,25
1719462152061,170.0,275
1719462152061,170.0,275
1719462153529,170.75,25
1719462153529,170.75,25
1719462154981,171.0,25
1719462155585,170.85,25
1719462155585,170.85,25
1719462156510,171.15,50
1719462157291,170.75,25
1719462157609,171.1,25
1719462158377,170.7,25
1719462158377,170.7,25
1719462159349,170.9,25
1719462160896,170.6,25
1719462160896,170.6,25
1719462161661,170.5,50
1719462161661,170.5,50
1719462162968,170.0,100
1719462163667,169.85,25
1719462163667,169.85,25
1719462164953,169.85,200
1719462165308,169.4,25
1719462165308,169.4,25
1719462166851,169.65,150
1719462166851,169.65,150
1719462167649,169.65,75
1719462168937,169.75,350
1719462169092,169.6,25
1719462169756,168.0,50
1719462170910,169.0,25
1719462170910,169.0,25
1719462171926,168.8,25
1719462172108,168.8,25
1719462172711,169.15,250
1719462173808,169.8,50
1719462174146,170.75,25
1719462175185,171.4,25
1719462175808,171.05,50
1719462176506,170.35,25
1719462177145,169.9,25
1719462177754,169.25,100
1719462178670,168.65,25
1719462178670,168.65,25
1719462179710,168.55,50
1719462180861,168.5,25
1719462180861,168.5,25
1719462180861,168.5,25
1719462181925,168.05,50
1719462182530,168.8,50
1719462182530,168.8,50
1719462183969,168.35,50
1719462184128,168.3,50
1719462185024,168.05,25
1719462185089,168.05,300
1719462185089,168.05,300
1719462186865,167.8,25
1719462187532,168.0,75
1719462187983,168.05,25
1719462188733,168.0,350
1719462189090,168.1,25
1719462189500,168.5,100
1719462190256,168.2,25
1719462191756,168.15,50
1719462192626,169.05,25
1719462192626,169.05,25
1719462193093,168.1,50
1719462193093,168.1,50
1719462194483,168.45,25
1719462195954,168.25,25
1719462195954,168.25,25
1719462196839,168.2,125
1719462197734,168.55,25
1719462197734,168.55,25
1719462198969,168.55,25
1719462199326,168.3,25
1719462199995,168.35,25
1719462200775,168.35,75
1719462201910,168.65,25
1719462202744,168.8,50
1719462202899,168.6,25
1719462203904,169.2,275
1719462204351,170.0,250
1719462204407,170.15,75
1719462205936,170.05,50
1719462206943,169.85,25
1719462207756,169.65,50
1719462208192,169.65,25
1719462208938,169.05,25
1719462209271,168.6,125
1719462209736,168.85,75
1719462209736,168.85,75
1719462209736,168.85,75
1719462211086,168.65,25
1719462211611,168.75,25
1719462212764,169.0,50
1719462212953,168.6,25
1719462213399,169.35,25
1719462214058,169.3,25
1719462214683,168.65,25
1719462215988,168.6,100
1719462216736,168.35,275
1719462217756,169.2,25
1719462217915,169.0,25
1719462219019,168.75,50
1719462219320,169.25,50
1719462219795,169.3,50
1719462220632,169.5,25
1719462222003,168.85,25
1719462222698,168.9,25
1719462222698,168.9,25
1719462223884,169.0,25
1719462224073,169.0,50
1719462224979,168.95,25
1719462225940,169.0,25
1719462225940,169.0,25
1719462226806,169.05,125
1719462227611,168.55,50
1719462227932,169.05,150
1719462228945,168.85,75
1719462228945,168.85,75
1719462230408,168.25,75
1719462231004,168.15,25
1719462231967,168.35,200
1719462232078,168.4,50
1719462232078,168.4,50
1719462233936,168.6,25
1719462233936,168.6,25
1719462234911,168.5,150
1719462235801,168.35,25
1719462236781,168.05,25
1719462237795,167.9,125
1719462237795,167.9,125
1719462238963,167.85,25
1719462239228,168.15,25
1719462239228,168.15,25
1719462240225,168.4,25
1719462241012,168.85,25
1719462241811,168.7,200
1719462242305,168.6,25
1719462242923,168.95,50
1719462244001,169.4,25
1719462244191,169.4,25
1719462244516,169.6,50
1719462245796,169.2,25
1719462246777,170.0,25
1719462247469,169.25,75
1719462247963,169.45,25
1719462248668,169.95,25
1719462249430,169.45,25
1719462249823,169.4,25
1719462250983,169.15,75
1719462251241,169.3,100
1719462252025,169.8,350
1719462252025,169.8,350
1719462252917,169.55,25
1719462253540,169.7,25
1719462253540,169.7,25
1719462254871,170.0,25
1719462254871,170.0,25
1719462256246,169.75,50
1719462257016,169.85,50
1719462257524,170.0,25
1719462258172,169.6,25
1719462258933,169.65,25
1719462259291,170.0,25
1719462259740,169.65,25
1719462261062,169.45,25
1719462261307,169.55,50
1719462261307,169.55,50
1719462263422,169.6,100
1719462263829,170.15,500
1719462264399,170.2,25
1719462264578,170.35,25
1719462265796,170.3,25
1719462265796,170.3,25
1719462266121,170.2,25
1719462267622,170.95,25
1719462268090,170.2,50
1719462268919,170.15,50
1719462269404,170.35,25
1719462270063,170.65,25
1719462270833,170.55,25
1719462270833,170.55,25
1719462272072,170.35,25
1719462272152,170.5,25
1719462273037,170.4,25
1719462274032,170.9,25
1719462274032,170.9,25
1719462274974,170.5,25
1719462275752,170.45,25
1719462276945,170.75,175
1719462277609,171.95,75
1719462278007,171.65,75
1719462279012,171.7,25
1719462279150,172.0,25
1719462279150,172.0,25
1719462280932,171.9,25
1719462282034,172.05,25
1719462282034,172.05,25
1719462283016,171.55,25
1719462283778,172.0,25
1719462283778,172.0,25
1719462285225,171.0,25
1719462285225,171.0,25
1719462286430,171.4,25
1719462286736,171.7,25
1719462287490,171.55,25
1719462288029,171.3,25
1719462288848,171.75,25
1719462289219,171.35,25
1719462290161,172.25,25
1719462291099,173.0,25
1719462291241,173.0,25
1719462292243,173.65,25
1719462292625,173.7,50
1719462292870,172.9,225
1719462294271,172.55,25
1719462294291,172.5,25
1719462294291,172.5,25
1719462295748,172.8,150
1719462296705,172.05,25
1719462297645,172.15,50
1719462298042,172.35,450
1719462299005,173.1,25
1719462299005,173.1,25
1719462300079,173.25,25
1719462300742,173.3,25
1719462301054,173.3,25
1719462302039,173.4,50
1719462302039,173.4,50
1719462303024,173.35,25
1719462304021,173.5,50
1719462304146,173.5,50
1719462304738,173.5,25
1719462305890,173.1,100
1719462305890,173.1,100
1719462306971,173.2,100
1719462307254,173.2,50
1719462308074,173.55,25
1719462309029,173.1,50
1719462309477,172.45,25
1719462310109,172.75,25
1719462310994,172.75,25
1719462312074,174.6,25
1719462312486,174.5,25
1719462312849,174.85,25
1719462313394,174.85,25
1719462314511,174.25,50
1719462314511,174.25,50
1719462314511,174.25,50
1719462316250,174.6,75
1719462316820,173.9,50
1719462317680,174.85,25
1719462317793,175.0,25
1719462318682,174.5,100
1719462319490,174.8,50
1719462319490,174.8,50
1719462320968,174.05,25
1719462321621,174.15,50
1719462322755,174.25,25
1719462322995,174.1,50
1719462323606,174.15,25
1719462324381,174.85,25
1719462324381,174.85,25
1719462325815,174.7,25
1719462325815,174.7,25
1719462326883,174.55,25
1719462327692,174.6,25
1719462328080,174.8,25
1719462329193,175.35,25
1719462329401,175.3,25
1719462330060,175.0,75
1719462330622,175.1,50
1719462330973,175.1,150
1719462331149,175.15,75
1719462331952,174.95,25
1719462332590,174.5,75
1719462333019,174.15,75
1719462334113,175.25,25
1719462334500,174.95,150
1719462335094,174.95,50
1719462335742,174.95,125
1719462335742,174.95,125
1719462336615,175.0,25
1719462337598,175.0,25
1719462338143,174.0,25
1719462338983,174.3,25
1719462339448,174.6,50
1719462339571,174.9,75
1719462341146,174.8,25
1719462341633,173.85,25
1719462342375,174.8,75
1719462342375,174.8,75
1719462344282,174.8,250
1719462344557,174.9,75
1719462344932,175.05,25
1719462346123,174.7,25
1719462346123,174.7,25
1719462346966,174.7,100
1719462347332,174.3,625
1719462347332,174.3,625
1719462348257,174.85,50
1719462349315,174.55,100
1719462349315,174.55,100
1719462351056,174.5,25
1719462351685,174.85,25
1719462352465,174.4,75
1719462352941,174.25,100
1719462354052,174.0,25
1719462354383,174.05,25
1719462354971,174.45,75
1719462356092,173.8,25
1719462356978,174.0,25
1719462357478,174.3,250
1719462358068,174.2,25
1719462359056,173.6,300
1719462359244,173.65,50
1719462359244,173.65,50
1719462360369,173.9,100
1719462360888,173.8,225
1719462360888,173.8,225
1719462361745,173.75,25
1719462362717,173.75,25
1719462362717,173.75,25
1719462363986,173.55,300
1719462363986,173.55,300
1719462365127,173.2,75
1719462366095,173.2,150
1719462367136,172.5,25
1719462367707,172.2,100
1719462368106,172.5,25
1719462368558,172.4,25
1719462369547,172.9,25
1719462370105,172.95,25
1719462370858,173.35,50
1719462371143,173.15,25
1719462371579,173.4,25
1719462372996,173.65,25
1719462373355,173.9,50
1719462373355,173.9,50
1719462375003,173.65,25
1719462375984,174.1,75
1719462375984,174.1,75
1719462376554,173.8,25
1719462376554,173.8,25
1719462378256,172.5,25
1719462378651,173.1,125
1719462378651,173.1,125
1719462379892,172.95,25
1719462381207,172.35,50
1719462381531,172.25,100
1719462382620,172.4,75
1719462383106,173.4,75
1719462383779,172.75,25
1719462383779,172.75,25
1719462384940,173.2,25
1719462385981,173.15,75
1719462385981,173.15,75
1719462387003,173.05,25
1719462388101,172.6,50
1719462389583,172.4,150
1719462389583,172.4,150
1719462390410,172.1,50
1719462390675,172.35,25
1719462391061,172.4,25
1719462391061,172.4,25
1719462391897,172.5,25
1719462392998,173.05,350
1719462392998,173.05,350
1719462393690,172.85,50
1719462394390,173.65,50
1719462394936,172.9,125
1719462395777,174.0,25
1719462395777,174.0,25
1719462397120,174.7,25
1719462397521,174.6,25
1719462399126,174.45,50
1719462399525,175.0,150
1719462400137,176.1,25
1719462401100,178.45,25
1719462401192,177.9,50
1719462402101,178.85,25
1719462403114,178.5,25
1719462403833,179.0,50
1719462404350,178.6,675
1719462405260,178.3,100
1719462405890,178.35,25
1719462405890,178.35,25
1719462407279,178.7,50
1719462407976,179.05,75
1719462408119,179.75,25
1719462409532,180.25,100
1719462409634,180.3,25
1719462410453,180.25,150
1719462410916,180.6,50
1719462411169,180.7,50
1719462412134,181.15,300
1719462413059,180.45,25
1719462413895,181.35,25
1719462414686,182.0,25
1719462415116,182.75,75
1719462416079,182.9,25
1719462416269,183.25,50
1719462417085,183.45,25
1719462417880,184.05,25
1719462419210,184.75,25
1719462419659,184.55,75
1719462420336,184.95,50
1719462420842,185.75,50
1719462421270,186.05,50
1719462422309,189.0,50
1719462423110,188.35,25
1719462423350,188.9,25
1719462424521,187.5,25
1719462424692,187.9,25
1719462425503,188.2,25
1719462426360,187.55,50
1719462427145,187.3,50
1719462428302,185.95,25
1719462429371,187.1,25
1719462430349,186.45,25
1719462431311,187.3,25
1719462431380,186.65,50
1719462432061,187.6,50
1719462432866,186.85,25
1719462433315,186.65,25
1719462434067,186.4,25
1719462434671,187.75,25
1719462435186,187.4,25
1719462436179,187.65,200
1719462437135,187.5,25
1719462437773,187.4,25
1719462438095,188.7,250
1719462439301,187.85,75
1719462439695,186.5,25
1719462439978,186.95,25
1719462441069,186.35,50
1719462441337,186.75,25
1719462442138,186.9,75
1719462442925,186.25,100
1719462443067,186.2,50
1719462444356,186.4,25
1719462444741,187.45,50
1719462444996,186.7,25
1719462445851,187.4,25
1719462446186,187.95,25
1719462447111,187.15,75
1719462447804,186.85,50
1719462448157,187.35,25
1719462449028,186.4,175
1719462449770,186.9,25
1719462450348,186.9,50
1719462450862,185.7,50
1719462451174,186.55,50
1719462451174,186.55,50
1719462452072,186.2,25
1719462452494,185.9,25
1719462453252,185.95,50
1719462454108,186.0,100
1719462454743,186.15,25
1719462455129,186.65,50
1719462456040,186.2,25
1719462456345,186.7,25
1719462457111,186.0,225
1719462457934,186.75,25
1719462458143,186.5,125
1719462459233,186.55,25
1719462459556,186.0,25
1719462460047,186.5,25
1719462461154,186.0,50
1719462461154,186.0,50
1719462462183,187.0,50
1719462462907,187.9,75
1719462463059,187.85,25
1719462463951,187.75,25
1719462464538,187.95,75
1719462465545,187.25,75
1719462466160,188.35,25
1719462466314,188.7,25
1719462467145,189.35,50
1719462467955,190.0,250
1719462468357,190.45,25
1719462469554,190.2,200
1719462469554,190.2,200
1719462470198,190.8,25
1719462471151,191.15,25
1719462471380,191.0,50
1719462472183,192.6,25
1719462472975,193.25,25
1719462474177,192.7,50
1719462474767,192.6,25
1719462475129,192.0,25
1719462476178,192.5,25
1719462476178,192.5,25
1719462477167,194.2,50
1719462477831,193.6,50
1719462478191,193.9,275
1719462479192,193.25,50
1719462479766,192.65,25
1719462480174,193.3,25
1719462480795,194.65,175
1719462481353,195.15,25
1719462482363,195.7,50
1719462482934,196.8,25
1719462483200,196.9,50
1719462484178,196.25,25
1719462484621,195.65,25
1719462485082,196.4,25
1719462486161,196.0,25
1719462486317,197.0,25
1719462487169,196.5,75
1719462487957,195.95,25
1719462488388,195.05,25
1719462489481,195.75,25
1719462489586,196.4,25
1719462490395,195.0,25
1719462491350,195.4,25
1719462492391,196.25,25
1719462492963,195.8,225
1719462493576,195.1,100
1719462494131,195.05,25
1719462494624,195.1,25
1719462495179,195.1,50
1719462496383,194.7,25
1719462497350,195.25,25
1719462497863,194.2,75
1719462498165,194.45,25
1719462499386,193.15,50
1719462499540,192.3,200
1719462500340,192.05,75
1719462501408,192.9,25
1719462501521,193.2,25
1719462502199,194.15,25
1719462502996,194.35,25
1719462503205,194.0,25
1719462504202,193.35,50
1719462504635,194.75,25
1719462505179,195.0,150
1719462506333,195.95,25
1719462506815,195.2,50
1719462508025,196.0,50
1719462508229,196.15,25
1719462509426,195.9,25
1719462509631,195.35,25
1719462510148,195.6,50
1719462510463,194.9,25
1719462511213,195.8,25
1719462511213,195.8,25
1719462512030,195.9,25
1719462512986,196.15,75
1719462513153,197.0,300
1719462514198,196.55,25
1719462514634,196.55,25
1719462515108,196.45,25
1719462516207,196.3,25
1719462516322,196.55,75
1719462517385,196.3,550
1719462517843,195.6,25
1719462517843,195.6,25
1719462519154,195.45,25
1719462519597,195.45,25
1719462520380,195.7,25
1719462521021,195.0,175
1719462521428,194.85,25
1719462522363,194.15,25
1719462523069,194.55,25
1719462523069,194.55,25
1719462524212,194.15,25
1719462524212,194.15,25
1719462525130,193.9,50
1719462526053,193.75,125
1719462526324,193.75,25
1719462527099,194.15,25
1719462528082,193.45,25
1719462528082,193.45,25
1719462529131,192.6,25
1719462529656,193.5,50
1719462530190,192.8,25
1719462531288,193.45,50
1719462531627,192.85,25
1719462533082,193.7,25
1719462533202,193.45,25
1719462534351,192.8,150
1719462534685,193.05,25
1719462535208,193.05,50
1719462536222,193.7,25
1719462536282,193.95,75
1719462537347,194.15,25
1719462538005,194.55,150
1719462538005,194.55,150
1719462539124,194.3,50
1719462539591,194.85,125
1719462540157,194.8,25
1719462540815,194.8,25
1719462541415,195.1,25
1719462541415,195.1,25
1719462542207,195.95,25
1719462543059,195.45,50
1719462543412,195.85,50
1719462544127,194.35,50
1719462544665,195.55,25
1719462545368,195.4,150
1719462545703,194.8,25
1719462545703,194.8,25
1719462547010,193.8,25
1719462547947,194.15,25
1719462548161,193.95,25
1719462549372,194.4,50
1719462549640,194.55,25
1719462550316,194.1,125
1719462551186,195.1,25
1719462551509,194.85,75
1719462552222,195.35,25
1719462553038,195.6,100
1719462553231,195.45,75
1719462554215,195.35,75
1719462554433,195.65,25
1719462555282,196.35,25
1719462556417,197.0,25
1719462556528,196.95,25
1719462557242,196.95,25
1719462558123,197.0,25
1719462558188,196.95,25
1719462559422,196.8,100
1719462559656,196.9,100
1719462560210,196.6,250
1719462561129,196.85,75
1719462561493,196.9,25
1719462562180,196.75,25
1719462563121,196.25,50
1719462563367,195.45,25
1719462564147,196.15,25
1719462564719,196.0,25
1719462565354,196.45,50
1719462565992,196.0,50
1719462566497,196.2,50
1719462567185,196.35,125
1719462568158,196.75,50
1719462568158,196.75,50
1719462568696,196.1,100
1719462569447,196.55,25
1719462570416,196.1,25
1719462570614,196.75,50
1719462571220,196.45,25
1719462571522,197.45,25
1719462572442,196.75,25
1719462573165,197.05,25
1719462574429,197.2,250
1719462574529,197.25,200
1719462575445,196.5,50
1719462576364,196.25,25
1719462576463,195.9,25
1719462577198,195.4,25
1719462578141,194.8,25
1719462578217,194.35,25
1719462579167,194.4,25
1719462579752,194.0,125
1719462580117,193.95,50
1719462581099,195.2,250
1719462581540,194.65,25
1719462582065,194.8,25
1719462583151,194.3,25
1719462584441,195.2,25
1719462584757,196.0,50
1719462585089,195.8,25
1719462586206,196.4,25
1719462586206,196.4,25
1719462587265,196.25,50
1719462588215,196.15,25
1719462589215,196.25,25
1719462589215,196.25,25
1719462590205,196.3,25
1719462591294,196.15,25
1719462591552,196.0,25
1719462592261,196.0,50
1719462593152,196.0,50
1719462593224,196.0,25
1719462594350,195.95,75
1719462594677,196.4,100
1719462595125,196.6,25
1719462596165,195.35,50
1719462596434,196.15,25
1719462597162,195.35,25
1719462598186,195.9,25
1719462598469,196.0,250
1719462599202,196.9,150
1719462599702,196.5,25
1719462600425,197.25,25
1719462600832,197.25,25
1719462601269,198.2,25
1719462601521,198.4,25
1719462602259,198.15,25
1719462603155,197.9,50
1719462603268,197.95,25
1719462604029,196.9,25
1719462604760,196.45,25
1719462605103,197.1,50
1719462606247,197.05,25
1719462606595,196.55,50
1719462607145,197.2,50
1719462608097,196.0,250
1719462609149,197.35,25
1719462609821,197.1,50
1719462610261,196.35,50
1719462611398,196.95,25
1719462611590,196.8,25
1719462612275,196.2,25
1719462613214,196.8,25
1719462614249,196.35,25
1719462614736,197.2,25
1719462615222,196.9,25
1719462616108,197.05,25
1719462616552,196.8,25
1719462617092,196.1,50
1719462618220,196.9,1425
1719462618258,196.2,100
1719462619105,196.0,25
1719462619496,196.05,100
1719462620161,195.15,50
1719462620660,195.5,25
1719462621607,195.25,100
1719462622094,194.9,325
1719462623212,194.2,25
1719462624082,194.6,25
1719462624790,194.6,25
1719462625249,193.4,75
1719462626503,194.1,25
1719462626629,194.25,75
1719462627068,194.0,50
1719462628254,196.05,25
1719462629247,195.5,25
1719462629823,195.8,25
1719462630458,196.45,75
1719462630458,196.45,75
1719462631253,196.55,25
1719462631526,196.8,25
1719462632599,196.9,25
1719462633253,197.35,25
1719462633253,197.35,25
1719462634285,198.25,25
1719462634779,197.6,25
1719462635253,198.0,25
1719462636146,198.0,50
1719462636633,198.5,150
1719462637491,198.1,25
1719462637912,198.8,25
1719462638436,198.85,25
1719462639131,198.8,75
1719462639777,197.75,50
1719462640254,198.15,25
1719462641271,197.7,50
1719462641335,198.05,25
1719462642336,197.4,100
1719462643153,197.6,25
1719462643413,197.0,25
1719462644254,196.85,25
1719462644784,197.1,25
1719462645493,197.25,25
1719462646484,198.0,50
1719462646548,198.5,25
1719462647234,198.8,25
1719462648254,198.6,25
1719462648349,198.75,250
1719462649481,198.7,150
1719462649848,198.4,25
1719462650295,198.2,75
1719462651455,198.25,25
1719462651503,198.35,25
1719462652107,199.0,25
1719462653238,198.15,25
1719462654294,198.75,50
1719462654847,198.7,25
1719462655503,198.3,25
1719462656257,198.85,25
1719462656682,198.2,25
1719462657286,198.65,25
1719462658254,199.95,25
1719462659253,199.95,25
1719462659847,201.0,25
1719462660254,201.0,25
1719462660843,201.4,75
1719462661253,201.9,25
1719462661637,201.75,50
1719462662271,202.05,25
1719462663257,202.55,25
1719462663449,202.5,100
1719462704314,205.8,50
1719462704905,206.8,25
1719462705185,206.8,25
1719462706255,206.0,75
1719462706685,206.25,25
1719462707609,207.15,175
1719462708345,207.25,25
1719462709243,206.6,25
1719462709945,206.5,100
1719462710281,206.05,25
1719462711057,205.9,50
1719462711598,207.0,250
1719462712446,207.35,25
1719462713261,208.0,50
1719462713702,207.5,25
1719462714262,208.4,25
1719462714697,208.6,50
1719462715282,208.4,175
1719462716293,208.2,50
1719462716689,208.85,25
1719462717300,208.5,150
1719462717637,208.95,25
1719462719095,209.95,150
1719462719978,208.3,25
1719462720443,209.3,25
1719462720854,209.3,25
1719462721270,210.7,50
1719462721617,211.5,25
1719462722256,213.3,150
1719462723201,213.35,50
1719462723368,213.2,50
1719462724294,213.6,25
1719462724983,212.3,100
1719462725450,213.15,25
1719462726689,212.9,25
1719462727505,212.25,75
1719462728274,213.3,25
1719462728398,213.85,75
1719462729313,213.45,25
1719462730221,212.7,25
1719462731590,213.2,125
1719462732322,212.8,25
1719462733384,212.55,25
1719462734531,213.4,25
1719462734923,213.5,25
1719462735740,213.55,300
1719462736346,212.75,25
1719462736478,212.8,100
1719462737344,212.55,50
1719462738371,212.1,50
1719462739329,212.35,25
1719462739739,212.0,25
1719462740146,212.1,50
1719462741129,212.55,100
1719462741377,211.9,25
1719462742298,211.35,25
1719462743350,212.05,25
1719462743397,211.95,100
1719462744542,211.25,25
1719462744923,212.05,25
1719462745448,211.7,25
1719462746588,212.0,125
1719462746699,211.5,100
1719462747273,211.7,150
1719462748416,212.2,25
1719462749340,212.0,25
1719462749911,211.15,25
1719462750095,211.8,25
1719462750841,211.65,50
1719462751496,211.5,100
1719462751636,210.95,25
1719462752316,211.9,50
1719462753325,212.1,50
1719462753750,212.5,25
1719462754236,211.95,125
1719462754978,211.25,25
1719462755172,211.8,25
1719462756286,211.95,25
1719462756604,211.45,50
1719462757548,211.85,50
1719462758440,211.85,25
1719462758440,211.85,25
1719462759366,211.25,25
1719462760041,211.55,25
1719462760652,210.6,25
1719462761336,210.55,25
1719462761648,211.2,25
1719462762071,210.75,25
1719462763098,210.75,25
1719462764448,209.8,50
1719462764979,210.2,25
1719462765351,210.45,25
1719462766339,209.95,25
1719462766587,210.05,25
1719462767203,210.0,25
1719462768334,210.0,150
1719462768459,209.4,50
1719462768847,209.6,25
1719462769994,210.4,25
1719462770516,210.45,50
1719462771672,212.0,25
1719462771906,212.9,150
1719462772351,212.75,25
1719462773344,213.8,100
1719462773344,213.8,100
1719462774225,213.6,25
1719462774901,213.35,50
1719462775548,213.1,100
1719462776503,213.8,25
1719462776503,213.8,25
1719462777356,212.8,25
1719462778231,212.05,25
1719462778370,211.55,50
1719462779374,212.35,25
1719462780071,212.55,25
1719462780461,212.75,25
1719462780856,213.45,50
1719462781506,214.85,25
1719462781669,214.95,50
1719462782503,214.9,25
1719462783321,214.55,25
1719462783552,215.15,25
1719462784708,215.25,175
1719462785019,215.8,25
1719462785320,215.3,25
1719462786319,214.85,25
1719462786526,215.75,25
1719462787235,215.5,100
1719462788207,215.85,50
1719462788343,215.9,25
1719462789271,215.7,25
1719462790053,216.5,100
1719462790562,216.7,150
1719462791177,216.6,25
1719462791528,216.95,50
1719462792370,217.15,25
1719462793127,216.15,25
1719462793524,215.3,100
1719462794413,216.25,25
1719462795018,215.35,75
1719462795486,215.2,25
1719462796567,216.0,100
1719462796688,215.1,450
1719462797323,215.55,25
1719462798293,214.15,25
1719462799159,214.65,25
1719462800079,215.6,25
1719462800517,215.25,75
1719462801398,216.2,75
1719462801398,216.2,75
1719462802333,215.65,25
1719462803151,216.45,50
1719462803151,216.45,50
1719462804414,215.65,25
1719462805088,216.05,300
1719462805432,215.7,25
1719462806691,214.95,175
1719462807291,214.35,50
1719462808351,213.5,125
1719462809231,213.5,50
1719462810117,212.1,50
1719462810340,212.8,25
1719462810793,212.1,25
1719462811578,212.2,75
1719462811727,212.0,25
1719462812736,210.35,25
1719462813315,210.8,25
1719462813768,212.2,300
1719462814915,210.75,25
1719462815127,210.0,25
1719462815272,210.9,25
1719462816338,211.0,25
1719462816743,211.25,25
1719462817380,211.15,25
1719462818324,209.3,25
1719462818550,209.8,25
1719462819545,209.3,25
1719462820121,209.0,100
1719462820689,208.5,75
1719462821367,208.85,50
1719462821669,208.3,75
1719462822372,208.6,50
1719462823253,209.3,25
1719462824323,209.35,25
1719462824743,208.8,25
1719462825375,209.1,25
1719462826281,208.85,25
1719462826682,208.6,25
1719462827175,209.25,50
1719462828346,208.95,50
1719462829071,208.3,50
1719462830137,209.8,25
1719462830303,209.65,25
1719462830886,209.25,25
1719462831638,209.35,25
1719462832184,210.0,25
1719462833164,210.4,50
1719462834331,210.1,300
1719462835104,210.2,25
1719462835389,210.45,25
1719462836585,209.65,275
1719462836686,209.75,50
1719462836686,209.75,50
1719462838235,210.65,25
1719462839366,210.3,25
1719462840169,212.0,25
1719462840234,211.8,50
1719462840668,211.35,25
1719462841237,211.3,25
1719462841772,211.9,25
1719462842313,211.6,25
1719462843373,211.95,25
1719462843785,211.65,25
1719462844168,212.35,125
1719462845128,212.65,25
1719462845552,213.1,25
1719462846344,212.4,50
1719462847254,212.0,25
1719462848373,210.65,75
1719462848543,211.25,25
1719462849390,211.3,225
1719462850180,210.35,25
1719462850180,210.35,25
1719462851387,211.3,50
1719462851657,212.0,150
1719462852190,212.3,25
1719462853253,212.25,75
1719462853253,212.25,75
1719462854032,211.9,50
1719462854663,211.35,25
1719462855400,212.1,125
1719462856606,211.4,50
1719462856646,211.25,25
1719462857148,210.95,25
1719462858387,211.85,100
1719462858575,211.6,25
1719462859243,211.5,25
1719462860134,211.25,100
1719462860302,211.35,25
1719462861550,212.0,50
1719462861770,212.05,25
1719462862302,212.5,100
1719462863265,212.95,75
1719462863483,213.0,250
1719462864580,213.1,50
1719462865202,211.8,100
1719462865267,212.6,25
1719462866231,213.0,150
1719462866756,212.45,50
1719462867568,212.75,25
1719462868310,212.8,50
1719462869546,212.35,150
1719462870154,211.55,75
1719462986315,215.0,50
1719462986860,214.15,25
1719462987469,214.8,50
1719462988554,213.75,50
1719463009295,214.55,175
1719463010480,214.5,25
1719463011383,215.0,50
1719463011778,214.55,100
1719463012444,214.7,25
1719463013212,213.9,25
1719463013212,213.9,25
1719463014199,214.4,25
1719463014712,214.5,250
1719463015668,214.2,75
1719463016434,213.75,225
1719463016434,213.75,225
1719463017468,214.8,25
1719463018312,215.7,25
1719463018547,215.3,25
1719463019509,216.0,100
1719463020333,216.15,25
1719463020671,216.25,25
1719463020702,216.15,25
1719463021480,217.45,25
1719463021907,217.45,25
1719463022493,217.0,300
1719463023155,217.25,25
1719463023155,217.25,25
1719463025188,217.95,100
1719463025536,217.5,25
1719463105546,215.85,25
1719463105559,215.85,25
1719463106468,216.0,25
1719463107107,215.75,100
1719463107107,215.75,100
1719463107964,215.15,50
1719463107964,215.15,50
1719463109663,215.6,375
1719463110007,214.5,25
1719463110806,215.75,75
1719463110884,215.75,25
1719463111439,215.4,25
1719463112139,215.45,75
1719463112139,215.45,75
1719463113540,215.6,325
1719463113593,215.65,75
1719463114701,214.3,25
1719463115492,214.95,100
1719463115492,214.95,100
1719463116429,215.35,25
1719463116946,214.9,25
1719463117404,215.0,50
1719463118380,215.8,25
1719463119446,216.1,50
1719463120267,215.55,25
1719463120727,215.7,25
1719463121486,217.85,225
1719463122010,217.3,25
1719463122503,218.0,25
1719463123506,217.5,25
1719463123506,217.5,25
1719463124712,217.95,25
1719463125247,217.95,25
1719463126009,218.35,25
1719463127159,220.0,25
1719463127419,219.95,25
1719463128721,217.6,100
1719463129631,216.65,125
1719463130283,216.5,100
1719463130680,216.85,100
1719463131768,215.4,125
1719463132005,216.7,50
1719463132572,215.8,25
1719463133386,216.2,100
1719463133675,216.65,50
1719463133918,215.8,50
1719463136580,216.6,25
1719463137185,217.0,25
1719463137373,217.0,25
1719463138810,217.0,25
1719463139538,217.6,25
1719463238238,217.0,25
1719463238959,217.2,50
1719463239610,217.35,100
1719463319853,221.55,25
1719463319853,221.55,25
1719463320951,221.45,25
1719463321162,222.55,25
1719463322475,222.65,25
1719463322654,222.85,25
1719463323306,222.55,75
1719463324065,222.6,425
1719463324437,222.0,100
1719463325656,222.4,75
1719463326557,222.75,175
1719463327479,222.65,75
1719463327875,222.2,100
1719463328278,222.15,50
1719463328278,222.15,50
1719463329237,222.0,25
1719463330226,222.6,25
1719463330226,222.6,25
1719463332066,222.0,25
1719463332386,222.45,75
1719463332386,222.45,75
1719463333648,222.1,50
1719463334061,221.65,25
1719463334672,221.55,25
1719463335607,221.65,175
1719463336773,221.35,25
1719463337439,222.1,125
1719463337439,222.1,125
1719463338477,221.9,25
1719463339002,221.45,25
1719463339639,222.05,25
1719463339639,222.05,25
1719463340843,221.4,200
1719463341265,221.55,50
1719463342484,221.2,225
1719463342505,221.7,25
1719463343174,222.6,225
1719463343920,221.05,25
1719463344285,221.75,25
1719463345427,220.85,100
1719463345427,220.85,100
1719463346460,222.0,25
1719463346842,221.3,150
1719463346842,221.3,150
1719463348582,221.2,175
1719463348854,220.9,175
1719463349466,222.0,50
1719463350579,222.5,900
1719463350801,222.9,25
1719463351642,221.75,25
1719463352494,221.6,50
1719463352494,221.6,50
1719463353587,222.25,25
1719463353587,222.25,25
1719463354715,222.1,150
1719463355687,222.7,50
1719463356686,223.9,175
1719463357362,225.0,25
1719463357679,223.85,25
1719463358407,224.2,50
1719463359106,225.0,25
1719463359823,224.35,25
1719463360583,224.7,50
1719463361679,224.7,25
1719463362505,224.1,25
1719463362649,223.9,25
1719463363574,223.45,75
1719463363574,223.45,75
1719463364808,224.6,25
1719463365500,224.55,25
1719463365500,224.55,25
1719463366646,224.75,50
1719463367029,224.35,125
1719463367609,224.25,25
1719463368602,224.35,50
1719463369023,225.0,125
1719463369798,224.9,25
1719463370643,224.8,75
1719463371871,225.0,25
1719463372393,225.5,75
1719463372634,225.05,50
1719463373669,225.0,25
1719463374092,225.5,75
1719463374603,225.5,75
1719463375704,225.75,25
1719463376847,225.2,150
1719463377258,225.7,100
1719463377614,225.0,125
1719463378483,225.3,25
1719463379022,224.85,50
1719463379637,223.8,100
1719463380502,224.15,25
1719463380915,224.1,25
1719463381587,223.1,25
1719463382550,223.35,275
1719463382691,223.4,325
1719463383910,221.8,25
1719463383910,221.8,25
1719463384908,222.35,75
1719463385644,221.95,50
1719463386903,222.5,225
1719463387540,223.1,25
1719463387882,223.2,25
1719463388940,222.5,225
1719463389144,222.55,25
1719463389536,222.4,25
1719463390535,222.3,50
1719463390535,222.3,50
1719463391645,222.5,50
1719463392186,222.1,75
1719463392706,222.25,25
1719463393892,222.0,175
1719463393892,222.0,175
1719463394451,222.15,125
1719463395583,222.0,25
1719463395718,222.0,50
1719463396453,221.6,25
1719463397061,221.5,125
1719463397716,221.65,50
1719463398678,221.75,25
1719463399141,221.6,25
1719463399766,221.75,100
1719463400453,222.1,25
1719463400909,221.95,25
1719463401544,221.6,25
1719463402093,221.25,50
1719463402584,221.6,25
1719463403601,221.7,50
1719463403891,221.6,150
1719463404838,221.4,75
1719463405657,221.05,50
1719463405657,221.05,50
1719463406391,220.9,375
1719463407347,218.05,25
1719463407907,218.45,75
1719463408878,217.95,25
1719463408878,217.95,25
1719463409703,217.8,50
1719463410839,217.0,25
1719463411711,217.7,25
1719463412165,218.0,75
1719463412694,217.15,25
1719463413702,217.6,25
1719463413702,217.6,25
1719463414727,217.8,300
1719463415718,217.75,150
1719463416898,217.45,200
1719463417181,217.0,25
1719463417640,217.0,25
1719463418903,217.25,150
1719463419185,217.15,25
1719463419641,216.65,200
1719463420767,216.2,50
1719463420767,216.2,50
1719463421531,216.5,75
1719463422395,216.2,25
1719463422395,216.2,25
1719463423590,215.9,25
1719463424161,216.05,25
1719463424571,216.2,25
1719463425662,215.35,25
1719463425898,215.8,25
1719463426546,215.85,25
1719463427293,214.85,175
1719463427731,215.3,275
1719463428687,209.9,25
1719463429216,210.65,25
1719463429477,210.3,50
1719463430608,211.55,25
1719463430608,211.55,25
1719463431723,210.75,75
1719463432033,210.5,25
1719463432848,207.95,50
1719463433927,210.1,300
1719463434192,210.5,200
1719463434897,208.8,50
1719463435562,208.7,100
1719463435562,208.7,100
1719463436875,209.8,25
1719463437413,209.8,25
1719463437510,209.8,25
1719463438881,209.65,25
1719463439245,209.3,25
1719463439464,209.4,150
1719463440736,210.9,100
1719463440736,210.9,100
1719463440955,211.3,25
1719463441651,210.45,25
1719463442165,211.05,50
1719463442633,212.2,150
1719463443608,212.25,25
1719463444035,211.8,25
1719463444546,211.55,175
1719463445681,212.5,25
1719463445681,212.5,25
1719463446828,212.85,25
1719463447136,212.2,25
1719463447697,213.0,125
1719463448491,212.8,25
1719463448849,211.75,50
1719463448849,211.75,50
1719463450819,211.7,50
1719463450898,211.65,50
1719463451387,211.9,150
1719463452419,212.55,25
1719463452908,213.2,25
1719463453450,212.4,50
1719463454107,212.2,25
1719463454622,212.95,25
1719463455618,213.9,50
1719463455618,213.9,50
1719463456451,213.2,25
1719463457275,213.15,350
1719463457827,213.75,25
1719463458386,212.65,75
1719463459166,213.3,50
1719463459595,212.0,50
1719463460522,212.55,25
1719463460859,211.75,25
1719463461232,212.0,75
1719463462066,211.3,50
1719463462699,211.35,50
1719463463751,212.55,75
1719463464156,212.45,25
1719463464714,212.35,25
1719463465689,212.45,200
1719463466637,212.35,25
1719463466840,212.55,25
1719463467965,212.45,25
1719463468761,212.6,25
1719463469065,213.25,50
1719463469361,213.45,25
1719463470506,214.25,150
1719463470506,214.25,150
1719463471718,215.35,25
1719463472453,215.05,50
1719463472624,215.8,25
1719463473692,214.9,25
1719463474288,216.1,50
1719463474634,215.55,75
1719463475446,215.0,50
1719463475446,215.0,50
1719463476120,215.5,25
1719463477365,215.35,25
1719463477565,215.0,50
1719463478970,213.7,25
1719463479268,214.45,50
1719463479720,214.3,25
1719463480890,213.0,25
1719463480890,213.0,25
1719463481382,213.3,300
1719463482142,212.45,25
1719463482756,213.0,25
1719463483484,212.0,25
1719463484284,212.75,25
1719463484318,212.6,25
1719463485498,211.3,50
1719463485498,211.3,50
1719463486358,212.35,25
1719463486954,211.8,25
1719463487721,211.55,25
1719463487954,211.45,25
1719463487954,211.45,25
1719463490068,211.95,25
1719463490068,211.95,25
1719463491088,211.8,150
1719463491553,211.3,200
1719463492099,211.9,250
1719463492673,211.0,25
1719463494188,212.05,75
1719463494771,211.9,25
1719463495617,211.4,100
1719463495617,211.4,100
1719463496517,211.8,25
1719463496517,211.8,25
1719463498705,211.95,25
1719463499141,211.9,25
1719463499439,211.7,25
1719463500662,211.95,50
1719463500662,211.95,50
1719463501304,211.9,25
1719463501897,212.2,50
1719463502735,212.15,50
1719463503945,211.65,25
1719463504281,211.6,50
1719463504527,211.75,50
1719463505687,211.3,25
1719463505792,210.5,25
1719463506704,209.9,25
1719463507110,209.5,25
1719463507110,209.5,25
1719463508585,211.3,25
1719463508812,211.9,50
1719463509827,212.4,25
1719463510701,211.0,300
1719463510701,211.0,300
1719463511304,210.0,50
1719463512475,209.9,100
1719463512475,209.9,100
1719463513584,210.85,25
1719463513584,210.85,25
1719463514758,210.75,75
1719463515494,210.1,25
1719463515935,209.55,25
1719463516764,209.85,25
1719463517440,210.3,75
1719463517440,210.3,75
1719463518504,210.05,25
1719463518995,209.9,25
1719463519970,210.35,50
1719463520602,210.75,25
1719463521996,211.9,50
1719463522316,211.95,25
1719463522828,211.75,75
1719463523873,212.35,50
1719463523873,212.35,50
1719463524657,213.3,50
1719463525748,213.2,100
1719463526661,213.9,25
1719463527228,213.1,50
1719463528001,213.95,50
1719463528296,213.55,25
1719463528807,214.0,50
1719463529363,214.0,75
1719463530787,215.0,25
1719463530892,215.35,75
1719463531816,215.1,25
1719463532554,215.6,175
1719463532810,215.8,25
1719463533936,215.15,25
1719463533936,215.15,25
1719463534796,214.65,100
1719463535517,216.0,100
1719463536038,215.7,25
1719463537576,216.3,50
1719463537800,217.05,75
1719463538502,217.5,150
1719463539120,216.9,25
1719463539247,216.95,675
1719463540416,216.7,25
1719463541720,216.15,75
1719463542380,216.65,50
1719463542835,216.85,50
1719463543721,216.95,25
1719463544180,216.9,25
1719463544180,216.9,25
1719463545735,216.95,25
1719463546575,217.6,25
1719463547270,217.0,25
1719463547270,217.0,25
1719463548750,218.0,50
1719463548750,218.0,50
1719463549472,218.4,50
1719463550591,219.0,100
1719463551740,218.65,25
1719463552616,218.0,25
1719463552626,217.95,25
1719463554207,217.7,25
1719463554810,216.65,25
1719463555797,216.3,25
1719463556614,216.75,50
1719463557611,216.75,50
1719463557737,216.2,25
1719463558804,216.85,25
1719463559215,217.05,150
1719463559806,216.8,25
1719463560665,216.45,25
1719463561675,216.0,100
1719463562121,216.55,50
1719463562121,216.55,50
1719463563571,216.85,50
1719463564179,215.85,25
1719463564502,215.2,125
1719463565768,215.85,75
1719463566746,215.65,150
1719463567452,215.4,25
1719463567727,215.2,25
1719463568206,215.0,25
1719463568976,215.65,25
1719463569715,215.25,25
1719463570057,215.15,25
1719463571013,214.75,25
1719463571761,215.35,200
1719463572507,215.2,25
1719463572808,214.8,25
1719463573406,213.7,100
1719463573406,213.7,100
1719463574385,214.6,125
1719463575770,214.55,25
1719463575770,214.55,25
1719463576817,214.85,25
1719463576817,214.85,25
1719463577888,214.85,25
1719463578602,214.75,25
1719463578602,214.75,25
1719463579729,213.9,175
1719463579729,213.9,175
1719463581529,214.25,50
1719463581886,214.15,25
1719463582357,214.0,25
1719463582864,213.2,25
1719463583738,213.25,75
1719463583738,213.25,75
1719463584757,212.4,25
1719463585756,212.65,25
1719463585962,212.75,25
1719463586708,212.85,25
1719463586708,212.85,25
1719463587810,213.0,25
1719463588758,213.15,25
1719463588966,213.0,200
1719463589427,213.55,100
1719463590516,213.2,50
1719463590516,213.2,50
1719463591249,213.2,25
1719463591249,213.2,25
1719463593701,213.6,25
1719463593701,213.6,25
1719463594509,213.2,25
1719463595614,213.25,25
1719463595899,213.05,25
1719463596866,212.55,25
1719463597691,212.55,25
1719463597691,212.55,25
1719463598456,212.65,25
1719463598456,212.65,25
1719463599753,212.3,25
1719463600818,212.1,50
1719463600818,212.1,50
1719463601450,211.6,50
1719463602585,212.6,25
1719463602823,212.85,250
1719463603890,214.6,50
1719463604213,215.0,25
1719463604387,215.0,50
1719463605338,215.55,25
1719463605338,215.55,25
1719463606534,215.75,25
1719463607611,215.6,25
1719463607782,215.6,50
1719463608757,215.95,25
1719463608757,215.95,25
1719463609369,215.15,100
1719463610097,214.8,25
1719463610861,214.65,75
1719463611816,215.1,50
1719463611816,215.1,50
1719463612726,214.6,100
1719463614082,214.95,100
1719463614082,214.95,100
1719463614643,215.1,50
1719463615561,214.75,75
1719463615970,215.2,200
1719463615970,215.2,200
1719463617090,215.15,25
1719463618764,215.15,25
1719463618764,215.15,25
1719463619568,214.85,25
1719463620776,214.4,50
1719463620776,214.4,50
1719463621572,213.9,25
1719463622480,213.1,50
1719463623034,213.7,50
1719463623034,213.7,50
1719463624508,213.75,25
1719463625191,213.1,25
1719463625731,213.0,100
1719463626106,212.5,50
1719463626551,213.0,50
1719463627486,213.35,25
1719463628697,213.25,50
1719463629150,213.4,50
1719463629607,214.2,25
1719463630746,213.85,25
1719463630985,214.15,50
1719463631760,214.15,50
1719463632134,213.7,25
1719463632134,213.7,25
1719463633709,213.95,25
1719463633928,214.4,125
1719463634582,213.95,100
1719463635711,213.85,100
1719463636014,214.25,25
1719463636518,214.5,125
1719463637643,215.2,50
1719463638003,215.4,25
1719463638555,214.5,50
1719463638555,214.5,50
1719463639483,214.85,25
1719463640452,215.15,25
1719463640452,215.15,25
1719463641830,215.8,50
1719463642691,215.75,200
1719463643758,215.55,100
1719463643758,215.55,100
1719463644423,216.65,150
1719463646122,215.8,25
1719463646684,215.75,25
1719463647722,215.4,25
1719463647986,214.55,25
1719463648386,215.05,25
1719463649289,214.45,100
1719463649737,214.15,25
1719463650984,214.4,25
1719463650984,214.4,25
1719463651805,215.1,25
1719463651805,215.1,25
1719463653096,214.45,25
1719463653815,213.75,100
1719463654282,213.8,100
1719463654779,213.4,25
1719463655834,212.6,25
1719463655936,213.3,25
1719463655936,213.3,25
1719463655936,213.3,25
1719463658022,213.15,25
1719463658259,212.25,50
1719463659002,212.95,25
1719463659602,212.7,25
1719463660567,213.1,200
1719463660567,213.1,200
1719463662691,213.05,25
1719463662801,212.4,25
1719463663185,212.65,25
1719463663885,212.85,50
1719463664638,212.7,50
1719463665376,213.0,125
1719463666075,212.45,25
1719463666075,212.45,25
1719463666075,212.45,25
1719463667876,212.6,25
1719463668194,212.15,25
1719463669071,212.0,25
1719463669831,212.3,25
1719463670853,213.1,25
1719463670853,213.1,25
1719463671440,212.0,275
1719463672626,213.0,25
1719463673524,214.0,25
1719463674319,214.8,100
1719463674865,214.35,25
1719463674865,214.35,25
1719463677645,213.75,25
1719463677645,213.75,25
1719463678077,213.8,25
1719463678564,213.8,25
1719463679372,213.15,25
1719463679372,213.15,25
1719463680854,212.95,50
1719463680854,212.95,50
1719463681847,213.0,25
1719463681847,213.0,25
1719463683277,213.05,25
1719463684075,213.55,50
1719463684326,212.9,25
1719463684326,212.9,25
1719463685596,212.65,25
1719463685596,212.65,25
1719463686769,213.8,50
1719463686769,213.8,50
1719463688262,213.8,25
1719463689040,213.3,25
1719463689377,213.05,25
1719463689563,213.6,125
1719463690424,213.35,50
1719463691185,212.85,25
1719463691852,213.15,25
1719463692550,213.45,25
1719463692550,213.45,25
1719463693861,213.6,25
1719463694182,213.35,75
1719463694182,213.35,75
1719463696027,211.05,100
1719463696333,212.05,25
1719463697518,213.2,25
1719463698831,214.35,25
1719463699416,213.9,25
1719463699721,214.2,25
1719463700397,213.95,100
1719463700397,213.95,100
1719463702061,214.35,125
1719463702061,214.35,125
1719463703320,214.5,25
1719463704267,213.75,25
1719463704310,213.85,25
1719463704515,213.75,50
1719463705862,213.7,250
1719463706132,214.4,25
1719463706805,214.4,150
1719463707472,213.95,125
1719463707472,213.95,125
1719463708678,213.85,100
1719463709448,214.6,25
1719463709825,214.25,225
1719463710892,214.35,25
1719463710892,214.35,25
1719463711446,214.0,275
1719463712770,215.3,50
1719463713014,215.75,25
1719463713335,215.65,25
1719463714443,215.0,50
1719463714670,215.05,25
1719463715193,214.55,25
1719463715970,215.45,50
1719463716628,216.0,25
1719463716628,216.0,25
1719463717897,216.2,25
1719463719013,216.35,225
1719463719013,216.35,225
1719463719546,216.35,75
1719463720986,216.9,25
1719463720986,216.9,25
1719463721748,217.0,225
1719463722536,217.35,25
1719463723845,217.3,50
1719463724250,217.4,25
1719463724587,217.4,25
1719463725193,216.45,225
1719463725193,216.45,225
1719463726579,216.65,25
1719463727730,216.3,50
1719463728765,215.0,50
1719463729214,214.55,225
1719463729906,214.55,125
1719463730755,214.6,100
1719463730755,214.6,100
1719463731568,215.35,50
1719463731568,215.35,50
1719463733564,214.05,100
1719463733942,215.05,25
1719463734321,215.0,50
1719463734321,215.0,50
1719463734321,215.0,50
1719463737001,215.4,250
1719463737386,215.7,25
1719463738379,216.15,50
1719463739151,215.2,125
1719463739151,215.2,125
1719463740217,215.35,25
1719463740929,215.95,25
1719463741679,215.55,50
1719463742528,215.1,175
1719463743891,215.3,50
1719463744147,215.0,25
1719463744671,215.45,225
1719463745792,215.4,25
1719463746117,215.3,50
1719463746667,214.6,75
1719463747825,215.0,25
1719463747825,215.0,25
1719463748848,215.55,50
1719463748848,215.55,50
1719463750386,215.0,200
1719463750553,215.0,25
1719463750553,215.0,25
1719463752009,216.45,25
1719463752511,216.65,25
1719463753557,216.3,25
1719463753557,216.3,25
1719463755014,216.3,25
1719463756182,215.85,25
1719463757407,216.3,25
1719463757678,216.7,25
1719463758916,217.0,50
1719463759500,216.95,50
1719463759851,217.4,25
1719463761137,218.35,50
1719463761291,217.65,50
1719463761556,218.25,25
1719463762670,218.0,50
1719463763770,217.9,25
1719463764309,217.45,25
1719463764547,217.45,125
1719463765965,217.85,125
1719463766307,216.7,25
1719463766806,215.75,25
1719463767923,216.4,25
1719463767923,216.4,25
1719463767923,216.4,25
1719463770810,216.45,50
1719463771269,216.4,25
1719463771836,216.55,25
1719463771836,216.55,25
1719463774342,216.9,25
1719463774964,217.35,50
1719463775461,217.55,50
1719463775461,217.55,50
1719463776567,217.95,100
1719463777182,218.35,100
1719463778927,217.1,25
1719463779175,218.15,50
1719463779652,218.0,25
1719463780835,216.5,75
1719463780835,216.5,75
1719463781994,217.25,25
1719463782943,217.0,25
1719463782943,217.0,25
1719463783462,217.5,25
1719463783462,217.5,25
1719463784870,217.65,25
1719463785903,217.25,25
1719463786193,217.2,25
1719463786600,217.3,50
1719463787603,217.5,50
1719463788745,217.6,225
1719463789559,216.75,25
1719463789559,216.75,25
1719463790782,217.5,50
1719463790782,217.5,50
1719463791826,218.1,125
1719463792818,216.75,25
1719463793831,218.2,75
1719463794039,218.5,25
1719463794891,217.5,25
1719463795456,218.4,25
1719463796161,218.0,25
1719463796476,218.1,25
1719463797025,217.55,50
1719463798588,217.4,50
1719463799177,217.65,25
1719463799671,217.65,25
1719463800774,217.05,75
1719463801162,217.0,25
1719463801711,217.35,25
1719463802859,216.85,25
1719463803687,216.8,25
1719463804199,217.2,25
1719463804873,216.6,50
1719463805844,216.65,50
1719463806276,216.4,25
1719463806817,216.1,25
1719463807480,216.5,50
1719463808183,217.05,50
1719463809482,217.0,25
1719463809482,217.0,25
1719463810941,217.85,25
1719463811380,217.2,50
1719463811380,217.2,50
1719463812966,217.7,50
1719463814140,219.1,25
1719463814140,219.1,25
1719463814967,219.5,25
1719463815873,219.4,25
1719463816162,218.9,175
1719463816848,218.65,50
1719463816848,218.65,50
1719463818426,218.15,125
1719463818917,218.1,25
1719463819078,217.15,25
1719463819078,217.15,25
1719463820887,217.55,25
1719463820887,217.55,25
1719463821821,218.45,50
1719463822035,217.85,100
1719463824603,219.3,275
1719463824603,219.3,275
1719463824811,219.05,25
1719463825450,219.15,25
1719463825450,219.15,25
1719463826799,218.9,25
1719463827501,218.0,25
1719463827501,218.0,25
1719463828879,217.7,75
1719463829219,217.15,25
1719463829907,217.0,50
1719463830649,216.85,25
1719463830649,216.85,25
1719463831389,217.9,50
1719463831793,217.75,25
1719463832246,218.0,25
1719463832246,218.0,25
1719463832246,218.0,25
1719463834747,217.9,50
1719463835022,217.95,25
1719463835803,217.45,50
1719463835803,217.45,50
1719463836641,217.9,25
1719463837273,217.0,200
1719463838526,216.9,25
1719463839373,217.7,50
1719463839373,217.7,50
1719463840962,216.75,50
1719463841043,216.8,100
1719463841726,216.55,50
1719463842740,215.95,50
1719463842740,215.95,50
1719463843058,215.85,50
1719463844617,215.3,50
1719463844617,215.3,50
1719463845146,216.15,50
1719463846420,216.2,75
1719463846906,216.35,25
1719463847847,216.75,25
1719463848795,215.85,75
1719463848795,215.85,75
1719463851120,215.75,100
1719463851120,215.75,100
1719463851120,215.75,100
1719463853468,215.5,25
1719463853468,215.5,25
1719463854894,215.8,75
1719463855649,215.55,25
1719463855649,215.55,25
1719463857259,215.2,25
1719463857384,215.55,100
1719463857384,215.55,100
1719463858904,217.4,25
1719463859458,217.3,25
1719463859458,217.3,25
1719463860660,218.05,125
1719463860660,218.05,125
1719463861452,217.0,75
1719463861865,217.95,75
1719463862894,218.0,25
1719463862894,218.0,25
1719463863270,218.4,25
1719463863270,218.4,25
1719463864721,218.0,75
1719463865978,217.0,50
1719463866230,217.2,25
1719463866970,217.3,25
1719463867917,216.6,25
1719463867917,216.6,25
1719463868243,217.0,25
1719463869563,217.35,250
1719463869788,216.95,25
1719463870786,218.0,25
1719463870786,218.0,25
1719463871848,218.0,25
1719463871848,218.0,25
1719463873264,217.85,50
1719463873650,218.0,50
1719463874605,217.6,25
1719463874605,217.6,25
1719463875371,216.85,25
1719463876196,217.25,75
1719463876196,217.25,75
1719463877735,218.0,50
1719463878742,218.4,25
1719463879058,218.15,75
1719463879966,218.0,25
1719463880222,218.0,75
1719463881219,217.9,25
1719463881829,218.2,25
1719463882997,218.75,25
1719463883085,218.95,75
1719463883173,218.9,25
1719463884622,218.75,25
1719463884622,218.75,25
1719463885685,219.0,50
1719463886462,218.95,25
1719463886862,218.6,50
1719463887565,218.7,25
1719463888105,219.0,25
1719463889041,219.05,75
1719463889464,218.5,25
1719463889834,219.25,25
1719463890619,219.25,25
1719463890975,218.9,25
1719463891454,218.4,50
1719463891625,218.0,25
1719463892833,218.05,25
1719463892833,218.05,25
1719463894088,218.9,25
1719463894559,218.0,25
1719463895023,217.6,25
1719463895594,217.1,100
1719463896530,216.85,25
1719463896851,217.1,25
1719463897587,216.65,50
1719463897587,216.65,50
1719463898589,216.75,100
1719463899639,217.6,25
1719463899867,218.05,75
1719463900947,218.05,25
1719463901429,218.6,100
1719463901588,218.1,50
1719463902393,218.95,25
1719463902393,218.95,25
1719464036010,213.5,175
1719464036010,213.5,175
1719464036669,213.45,125
1719464037656,213.1,50
1719464039078,213.0,25
1719464039539,212.9,25
1719464039984,213.1,50
1719464040485,212.3,25
1719464040485,212.3,25
1719464041277,212.9,50
1719464041755,212.95,25
1719464043068,212.15,100
1719464043068,212.15,100
1719464044076,212.1,25
1719464044726,211.15,25
1719464044726,211.15,25
1719464046495,212.75,50
1719464046835,211.85,25
1719464047775,211.95,25
1719464048662,211.85,25
1719464049363,212.15,50
1719464049363,212.15,50
1719464051021,212.0,25
1719464051535,212.1,25
1719464051873,212.1,50
1719464053066,211.75,25
1719464053066,211.75,25
1719464054080,211.9,150
1719464054760,213.45,25
1719464054760,213.45,25
1719464056112,212.95,250
1719464056112,212.95,250
1719464056673,214.0,50
1719464058339,214.45,25
1719464058397,214.5,25
1719464059175,214.15,50
1719464060084,213.85,100
1719464060638,212.3,25
1719464060638,212.3,25
1719464062828,212.4,125
1719464062984,211.75,25
1719464063372,211.75,1400
1719464064006,211.25,50
1719464064939,211.7,25
1719464064939,211.7,25
1719464065270,211.75,25
1719464066465,212.0,125
1719464066465,212.0,125
1719464067413,211.95,100
1719464067413,211.95,100
1719464068857,212.0,50
1719464069993,212.0,25
1719464069993,212.0,25
1719464069993,212.0,25
1719464071415,211.2,275
1719464071874,211.65,25
1719464072980,211.35,50
1719464073351,211.65,25
1719464073916,211.85,25
1719464074284,211.25,25
1719464074284,211.25,25
1719464074284,211.25,25
1719464076791,211.6,25
1719464077087,211.8,125
1719464077459,212.0,50
1719464077459,212.0,50
1719464079089,211.1,200
1719464079181,211.7,25
1719464079181,211.7,25
1719464080868,211.4,25
1719464080868,211.4,25
1719464082043,211.35,100
1719464082875,211.25,25
1719464083379,211.2,25
1719464083379,211.2,25
1719464084986,210.0,50
1719464084986,210.0,50
1719464085513,210.0,25
1719464085513,210.0,25
1719464087195,210.1,100
1719464088005,210.0,75
1719464088199,210.0,75
1719464089038,210.05,75
1719464089972,210.05,175
1719464089972,210.05,175
1719464090588,210.15,50
1719464091518,210.15,100
1719464092330,210.45,25
1719464093009,212.15,100
1719464093009,212.15,100
1719464094040,213.05,100
1719464095090,213.7,50
1719464095418,213.35,25
1719464095418,213.35,25
1719464097828,213.15,25
1719464098113,212.85,50
1719464098113,212.85,50
1719464099350,212.5,100
1719464100012,212.5,100
1719464100012,212.5,100
1719464100012,212.5,100
1719464101526,212.05,125
1719464101526,212.05,125
1719464102054,212.6,25
1719464102790,213.25,50
1719464103371,212.8,100
1719464103371,212.8,100
1719464104775,212.45,400
1719464106049,212.45,25
1719464106363,212.8,50
1719464107057,212.05,50
1719464107828,212.35,25
1719464108215,212.55,25
1719464108882,212.95,75
1719464109635,212.3,25
1719464110905,212.7,125
1719464111253,212.55,25
1719464111253,212.55,25
1719464112425,212.55,25
1719464112425,212.55,25
1719464114016,212.0,75
1719464114992,212.4,150
1719464114992,212.4,150
1719464116130,212.45,25
1719464116580,212.85,25
1719464117103,212.25,125
1719464117619,212.75,150
1719464117619,212.75,150
1719464119280,213.25,50
1719464119280,213.25,50
1719464120298,213.3,25
1719464121046,214.0,75
1719464121144,214.0,125
1719464122087,213.35,100
1719464122950,213.65,75
1719464123189,213.15,25
1719464123189,213.15,25
1719464124806,213.25,100
1719464125401,213.3,125
1719464126249,213.4,25
1719464126249,213.4,25
1719464127182,213.2,25
1719464127182,213.2,25
1719464128792,213.2,50
1719464129805,213.35,50
1719464129805,213.35,50
1719464129805,213.35,50
1719464131046,213.5,50
1719464131046,213.5,50
1719464132154,213.05,25
1719464132895,212.8,250
1719464133229,212.3,25
1719464134035,212.55,25
1719464135014,212.65,25
1719464136088,212.35,25
1719464136228,212.15,25
1719464136228,212.15,25
1719464138126,212.2,150
1719464138126,212.2,150
1719464138778,211.75,800
1719464140030,210.9,25
1719464140795,211.25,25
1719464141636,210.7,100
1719464141883,211.25,25
1719464142911,211.9,25
1719464143268,212.65,25
1719464144114,213.05,125
1719464145056,213.5,25
1719464145293,213.25,50
1719464146095,213.6,50
1719464146095,213.6,50
1719464146852,213.7,25
1719464147659,213.4,200
1719464147659,213.4,200
1719464148595,213.65,200
1719464149596,212.9,50
1719464149596,212.9,50
1719464152582,213.15,200
1719464152898,213.5,75
1719464152898,213.5,75
1719464153453,212.85,50
1719464154572,214.0,50
1719464154572,214.0,50
1719464155906,212.3,25
1719464156331,212.25,50
1719464156331,212.25,50
1719464156331,212.25,50
1719464158404,212.75,100
1719464158888,212.1,25
1719464159963,211.8,100
1719464160597,212.2,75
1719464160597,212.2,75
1719464161674,212.15,100
1719464162022,212.55,25
1719464163093,213.0,50
1719464163093,213.0,50
1719464164117,213.4,50
1719464164762,213.45,150
1719464165591,213.3,100
1719464166534,213.1,50
1719464167140,212.85,25
1719464167968,213.0,25
1719464167968,213.0,25
1719464169769,213.6,25
1719464169769,213.6,25
1719464170998,214.0,250
1719464171437,214.0,150
1719464171437,214.0,150
1719464171437,214.0,150
1719464174575,213.5,125
1719464175174,213.4,25
1719464176117,213.5,25
1719464176676,212.85,75
1719464177182,212.7,25
1719464178014,213.1,25
1719464178014,213.1,25
1719464179166,212.75,50
1719464179166,212.75,50
1719464181723,214.0,25
1719464182233,214.5,25
1719464182685,214.0,25
1719464182685,214.0,25
1719464184190,215.0,25
1719464184735,213.6,25
1719464184735,213.6,25
1719464188089,214.35,25
1719464188089,214.35,25
1719464188089,214.35,25
1719464190343,214.35,25
1719464190570,214.0,75
1719464190941,213.6,50
1719464191498,213.0,25
1719464192097,213.1,25
1719464192712,212.8,50
1719464192712,212.8,50
1719464194505,214.35,200
1719464195134,214.45,25
1719464196116,214.5,125
1719464196733,214.45,25
1719464196733,214.45,25
1719464198061,214.5,25
1719464198271,214.0,25
1719464198271,214.0,25
1719464199348,214.95,25
1719464200515,214.3,25
1719464201757,212.75,25
1719464202099,213.1,100
1719464202745,212.75,100
1719464202745,212.75,100
1719464204238,212.95,25
1719464204815,213.1,25
1719464206124,214.0,75
1719464206628,213.65,25
1719464206628,213.65,25
1719464208116,214.35,25
1719464208116,214.35,25
1719464209570,214.35,25
1719464209570,214.35,25
1719464210225,215.0,25
1719464211206,214.5,25
1719464211517,214.45,25
1719464211517,214.45,25
1719464211517,214.45,25
1719464214110,213.35,25
1719464214786,214.25,100
1719464216530,213.85,75
1719464216530,213.85,75
1719464217143,214.8,150
1719464218130,214.85,50
1719464218130,214.85,50
1719464219084,216.45,75
1719464220092,216.55,25
1719464220562,216.6,75
1719464220562,216.6,75
1719464221752,216.95,100
1719464222023,216.55,75
1719464222896,216.8,100
1719464222896,216.8,100
1719464223501,217.1,25
1719464223501,217.1,25
1719464225378,217.3,25
1719464226052,217.6,25
1719464226405,218.0,50
1719464226405,218.0,50
1719464228147,218.6,75
1719464228147,218.6,75
1719464228844,219.1,25
1719464229363,219.05,50
1719464230168,218.85,25
1719464231152,219.3,50
1719464231494,219.3,125
1719464231977,219.85,25
1719464232904,219.1,25
1719464232904,219.1,25
1719464233979,219.4,75
1719464234883,219.25,25
1719464235143,220.0,25
1719464236182,219.75,200
1719464236621,219.55,25
1719464237028,219.05,25
1719464238100,219.65,25
1719464238360,220.0,25
1719464239057,219.35,150
1719464239057,219.35,150
1719464240171,220.0,25
1719464241016,219.85,25
1719464241427,219.95,100
1719464242203,219.55,25
1719464242699,219.0,125
1719464243320,219.55,25
1719464243603,218.9,25
1719464244535,220.0,200
1719464244535,220.0,200
1719464246029,220.05,75
1719464246829,221.4,75
1719464247272,222.0,25
1719464248134,221.95,50
1719464248434,223.05,75
1719464249226,223.55,25
1719464250058,223.05,25
1719464250320,222.65,50
1719464250666,222.75,25
1719464251182,223.45,100
1719464251861,223.25,25
1719464252294,223.25,25
1719464253144,224.0,25
1719464253469,224.1,25
1719464254206,224.9,25
1719464255050,224.45,25
1719464255105,224.0,1000
1719464256178,224.0,50
1719464256783,223.75,25
1719464257060,223.15,25
1719464257948,224.2,25
1719464258270,224.7,100
1719464259366,224.7,75
1719464260049,223.05,25
1719464260049,223.05,25
1719464261070,223.2,25
1719464261787,223.65,50
1719464262179,224.05,125
1719464263338,224.7,200
1719464263338,224.7,200
1719464263908,224.15,100
1719464265070,224.35,25
1719464265070,224.35,25
1719464265814,224.35,75
1719464266854,224.0,50
1719464267125,224.0,50
1719464268170,224.2,25
1719464268475,224.85,50
1719464269188,224.1,75
1719464269736,224.95,250
1719464270388,224.1,50
1719464271152,224.05,50
1719464271714,224.35,25
1719464272031,224.55,125
1719464272964,223.95,25
1719464273407,224.0,25
1719464273571,224.7,25
1719464274674,223.7,50
1719464274674,223.7,50
1719464276192,224.75,25
1719464276890,224.35,25
1719464276890,224.35,25
1719464278278,223.9,50
1719464278436,223.9,125
1719464279158,223.4,25
1719464280083,222.95,25
1719464280083,222.95,25
1719464280749,222.95,75
1719464280749,222.95,75
1719464281639,223.7,25
1719464282388,224.7,175
1719464283317,224.45,25
1719464284572,224.4,25
1719464285015,224.2,200
1719464285015,224.2,200
1719464286168,224.6,50
1719464286886,224.15,100
1719464286886,224.15,100
1719464287626,223.95,150
1719464287626,223.95,150
1719464289187,224.0,25
1719464289740,224.35,25
1719464289740,224.35,25
1719464291200,223.95,50
1719464291415,225.0,25
1719464292603,226.85,25
1719464293378,226.35,25
1719464293378,226.35,25
1719464294041,226.25,25
1719464295106,227.5,75
1719464295144,226.5,50
1719464296229,226.55,100
1719464296901,225.8,425
1719464297237,225.3,100
1719464298327,226.25,50
1719464298851,226.0,50
1719464300091,226.2,75
1719464300206,225.85,25
1719464301138,225.05,75
1719464301771,225.3,50
1719464302235,225.45,175
1719464303393,225.55,175
1719464303393,225.55,175
1719464303708,225.45,125
1719464305115,225.75,25
1719464305143,225.65,125
1719464305780,225.4,175
1719464306928,225.4,25
1719464307197,225.75,50
1719464307571,226.1,50
1719464307571,226.1,50
1719464309158,226.5,100
1719464309981,227.5,25
1719464310625,228.0,25
1719464310829,228.0,25
1719464311167,228.1,25
1719464311856,227.75,25
1719464312233,227.7,50
1719464313464,228.45,175
1719464314401,230.0,100
1719464315032,228.95,25
1719464315032,228.95,25
1719464316218,229.3,25
1719464316826,230.0,25
1719464317113,230.15,25
1719464318378,229.55,50
1719464318545,229.25,50
1719464319363,229.35,50
1719464320018,230.3,25
1719464320018,230.3,25
1719464321224,230.0,25
1719464321676,230.95,100
1719464322213,230.3,25
1719464323209,230.1,25
1719464323376,231.0,175
1719464324112,231.0,50
1719464325012,231.0,150
1719464325275,230.2,50
1719464326349,230.35,50
1719464326973,229.9,100
1719464327000,230.35,25
1719464328185,228.7,25
1719464328381,228.25,50
1719464329215,227.0,25
1719464329998,226.5,250
1719464330247,226.95,25
1719464331163,228.85,25
1719464331592,228.65,25
1719464331592,228.65,25
1719464333289,229.2,125
1719464333476,229.75,25
1719464334224,229.3,25
1719464335072,229.65,25
1719464336269,229.5,100
1719464336705,229.6,25
1719464337086,228.75,50
1719464337086,228.75,50
1719464338785,229.75,200
1719464339415,228.95,25
1719464339819,229.75,75
1719464339819,229.75,75
1719464340571,229.45,25
1719464341159,230.0,75
1719464341759,229.45,25
1719464341759,229.45,25
1719464342878,228.6,100
1719464343439,228.7,25
1719464344134,229.15,25
1719464345171,229.45,25
1719464345421,229.1,275
1719464346213,229.35,25
1719464346872,230.2,100
1719464347081,230.3,125
1719464348116,229.7,250
1719464348485,230.05,75
1719464349250,230.0,175
1719464350009,229.5,50
1719464350009,229.5,50
1719464351120,229.85,25
1719464351545,229.8,25
1719464351545,229.8,25
1719464353355,229.45,100
1719464354231,229.0,25
1719464354753,229.75,50
1719464354753,229.75,50
1719464355804,229.35,25
1719464356705,228.55,75
1719464357091,228.6,25
1719464358250,228.6,75
1719464358580,228.45,25
1719464359285,229.15,50
1719464360227,229.2,25
1719464360404,229.8,25
1719464361067,229.15,75
1719464361607,230.85,225
1719464361926,230.15,25
1719464363257,229.5,75
1719464363573,229.05,25
1719464364265,229.9,25
1719464365214,230.2,25
1719464366244,229.55,75
1719464366783,229.7,25
1719464367176,229.45,25
1719464368440,229.0,50
1719464368569,228.95,25
1719464368569,228.95,25
1719464369597,228.8,50
1719464370251,228.85,125
1719464370793,229.0,25
1719464370793,229.0,25
1719464371590,229.35,25
1719464372093,229.35,25
1719464373252,230.0,25
1719464373252,230.0,25
1719464374068,230.35,100
1719464375051,229.85,100
1719464375051,229.85,100
1719464376214,229.85,50
1719464376617,229.95,25
1719464376617,229.95,25
1719464377888,229.85,25
1719464378579,229.5,75
1719464379176,229.0,25
1719464380121,228.55,25
1719464380562,228.9,75
1719464381775,229.15,25
1719464382152,229.0,25
1719464383448,229.2,25
1719464383549,229.1,50
1719464384132,227.6,50
1719464384132,227.6,50
1719464385345,228.15,25
1719464386323,228.0,25
1719464386838,228.2,25
1719464386838,228.2,25
1719464388479,228.4,75
1719464388479,228.4,75
1719464389542,227.95,25
1719464390130,228.45,175
1719464391168,228.95,175
1719464391629,228.4,50
1719464391895,229.0,25
1719464393235,228.2,100
1719464393413,228.2,25
1719464394005,229.0,25
1719464394712,228.55,25
1719464395986,228.25,75
1719464395986,228.25,75
1719464397374,228.3,25
1719464397951,228.95,25
1719464398494,229.25,25
1719464399003,229.4,25
1719464399759,229.3,50
1719464400871,228.4,25
1719464400972,228.9,25
1719464401864,228.25,125
1719464402100,227.9,25
1719464403205,227.4,200
1719464403555,228.5,25
1719464404115,228.1,25
1719464405105,229.0,100
1719464406180,229.85,125
1719464406863,229.75,25
1719464407413,229.25,100
1719464408341,228.65,25
1719464408341,228.65,25
1719464408814,228.95,25
1719464410230,229.2,75
1719464410230,229.2,75
1719464411272,228.8,25
1719464411897,228.0,25
1719464412196,228.1,25
1719464412722,228.35,25
1719464413567,228.55,125
1719464413866,228.0,25
1719464415008,228.1,25
1719464416284,228.65,25
1719464417005,228.5,25
1719464417170,227.9,50
1719464418095,228.3,25
1719464418095,228.3,25
1719464419192,228.5,25
1719464420254,229.7,25
1719464420492,228.6,25
1719464420827,228.5,100
1719464421490,227.95,25
1719464422278,228.1,25
1719464423157,228.4,25
1719464423647,228.25,50
1719464424267,228.2,25
1719464424267,228.2,25
1719464425665,228.95,25
1719464426231,229.5,50
1719464426990,228.85,25
1719464426990,228.85,25
1719464427586,228.75,100
1719464428417,229.05,25
1719464428417,229.05,25
1719464430058,228.65,50
1719464430058,228.65,50
1719464431188,228.6,25
1719464431765,229.1,75
1719464432412,229.4,25
1719464433584,228.35,25
1719464433965,228.7,75
1719464435070,229.85,175
1719464436110,229.75,25
1719464436840,229.05,25
1719464437455,229.85,125
1719464438275,230.0,25
1719464438404,230.2,25
1719464439283,229.95,75
1719464440178,230.5,25
1719464440517,230.65,25
1719464441177,230.35,200
1719464442016,230.45,25
1719464442016,230.45,25
1719464443314,230.2,50
1719464443704,230.3,25
1719464444339,229.55,25
1719464444956,229.55,25
1719464445532,229.6,25
1719464446257,229.85,500
1719464446883,229.55,25
1719464446883,229.55,25
1719464448217,229.55,25
1719464448217,229.55,25
1719464449306,229.15,25
1719464450305,229.3,25
1719464450347,229.5,25
1719464451002,229.7,50
1719464451945,229.55,175
1719464452313,229.7,200
1719464453244,230.15,25
1719464453647,228.6,300
1719464453647,228.6,300
1719464455204,228.35,25
1719464456305,228.7,25
1719464456906,228.4,100
1719464456906,228.4,100
1719464458170,229.1,150
1719464458650,228.7,25
1719464458806,228.5,100
1719464460351,228.3,25
1719464460872,228.0,150
1719464461398,227.4,25
1719464461803,227.75,50
1719464462305,227.75,25
1719464463256,225.55,75
1719464463757,225.8,75
1719464464389,225.95,50
1719464465369,225.25,100
1719464465530,225.05,25
1719464466338,225.4,25
1719464467146,226.2,25
1719464467287,226.2,25
1719464468156,225.7,25
1719464468751,225.8,100
1719464469498,226.0,50
1719464470392,226.8,25
1719464471494,227.05,25
1719464471833,226.8,25
1719464471833,226.8,25
1719464472667,226.8,25
1719464473776,227.1,25
1719464474291,227.5,25
1719464475281,227.1,25
1719464476012,227.35,50
1719464477200,227.1,25
1719464477360,226.65,75
1719464477942,226.7,25
1719464478654,226.75,25
1719464478914,226.05,50
1719464480286,226.1,25
1719464480286,226.1,25
1719464481314,225.0,25
1719464482194,225.4,200
1719464482707,225.65,25
1719464482999,225.7,200
1719464483583,225.3,25
1719464484327,225.4,50
1719464484903,226.45,50
1719464486161,226.0,125
1719464487183,225.4,150
1719464487183,225.4,150
1719464488068,225.45,50
1719464488782,225.4,225
1719464489331,224.9,300
1719464490418,224.9,25
1719464490418,224.9,25
1719464491011,224.9,175
1719464492218,225.1,25
1719464492218,225.1,25
1719464493351,225.05,75
1719464493394,225.15,25
1719464494363,224.45,75
1719464495011,224.55,50
1719464496276,225.5,25
1719464497139,225.8,25
1719464497316,225.3,50
1719464498189,225.3,25
1719464498699,225.95,25
1719464499158,226.15,25
1719464500442,227.4,25
1719464501449,227.6,25
1719464501449,227.6,25
1719464502589,226.45,25
1719464503139,226.6,25
1719464503695,226.15,25
1719464504135,226.55,275
1719464505235,225.9,25
1719464505235,225.9,25
1719464505235,225.9,25
1719464507443,225.75,25
1719464508650,225.0,25
1719464509136,225.4,25
1719464510348,225.4,25
1719464510869,225.2,50
1719464512149,225.1,25
1719464512149,225.1,25
1719464513280,224.35,100
1719464513385,224.3,25
1719464514566,224.8,75
1719464514956,224.7,25
1719464514956,224.7,25
1719464515521,224.4,25
1719464517112,224.95,50
1719464518011,224.35,50
1719464518705,224.3,25
1719464519085,224.95,75
1719464520376,224.3,175
1719464520376,224.3,175
1719464521360,224.95,75
1719464522250,223.5,25
1719464522378,223.5,25
1719464523310,222.65,25
1719464523634,222.25,50
1719464524563,220.7,25
1719464525462,221.95,50
1719464525734,221.75,100
1719464526173,222.4,25
1719464527162,222.7,50
1719464527162,222.7,50
1719464528254,223.55,25
1719464528735,222.7,50
1719464529090,222.5,50
1719464530524,222.5,50
1719464531369,221.9,125
1719464532175,222.6,25
1719464533318,222.6,75
1719464533859,222.1,25
1719464534189,221.8,25
1719464535306,221.95,25
1719464535306,221.95,25
1719464536344,222.0,25
1719464536584,221.7,50
1719464536584,221.7,50
1719464537608,221.9,25
1719464538638,221.0,50
1719464539020,221.7,50
1719464540399,221.7,25
1719464541383,221.2,25
1719464542227,221.55,50
1719464542335,221.75,25
1719464543371,221.1,25
1719464543626,221.0,25
1719464544346,220.55,50
1719464545203,220.4,25
1719464545203,220.4,25
1719464546077,220.05,25
1719464547097,220.4,150
1719464547353,219.7,50
1719464548366,220.35,25
1719464548911,220.4,25
1719464549242,219.8,25
1719464550485,219.4,25
1719464550559,219.0,100
1719464550559,219.0,100
1719464551271,218.55,175
1719464552069,218.95,25
1719464552394,219.05,25
1719464553355,219.7,200
1719464553654,219.55,50
1719464553654,219.55,50
1719464555375,219.95,25
1719464555375,219.95,25
1719464556382,220.85,50
1719464557068,219.7,25
1719464557534,219.95,100
1719464558312,220.05,25
1719464558738,220.8,25
1719464558738,220.8,25
1719464560199,220.25,25
1719464560199,220.25,25
1719464560823,220.45,75
1719464562122,220.15,100
1719464563797,219.7,25
1719464563797,219.7,25
1719464564667,219.9,25
1719464565317,218.9,25
1719464565317,218.9,25
1719464566114,219.65,25
1719464567246,219.05,50
1719464567377,219.05,50
1719464568966,219.1,50
1719464569330,219.35,50
1719464570340,219.2,25
1719464570547,219.3,25
1719464571012,219.2,25
1719464572358,219.05,150
1719464573384,219.7,50
1719464573478,219.75,50
1719464573478,219.75,50
1719464575033,219.4,50
1719464575536,219.0,25
1719464576377,218.95,25
1719464576967,219.0,25
1719464576967,219.0,25
1719464578350,219.35,25
1719464578950,219.1,25
1719464579413,219.1,75
1719464580488,218.65,100
1719464580810,218.75,100
1719464581364,218.15,25
1719464582103,218.45,25
1719464582103,218.45,25
1719464583282,218.4,50
1719464583910,218.4,25
1719464584183,218.55,75
1719464585387,218.5,25
1719464586170,218.4,25
1719464587311,218.4,100
1719464588336,218.4,100
1719464588809,218.0,1000
1719464589047,216.85,25
1719464590349,216.3,25
1719464590565,216.0,25
1719464591385,214.3,25
1719464592350,212.45,250
1719464592350,212.45,250
1719464593259,212.75,25
1719464593730,212.55,25
1719464594388,212.35,250
1719464595139,214.05,25
1719464595450,213.1,25
1719464596619,213.25,50
1719464597373,213.9,25
1719464598606,212.85,25
1719464598947,213.0,25
1719464599428,212.65,25
1719464600189,211.6,25
1719464600189,211.6,25
1719464601822,207.9,125
1719464602380,207.0,25
1719464602830,206.75,25
1719464603470,206.9,25
1719464603870,206.25,75
1719464604579,207.0,25
1719464605379,206.35,100
1719464605474,206.5,25
1719464606362,206.9,25
1719464607339,203.0,25
1719464607408,202.0,75
1719464608298,202.8,25
1719464608898,202.2,75
1719464609248,202.15,50
1719464610578,199.6,75
1719464610879,198.35,25
1719464611717,195.85,25
1719464611977,192.8,375
1719464612884,186.15,25
1719464613850,178.4,25
1719464614364,183.45,150
1719464614364,183.45,150
1719464616472,188.2,50
1719464616938,189.2,50
1719464616938,189.2,50
1719464618515,190.35,25
1719464618942,191.35,25
1719464619675,193.25,100
1719464620186,193.75,50
1719464620770,193.85,150
1719464621139,192.6,50
1719464622271,192.9,25
1719464622437,192.2,50
1719464623339,195.1,25
1719464623979,195.65,25
1719464624363,195.0,25
1719464625394,197.9,50
1719464625493,198.0,25
1719464626422,197.25,50
1719464627412,196.85,25
1719464628414,199.2,125
1719464629027,201.05,25
1719464629265,201.1,25
1719464630428,201.15,100
1719464630520,200.95,100
1719464631395,201.1,25
1719464632169,200.9,25
1719464633257,200.25,25
1719464634006,197.9,75
1719464634395,197.85,25
1719464635419,196.5,25
1719464635451,195.45,75
1719464636382,192.85,100
1719464637208,191.8,125
1719464638433,194.2,25
1719464638991,194.0,100
1719464639583,193.85,25
1719464640606,194.2,200
1719464640777,194.15,125
1719464641644,193.85,50
1719464642233,194.3,50
1719464642607,194.7,25
1719464643820,195.6,175
1719464643820,195.6,175
1719464644288,195.25,75
1719464645285,196.15,25
1719464645516,196.0,25
1719464646414,196.6,50
1719464647410,198.8,25
1719464648364,200.0,25
1719464648823,200.4,25
1719464649629,199.6,50
1719464650452,198.45,25
1719464651520,196.65,25
1719464652254,196.65,25
1719464652605,196.95,75
1719464653641,196.45,75
1719464653706,197.25,75
1719464654381,196.0,225
1719464655414,196.8,25
1719464656518,195.35,125
1719464657126,196.15,50
1719464657297,196.05,25
1719464658463,196.6,25
1719464658854,196.8,50
1719464659346,198.0,100
1719464660430,200.7,200
1719464660680,200.1,25
1719464661360,199.75,100
1719464662207,198.8,25
1719464662436,199.85,25
1719464663433,197.2,100
1719464663857,197.9,75
1719464664458,195.55,25
1719464665520,197.35,50
1719464666420,197.0,25
1719464667199,196.35,50
1719464667440,197.15,25
1719464668453,196.85,25
1719464668893,196.8,50
1719464669113,196.45,25
1719464670593,199.0,75
1719464670873,199.15,25
1719464671618,199.7,25
1719464672277,198.95,75
1719464672835,199.95,25
1719464673312,199.65,25
1719464673791,199.1,500
1719464674377,199.1,250
1719464675699,200.25,25
1719464676279,198.95,25
1719464677039,199.75,50
1719464677459,199.85,25
1719464678645,199.15,75
1719464678781,199.1,25
1719464679450,198.95,50
1719464680656,197.75,25
1719464681525,197.75,50
1719464682181,198.2,25
1719464682181,198.2,25
1719464683427,197.85,50
1719464683920,198.6,25
1719464684661,198.65,25
1719464685410,198.9,25
1719464685682,198.9,125
1719464686274,198.3,100
1719464687161,198.3,250
1719464687161,198.3,250
1719464688460,197.2,25
1719464688825,198.45,175
1719464689280,198.5,25
1719464690329,197.0,25
1719464690596,197.6,25
1719464691620,195.7,25
1719464692188,196.0,25
1719464693600,196.75,25
1719464693849,195.65,25
1719464694378,194.9,100
1719464695452,194.15,25
1719464695452,194.15,25
1719464696460,193.75,25
1719464697315,193.65,125
1719464697315,193.65,125
1719464698348,194.45,275
1719464698860,191.9,175
1719464699586,191.8,25
1719464700366,191.75,50
1719464700609,191.9,50
1719464700891,191.1,25
1719464701666,190.15,225
1719464702306,190.15,50
1719464702852,190.3,50
1719464703426,190.1,25
1719464703926,190.8,25
1719464704400,189.85,25
1719464705442,190.75,50
1719464705729,191.55,50
1719464706662,192.0,300
1719464707281,191.7,100
1719464707623,191.4,25
1719464708669,190.85,25
1719464708938,191.25,25
1719464709783,192.05,25
1719464710539,192.3,125
1719464711313,193.1,125
1719464712322,193.8,25
1719464712426,194.15,50
1719464713444,193.2,25
1719464713901,193.25,50
1719464714463,194.4,25
1719464715519,196.2,25
1719464715613,195.6,125
1719464716385,196.15,25
1719464717272,195.35,75
1719464717272,195.35,75
1719464718153,194.95,25
1719464718787,195.15,75
1719464719450,194.95,50
1719464720429,194.45,25
1719464720593,194.85,25
1719464721434,194.0,200
1719464722366,193.1,25
1719464722414,192.9,50
1719464723677,191.2,125
1719464723911,192.1,200
1719464724513,193.1,50
1719464725574,192.25,75
1719464725655,192.1,125
1719464726687,191.1,150
1719464727366,192.0,150
1719464727366,192.0,150
1719464728639,190.45,50
1719464728827,190.8,100
1719464729332,190.6,150
1719464730467,192.05,250
1719464730529,192.8,25
1719464730782,192.15,175
1719464731391,192.65,25
1719464732128,192.1,275
1719464732580,191.35,25
1719464733371,193.3,25
1719464733988,193.5,25
1719464734241,193.1,25
1719464735422,193.1,25
1719464735422,193.1,25
1719464736326,192.3,50
1719464737228,192.15,25
1719464737437,192.2,25
1719464738378,193.25,50
1719464738984,194.0,50
1719464739858,193.0,75
1719464740308,193.1,25
1719464741481,194.45,25
1719464742272,193.8,25
1719464742640,193.2,25
1719464743190,193.15,150
1719464743946,193.45,125
1719464744645,193.05,25
1719464745474,193.75,250
1719464745474,193.75,250
1719464746370,193.7,50
1719464747435,194.75,50
1719464748283,193.6,25
1719464748892,194.0,250
1719464749603,195.1,25
1719464750601,195.6,125
1719464750668,195.15,25
1719464751523,196.0,25
1719464752420,195.55,50
1719464752420,195.55,50
1719464753470,194.7,25
1719464753977,195.7,200
1719464754692,195.2,25
1719464755438,195.5,100
1719464755618,196.35,25
1719464756680,197.8,25
1719464757365,197.5,25
1719464757365,197.5,25
1719464758543,197.55,125
1719464759024,197.25,25
1719464759508,197.45,25
1719464760493,197.6,200
1719464760616,197.85,25
1719464760846,197.3,200
1719464760925,197.7,25
1719464762410,196.0,100
1719464762871,196.05,125
1719464763452,195.15,125
1719464763665,196.0,25
1719464764474,194.95,25
1719464765495,194.25,25
1719464765617,193.75,25
1719464766408,193.9,200
1719464767373,195.25,25
1719464767652,194.2,450
1719464768467,194.45,375
1719464769031,196.35,250
1719464769439,195.65,50
1719464770663,198.0,100
1719464771285,197.55,100
1719464772389,197.35,25
1719464772639,197.4,250
1719464773427,198.6,125
1719464773899,197.9,25
1719464774404,196.55,25
1719464775296,196.85,25
1719464775296,196.85,25
1719464776165,197.0,25
1719464777265,195.95,25
1719464778231,196.2,25
1719464778994,196.1,25
1719464779500,196.05,25
1719464780661,196.15,25
1719464780661,196.15,25
1719464781363,196.15,100
1719464782373,195.4,25
1719464783383,195.45,25
1719464784055,196.05,25
1719464784621,197.0,25
1719464785700,197.1,25
1719464786705,198.6,25
1719464787116,199.8,250
1719464787696,199.45,25
1719464788459,200.0,25
1719464789041,199.25,25
1719464789619,199.25,50
1719464789850,198.45,250
1719464790633,199.4,450
1719464790815,199.5,150
1719464791412,196.95,100
1719464792195,197.25,25
1719464792195,197.25,25
1719464793386,196.1,175
1719464793865,197.05,25
1719464794699,197.2,75
1719464795500,197.1,25
1719464795500,197.1,25
1719464795881,195.95,25
1719464797433,197.25,300
1719464798304,198.0,175
1719464799044,197.85,25
1719464799270,198.9,25
1719464800484,198.15,25
1719464800484,198.15,25
1719464801693,198.5,50
1719464802071,198.25,100
1719464803384,198.45,25
1719464803902,198.75,25
1719464804259,198.2,25
1719464805284,198.0,25
1719464805582,197.6,25
1719464806678,198.4,75
1719464807219,198.35,75
1719464807679,199.45,150
1719464808731,199.45,25
1719464809309,199.05,50
1719464810377,197.55,75
1719464810651,198.35,25
1719464811409,198.15,25
1719464812258,197.0,150
1719464812258,197.0,150
1719464813425,196.65,25
1719464813753,196.85,25
1719464814522,198.0,25
1719464815308,197.35,50
1719464815308,197.35,50
1719464816147,198.15,50
1719464817467,197.3,25
1719464817467,197.3,25
1719464818157,197.7,25
1719464818905,197.4,325
1719464818905,197.4,325
1719464819804,196.9,25
1719464820618,197.35,25
1719464820618,197.35,25
1719464821256,197.45,200
1719464822482,198.85,50
1719464822728,198.35,100
1719464823282,198.2,50
1719464824034,198.05,25
1719464824234,197.6,175
1719464825585,197.4,100
1719464826494,196.65,25
1719464827520,196.5,25
1719464827691,196.65,25
1719464828294,197.4,50
1719464829030,198.0,275
1719464829219,198.6,150
1719464830507,199.4,125
1719464830716,200.0,50
1719464831450,201.5,50
1719464832483,202.0,25
1719464833308,201.8,75
1719464834048,201.1,200
1719464834323,201.45,150
1719464835526,201.05,25
1719464835593,200.1,25
1719464836292,199.85,25
1719464837504,199.45,125
1719464837504,199.45,125
1719464838308,199.8,25
1719464839104,200.2,25
1719464839104,200.2,25
1719464840682,200.0,25
1719464841473,200.65,125
1719464842510,200.65,25
1719464842567,200.0,75
1719464843446,201.65,75
1719464843914,201.85,50
1719464844347,201.5,50
1719464845529,201.85,200
1719464845659,202.2,25
1719464846369,201.35,50
1719464847397,201.9,50
1719464847397,201.9,50
1719464848565,201.4,50
1719464849037,201.5,50
1719464849037,201.5,50
1719464850525,201.15,50
1719464850700,201.75,175
1719464850804,201.8,25
1719464851458,201.4,75
1719464852560,202.1,25
1719464853510,202.0,50
1719464854163,203.2,25
1719464854663,203.3,150
1719464855463,202.8,25
1719464855463,202.8,25
1719464856734,203.85,250
1719464857557,203.45,150
1719464858500,204.0,50
1719464859181,203.65,25
1719464859427,203.65,125
1719464860506,203.25,25
1719464860591,203.15,25
1719464861414,203.7,50
1719464862576,202.0,25
1719464862731,202.85,25
1719464863317,201.95,50
1719464864173,200.5,50
1719464864439,200.85,200
1719464864926,201.3,75
1719464865775,202.2,50
1719464866338,201.9,150
1719464867567,203.05,25
1719464868397,204.45,25
1719464868550,204.45,25
1719464869534,204.5,25
1719464870548,204.1,100
1719464870548,204.1,100
1719464871496,203.85,50
1719464872484,203.65,25
1719464872484,203.65,25
1719464873544,203.45,25
1719464874216,204.5,775
1719464874491,204.95,200
1719464875258,204.5,225
1719464875787,204.25,250
1719464876539,205.6,75
1719464877580,204.75,225
1719464877580,204.75,225
1719464878308,204.3,50
1719464879118,203.85,150
1719464879710,203.3,25
1719464880474,202.5,50
1719464880474,202.5,50
1719464880852,202.85,75
1719464881376,202.6,100
1719464882535,203.2,25
1719464883436,203.0,25
1719464884093,203.0,25
1719464884721,202.2,75
1719464885543,201.5,50
