time,price,volume
1719461503965,7.9,350
1719461504644,7.8,25
1719461505144,7.8,50
1719461505375,7.85,25
1719461505677,7.75,25
1719461506383,7.85,25
1719461506684,7.85,25
1719461507730,7.75,1100
1719461507849,7.75,50
1719461508686,7.75,300
1719461508969,7.7,250
1719461509906,7.7,25
1719461510131,7.75,25
1719461510692,7.75,25
1719461511175,7.7,150
1719461511562,7.7,75
1719461511715,7.65,50
1719461512585,7.7,25
1719461512728,7.8,25
1719461513586,7.75,25
1719461513701,7.75,25
1719461514794,7.7,25
1719461514904,7.7,25
1719461515700,7.65,25
1719461515998,7.5,50
1719461516699,7.4,125
1719461517187,7.55,50
1719461517905,7.6,75
1719461518407,7.55,75
1719461518706,7.7,25
1719461519377,7.8,25
1719461519673,7.8,25
1719461520049,7.7,50
1719461520364,7.75,175
1719461520925,7.75,200
1719461521394,7.7,200
1719461521710,7.75,50
1719461522585,7.8,250
1719461522638,7.85,625
1719461523534,7.75,25
1719461523888,7.7,25
1719461524576,7.85,25
1719461524709,7.8,25
1719461525608,7.75,25
1719461525691,7.8,225
1719461526732,7.95,25
1719461526901,7.95,50
1719461527685,8.05,25
1719461528000,8.15,50
1719461528685,8.1,25
1719461528935,8.05,75
1719461529694,8.05,700
1719461530013,7.95,25
1719461530847,8.1,25
1719461531200,8.05,25
1719461531587,8.05,25
1719461531712,8.1,50
1719461532685,8.1,25
1719461532788,8.05,250
1719461533579,8.15,125
1719461533768,8.0,75
1719461534499,8.05,25
1719461534675,8.0,325
1719461535621,8.05,475
1719461535621,8.05,475
1719461536703,8.05,25
1719461536728,8.1,25
1719461537646,8.05,250
1719461537768,8.1,100
1719461538805,8.05,25
1719461539690,8.15,125
1719461540022,8.15,50
1719461540300,8.25,100
1719461540719,8.25,25
1719461541832,8.25,50
1719461541903,8.25,25
1719461542718,8.25,1000
1719461542781,8.25,100
1719461543717,8.35,50
1719461544000,8.35,50
1719461544704,8.35,50
1719461545000,8.35,50
1719461545720,8.4,250
1719461546239,8.55,50
1719461546355,8.55,25
1719461546659,8.5,75
1719461547439,8.35,25
1719461547867,8.4,50
1719461548444,8.4,1000
1719461548689,8.3,25
1719461549635,8.4,50
1719461549716,8.4,875
1719461550062,8.4,400
1719461550626,8.35,75
1719461550825,8.35,150
1719461551710,8.45,25
1719461552726,8.45,275
1719461552815,8.45,75
1719461553794,8.45,25
1719461554673,8.35,325
1719461554673,8.35,325
1719461555623,8.35,50
1719461556029,8.3,25
1719461556702,8.35,25
1719461557005,8.35,150
1719461557614,8.35,25
1719461558000,8.3,50
1719461558643,8.2,300
1719461559000,8.25,50
1719461559717,8.2,250
1719461560043,8.2,25
1719461560423,8.25,25
1719461560706,8.25,25
1719461561310,8.25,25
1719461561742,8.25,25
1719461562467,8.35,75
1719461562930,8.3,25
1719461563707,8.45,25
1719461564745,8.45,25
1719461564864,8.5,50
1719461565849,8.5,50
1719461566724,8.45,675
1719461566808,8.4,675
1719461567556,8.45,200
1719461567556,8.45,200
1719461568807,8.45,25
1719461569729,8.5,25
1719461570000,8.5,50
1719461570507,8.5,550
1719461571253,8.45,475
1719461571460,8.3,400
1719461571948,8.35,275
1719461572702,8.4,500
1719461573681,8.4,225
1719461574730,8.45,25
1719461574797,8.45,25
1719461575662,8.35,25
1719461575867,8.45,25
1719461576638,8.25,50
1719461577080,8.3,200
1719461577733,8.3,50
1719461578224,8.3,25
1719461578686,8.3,200
1719461579119,8.3,25
1719461579413,8.25,50
1719461579701,8.3,875
1719461580036,8.25,150
1719461580633,8.25,25
1719461580726,8.25,100
1719461581676,8.2,150
1719461581731,8.3,25
1719461582729,8.25,25
1719461583704,8.25,50
1719461583880,8.2,1025
1719461584705,8.3,50
1719461585000,8.35,50
1719461585652,8.4,25
1719461586260,8.5,50
1719461586302,8.45,225
1719461586716,8.5,50
1719461587739,8.5,200
1719461588657,8.65,25
1719461589757,8.6,50
1719461589901,8.7,25
1719461590715,8.7,275
1719461591098,8.75,300
1719461591733,8.75,900
1719461592073,8.75,425
1719461592841,8.75,925
1719461593284,8.7,250
1719461593436,8.75,225
1719461593743,8.7,175
1719461594723,8.55,25
1719461595750,8.55,200
1719461595906,8.45,125
1719461596755,8.4,225
1719461596824,8.45,25
1719461597712,8.4,25
1719461598712,8.5,125
1719461598872,8.4,750
1719461599722,8.4,50
1719461599962,8.45,25
1719461600717,8.4,50
1719461601088,8.4,225
1719461605733,8.4,25
1719461606081,8.35,25
1719461606751,8.45,25
1719461607753,8.6,100
1719461608659,8.6,200
1719461608919,8.6,25
1719461609704,8.5,50
1719461609704,8.5,50
1719461610098,8.5,50
1719461610672,8.65,150
1719461611684,8.45,25
1719461611932,8.45,775
1719461612724,8.5,200
1719461612860,8.5,25
1719461613617,8.55,50
1719461613925,8.55,100
1719461614702,8.55,150
1719461615055,8.6,100
1719461615745,8.6,975
1719461616310,8.55,50
1719461616342,8.55,100
1719461616727,8.45,100
1719461617489,8.55,250
1719461617743,8.55,25
1719461618599,8.6,225
1719461619543,8.4,25
1719461620688,8.45,25
1719461620903,8.45,25
1719461621685,8.4,125
1719461621833,8.45,25
1719461622766,8.45,775
1719461623126,8.4,100
1719461623581,8.4,100
1719461623827,8.4,50
1719461624764,8.15,50
1719461625124,8.05,50
1719461625848,8.15,375
1719461626238,8.2,25
1719461626736,8.15,100
1719461627015,8.15,50
1719461627772,8.1,50
1719461628352,8.0,25
1719461628525,7.95,250
1719461628751,8.0,25
1719461629762,8.05,75
1719461630732,8.0,250
1719461630860,7.95,25
1719461631725,8.05,75
1719461632085,8.15,25
1719461632606,8.15,200
1719461632957,8.05,50
1719461633712,8.2,25
1719461634086,8.1,100
1719461634715,8.15,150
1719461635167,8.15,50
1719461635727,8.15,25
1719461636128,8.1,25
1719461636759,8.15,50
1719461637014,8.1,25
1719461637705,8.15,25
1719461638320,8.15,350
1719461638419,8.1,75
1719461638933,8.15,25
1719461639760,8.1,25
1719461639800,8.1,75
1719461640094,8.0,25
1719461640640,8.1,25
1719461641756,8.15,25
1719461642731,8.1,200
1719461643770,8.1,25
1719461643958,8.15,25
1719461644782,8.2,125
1719461644857,8.25,75
1719461645750,8.25,450
1719461645962,8.3,100
1719461646763,8.2,25
1719461647138,8.15,175
1719461647753,8.2,175
1719461648079,8.25,75
1719461648772,8.25,25
1719461649010,8.2,200
1719461649673,8.3,125
1719461650328,8.3,150
1719461650555,8.25,25
1719461651354,8.2,125
1719461651749,8.2,200
1719461652729,8.1,200
1719461653131,8.0,25
1719461653789,8.05,75
1719461654176,8.0,50
1719461654770,8.05,150
1719461655188,7.95,75
1719461655841,8.1,50
1719461656731,7.95,550
1719461657101,7.95,25
1719461657961,8.0,25
1719461658188,8.05,50
1719461658761,8.15,25
1719461659361,8.2,325
1719461659587,8.25,50
1719461659797,8.3,75
1719461660678,8.3,825
1719461661691,8.4,300
1719461662130,8.45,200
1719461662751,8.5,225
1719461662907,8.55,50
1719461663781,8.5,25
1719461664053,8.4,25
1719461664808,8.5,50
1719461665374,8.45,400
1719461665600,8.5,300
1719461665761,8.45,25
1719461666955,8.45,25
1719461667785,8.4,75
1719461668009,8.35,100
1719461668763,8.45,125
1719461669108,8.45,1400
1719461669783,8.45,75
1719461669956,8.4,25
1719461670748,8.45,25
1719461671003,8.45,50
1719461671786,8.4,900
1719461672000,8.45,50
1719461672750,8.45,300
1719461673209,8.3,50
1719461673793,8.2,75
1719461674314,8.25,75
1719461674810,8.25,250
1719461675781,8.15,50
1719461676023,8.15,75
1719461676749,8.1,25
1719461677207,8.05,25
1719461677725,8.05,50
1719461678218,8.15,25
1719461678795,8.15,300
1719461679203,8.2,50
1719461679544,8.2,50
1719461679751,8.25,50
1719461680783,8.2,1725
1719461681668,8.1,25
1719461682017,8.0,300
1719461682768,8.1,100
1719461684020,7.9,25
1719461684798,7.95,25
1719461685231,8.0,25
1719461685786,8.0,25
1719461686244,7.9,250
1719461686812,7.95,25
1719461687825,8.0,75
1719461688000,8.0,50
1719461688810,8.05,75
1719461689000,8.05,25
1719461689803,7.9,175
1719461690053,7.9,1700
1719461690806,7.85,50
1719461690806,7.85,50
1719461691783,7.8,25
1719461692742,7.9,25
1719461693000,7.95,50
1719461693822,7.9,75
1719461694209,7.9,50
1719461694663,7.85,75
1719461695236,7.85,25
1719461696000,7.95,50
1719461696436,7.9,25
1719461696728,7.9,100
1719461697816,7.9,75
1719461698703,8.05,25
1719461699051,8.1,100
1719461699799,8.0,25
1719461700079,7.95,25
1719461700222,7.85,50
1719461700823,7.85,25
1719461701415,7.75,225
1719461701808,7.8,25
1719461702465,7.7,50
1719461703007,7.85,75
1719461703659,7.8,50
1719461703982,7.85,25
1719461704656,7.75,1000
1719461704656,7.75,1000
1719461705817,7.95,200
1719461705974,7.9,1000
1719461706946,7.95,25
1719461707276,8.05,50
1719461707817,8.25,225
1719461708466,8.05,1775
1719461708831,8.0,175
1719461709833,8.0,25
1719461709833,8.0,25
1719461710808,7.9,125
1719461711065,7.85,25
1719461711765,7.85,25
1719461712238,7.9,25
1719461712986,7.95,325
1719461713476,8.0,250
1719461713852,8.05,200
1719461714730,8.0,25
1719461715827,8.0,475
1719461716050,8.0,200
1719461716708,8.0,25
1719461716938,8.0,25
1719461717778,7.95,50
1719461718275,7.95,50
1719461718784,7.95,100
1719461719089,7.9,250
1719461720001,7.75,425
1719461720447,7.75,25
1719461720647,7.7,75
1719461720795,7.75,75
1719461722701,7.7,50
1719461723820,7.8,100
1719461724073,7.7,25
1719461724803,7.7,25
1719461725086,7.65,25
1719461725769,7.7,150
1719461726280,7.65,25
1719461726814,7.7,650
1719461727487,7.7,100
1719461727815,7.75,25
1719461727876,7.8,225
1719461728767,7.75,450
1719461729057,7.75,150
1719461729815,7.7,175
1719461730087,7.6,400
1719461730087,7.6,400
1719461730745,7.65,75
1719461731199,7.65,200
1719461731821,7.5,25
1719461732302,7.25,225
1719461733035,7.3,300
1719461733503,7.35,75
1719461733849,7.35,25
1719461734703,7.25,50
1719461734822,7.25,100
1719461735892,7.2,25
1719461736046,7.25,25
1719461736841,7.3,125
1719461737097,7.3,100
1719461737831,7.3,1300
1719461738309,7.4,25
1719461738823,7.3,1125
1719461739525,7.35,25
1719461739844,7.25,25
1719461740711,7.35,200
1719461741043,7.35,100
1719461741671,7.4,25
1719461741828,7.35,25
1719461742851,7.5,75
1719461743105,7.5,275
1719461743817,7.5,1275
1719461744297,7.5,175
1719461744789,7.55,75
1719461745294,7.5,50
1719461745836,7.5,25
1719461746517,7.5,75
1719461747028,7.5,25
1719461747325,7.4,150
1719461747772,7.45,25
1719461748810,7.45,50
1719461749639,7.45,75
1719461749813,7.5,175
1719461750819,7.3,25
1719461751140,7.35,50
1719461751826,7.35,125
1719461751864,7.3,425
1719461763826,7.2,50
1719461764856,7.1,75
1719461764918,7.1,25
1719461766010,7.2,25
1719461766351,7.15,25
1719461766817,7.2,50
1719461767522,7.2,25
1719461767829,7.15,25
1719461768313,7.2,25
1719461769004,7.1,100
1719461769552,7.1,25
1719461769839,7.1,250
1719461770721,7.05,25
1719461770840,7.05,675
1719461771760,7.1,225
1719461772062,7.1,25
1719461772857,7.1,25
1719461772962,7.1,175
1719461773813,7.15,200
1719461773927,7.2,500
1719461775000,7.15,50
1719461775000,7.15,50
1719461775854,7.1,25
1719461776206,7.1,25
1719461776868,7.1,125
1719461777157,7.1,50
1719461778006,7.2,225
1719461778378,7.15,100
1719461778825,7.1,25
1719461779564,7.15,50
1719461779803,7.15,25
1719461780833,7.2,100
1719461780947,7.15,25
1719461782157,7.1,275
1719461782843,7.1,25
1719461783125,7.15,100
1719461783840,7.05,800
1719461784153,7.05,275
1719461784839,7.05,175
1719461785386,7.05,100
1719461785852,7.0,75
1719461786574,6.85,25
1719461786777,6.75,375
1719461787067,6.8,25
1719461787937,6.85,150
1719461793375,6.85,50
1719461794055,6.8,25
1719461794478,6.85,50
1719461794779,6.85,125
1719461794980,6.85,25
1719461795807,6.85,25
1719461795965,6.85,50
1719461797060,6.9,50
1719461797133,6.85,75
1719461797834,6.85,225
1719461798175,6.85,25
1719461798861,6.75,75
1719461799196,6.8,50
1719461800009,6.8,25
1719461800176,6.8,25
1719461800866,6.85,100
1719461801173,6.75,75
1719461801805,6.75,50
1719461802299,6.8,100
1719461802820,6.7,25
1719461803389,6.75,250
1719461804056,6.65,500
1719461804365,6.7,850
1719461804830,6.65,750
1719461805605,6.7,50
1719461805787,6.65,25
1719461805860,6.65,50
1719461806847,6.65,50
1719461807014,6.65,25
1719461807859,6.7,25
1719461808791,6.75,25
1719461809011,6.7,125
1719461809817,6.65,825
1719461810217,6.8,200
1719461811041,6.7,150
1719461811408,6.7,50
1719461811886,6.65,225
1719461812155,6.75,25
1719461817879,6.8,50
1719461818197,6.85,200
1719461861863,6.9,500
1719461862092,6.95,300
1719461862815,6.95,25
1719461863075,6.95,25
1719461863852,7.0,25
1719461864275,6.95,50
1719461864914,7.0,125
1719461865075,6.95,25
1719461865851,6.95,500
1719461873015,7.0,175
1719461873251,7.05,600
1719461873877,7.15,75
1719461874415,7.1,25
1719461874923,7.15,875
1719461875650,7.15,25
1719461875917,7.15,200
1719461876067,7.1,25
1719461876900,7.15,100
1719461877110,7.15,200
1719461877898,7.1,250
1719461878305,7.1,50
1719461878825,7.15,200
1719461879025,7.15,50
1719461880080,7.1,25
1719461880080,7.1,25
1719461880809,7.05,1000
1719461881311,7.1,25
1719461881922,7.1,50
1719461882510,7.15,25
1719461883097,7.1,25
1719461883682,7.1,275
1719461883915,7.1,50
1719461884723,7.1,150
1719461885905,7.05,25
1719461886112,7.1,125
1719461886869,7.05,200
1719461887103,7.05,500
1719461888096,7.15,25
1719461888925,7.1,25
1719461889145,7.1,75
1719461889895,7.15,250
1719461890323,7.15,1075
1719461890855,7.15,50
1719461891345,7.1,25
1719461891897,7.1,25
1719461892535,7.1,50
1719461893080,7.15,300
1719461893309,7.1,975
1719461893925,7.15,225
1719461894719,7.1,50
1719461894936,7.15,200
1719461895869,7.15,325
1719461896154,7.1,50
1719461896927,7.1,275
1719461897348,7.1,25
1719461898123,7.15,850
1719461898203,7.1,100
1719461898899,7.15,750
1719461899353,7.1,400
1719461899925,7.15,200
1719461900323,7.15,425
1719461900916,7.15,25
1719461901106,7.15,325
1719461901945,7.1,100
1719461902308,7.05,200
1719461902914,7.05,350
1719461903297,7.1,300
1719461903843,7.05,850
1719461904554,7.1,200
1719461904867,7.15,175
1719461905737,7.15,475
1719461905958,7.15,25
1719461906889,7.25,50
1719461907064,7.2,25
1719461907744,7.15,25
1719461908365,7.15,150
1719461909058,7.15,550
1719461909238,7.2,50
1719461909860,7.15,25
1719461909991,7.1,975
1719461910288,7.2,25
1719461910945,7.25,25
1719461911363,7.4,125
1719461911914,7.4,50
1719461912558,7.3,75
1719461912782,7.35,100
1719461913561,7.25,625
1719461914157,7.35,25
1719461914160,7.45,700
1719461914929,7.45,25
1719461915109,7.45,25
1719461915916,7.45,25
1719461916157,7.45,150
1719461916890,7.45,50
1719461917361,7.4,25
1719461917923,7.4,25
1719461918361,7.4,25
1719461918872,7.4,375
1719461919283,7.45,25
1719461919897,7.45,50
1719461920459,7.45,775
1719461921132,7.35,375
1719461921778,7.25,25
1719461921845,7.3,25
1719461921845,7.3,25
1719461922942,7.4,125
1719461923736,7.35,75
1719461924179,7.4,50
1719461924788,7.4,25
1719461925765,7.3,475
1719461925952,7.3,25
1719461926754,7.3,75
1719461926900,7.3,25
1719461927793,7.35,25
1719461927909,7.35,25
1719461928783,7.3,200
1719461928886,7.35,25
1719461930159,7.3,25
1719461930835,7.25,50
1719461931410,7.3,75
1719461931842,7.25,125
1719461932590,7.3,25
1719461932921,7.35,725
1719461933554,7.35,275
1719461933952,7.35,75
1719461934545,7.35,100
1719461935018,7.35,25
1719461935889,7.3,200
1719461936183,7.35,25
1719461936946,7.4,125
1719461937346,7.4,75
1719461937942,7.4,925
1719461938599,7.35,175
1719461938819,7.35,75
1719461939523,7.35,25
1719461939959,7.3,75
1719461940100,7.3,75
1719461940799,7.25,75
1719461941149,7.25,75
1719461941797,7.3,75
1719461941928,7.35,25
1719461942965,7.35,25
1719461943218,7.25,75
1719461944060,7.3,50
1719461944217,7.3,50
1719461944948,7.25,25
1719461945203,7.25,50
1719461945922,7.2,25
1719461946223,7.2,25
1719461946955,7.15,75
1719461947413,7.2,25
1719461947976,7.15,50
1719461948417,7.2,100
1719461948929,7.2,75
1719461949593,7.15,225
1719461950080,7.1,25
1719461950813,7.2,25
1719461950813,7.2,25
1719461951902,7.15,25
1719461952076,7.15,25
1719461952965,7.15,25
1719461953216,7.1,125
1719461953932,7.15,25
1719461954198,7.1,175
1719461954953,7.3,25
1719461955202,7.15,25
1719461956150,7.1,25
1719461956633,7.15,25
1719461956944,7.1,25
1719461957536,7.1,25
1719461957858,7.05,25
1719461958812,7.0,300
1719461958933,7.0,25
1719461959051,6.95,25
1719461959927,7.0,25
1719461960162,6.85,75
1719461960960,6.85,25
1719461961448,6.65,25
1719461961934,6.65,100
1719461962576,6.7,25
1719461963156,6.6,125
1719461963644,6.65,100
1719461963897,6.65,850
1719461964797,6.75,25
1719461964956,6.65,675
1719461965194,6.65,25
1719461965885,6.7,175
1719461966249,6.75,325
1719461967126,6.75,25
1719461967955,6.85,75
1719461968445,6.8,150
1719461968873,6.8,125
1719461969651,6.7,650
1719461970043,6.7,25
1719461970621,6.75,75
1719461970883,6.75,200
1719461971716,6.75,25
1719461971964,6.7,50
1719461972017,6.7,25
1719461973013,6.75,50
1719461973955,6.75,50
1719461974021,6.75,250
1719461974940,6.75,350
1719461975071,6.75,425
1719461975960,6.7,450
1719461976256,6.7,250
1719461976908,6.65,150
1719461977543,6.7,125
1719461978143,6.65,50
1719461978858,6.7,75
1719461978959,6.65,25
1719461979956,6.6,50
1719461980045,6.6,100
1719461980962,6.65,25
1719461981474,6.6,575
1719461981964,6.65,75
1719461982442,6.6,750
1719461982915,6.55,50
1719461983667,6.55,25
1719461983909,6.45,100
1719461984677,6.45,50
1719461984916,6.4,100
1719461985872,6.55,100
1719461986193,6.5,25
1719461986647,6.45,25
1719461986991,6.5,25
1719461987016,6.45,200
1719461987982,6.5,600
1719461988425,6.5,250
1719461988964,6.5,25
1719461989465,6.45,900
1719461989952,6.45,50
1719461990473,6.5,125
1719461990972,6.45,375
1719461991468,6.45,100
1719461992171,6.45,800
1719461992604,6.5,25
1719461992960,6.55,25
1719461993882,6.45,125
1719461993906,6.45,50
1719461994978,6.4,100
1719461995063,6.45,50
1719461995961,6.45,25
1719461996500,6.5,25
1719461996967,6.5,100
1719461997491,6.45,25
1719461997918,6.45,25
1719461998495,6.55,25
1719461998884,6.55,125
1719461999698,6.5,100
1719462000072,6.45,450
1719462000684,6.45,250
1719462000936,6.45,25
1719462001288,6.45,125
1719462002177,6.35,25
1719462002510,6.3,25
1719462002950,6.35,75
1719462003504,6.35,25
1719462004021,6.4,450
1719462004708,6.45,175
1719462004970,6.4,900
1719462005909,6.4,25
1719462005920,6.45,100
1719462006043,6.35,400
1719462006994,6.35,25
1719462007310,6.2,25
1719462008168,6.25,25
1719462008503,6.15,50
1719462008969,6.1,50
1719462009424,6.25,25
1719462009966,6.2,25
1719462010487,6.2,25
1719462010994,6.2,325
1719462011386,6.25,500
1719462012173,6.3,50
1719462012457,6.2,50
1719462012992,6.2,175
1719462013504,6.15,50
1719462013953,6.15,25
1719462014350,6.25,50
1719462014939,6.15,50
1719462015521,6.2,50
1719462016190,6.15,50
1719462016705,6.15,50
1719462016941,6.2,300
1719462017715,6.15,100
1719462017908,6.1,25
1719462018914,6.1,75
1719462019016,6.1,25
1719462019801,6.1,975
1719462020187,6.1,50
1719462020903,6.05,25
1719462020969,6.05,25
1719462021325,6.05,25
1719462021945,6.1,600
1719462022289,6.2,25
1719462023207,6.25,725
1719462023489,6.25,750
1719462023916,6.2,50
1719462024654,6.25,25
1719462024952,6.25,25
1719462025993,6.2,100
1719462026139,6.3,50
1719462027011,6.3,50
1719462027128,6.3,150
1719462027947,6.3,250
1719462028151,6.35,125
1719462029012,6.25,100
1719462029316,6.3,175
1719462030036,6.25,225
1719462030036,6.25,225
1719462030511,6.25,25
1719462030966,6.2,250
1719462031462,6.25,25
1719462032002,6.25,75
1719462032695,6.2,25
1719462032974,6.2,150
1719462033933,6.2,1225
1719462034212,6.2,25
1719462034734,6.25,50
1719462034974,6.3,475
1719462035941,6.2,175
1719462036018,6.25,75
1719462036142,6.25,500
1719462036913,6.2,200
1719462037253,6.25,25
1719462037999,6.3,150
1719462038302,6.25,150
1719462039000,6.2,50
1719462039218,6.25,75
1719462040002,6.2,200
1719462040365,6.2,50
1719462041123,6.2,25
1719462041538,6.25,25
1719462041988,6.25,175
1719462042604,6.2,50
1719462043005,6.2,50
1719462043692,6.3,25
1719462044001,6.25,25
1719462044915,6.2,25
1719462045000,6.25,25
1719462045142,6.25,25
1719462046097,6.25,250
1719462046234,6.25,150
1719462046871,6.2,650
1719462047552,6.2,25
1719462048000,6.2,25
1719462048482,6.2,250
1719462048979,6.2,100
1719462049384,6.25,100
1719462049946,6.2,25
1719462050489,6.1,950
1719462051005,6.15,100
1719462051886,6.15,175
1719462052652,6.1,150
1719462052990,6.1,50
1719462054194,6.1,50
1719462054998,6.05,600
1719462055371,6.1,150
1719462056010,6.15,25
1719462056354,6.15,450
1719462056974,6.1,425
1719462057555,6.1,100
1719462057898,6.15,25
1719462058579,6.25,250
1719462059011,6.25,25
1719462059663,6.2,25
1719462060082,6.2,50
1719462060639,6.15,25
1719462061000,6.2,50
1719462062007,6.1,25
1719462062007,6.1,25
1719462063000,6.15,50
1719462063144,6.1,50
1719462064231,6.2,200
1719462064338,6.25,375
1719462064889,6.25,200
1719462065341,6.2,75
1719462066000,6.3,50
1719462066390,6.25,50
1719462067000,6.3,25
1719462067501,6.25,25
1719462067890,6.25,100
1719462068897,6.25,25
1719462069209,6.2,25
1719462069797,6.25,25
1719462070021,6.25,25
1719462071017,6.25,675
1719462072023,6.3,50
1719462072774,6.25,25
1719462073000,6.3,50
1719462073378,6.25,50
1719462073930,6.25,50
1719462074589,6.2,25
1719462075000,6.25,50
1719462075780,6.2,75
1719462076017,6.2,75
1719462076728,6.15,100
1719462077000,6.25,50
1719462077774,6.15,875
1719462078034,6.25,25
1719462079003,6.2,25
1719462079229,6.25,75
1719462080031,6.2,25
1719462080380,6.25,50
1719462081014,6.2,50
1719462081374,6.2,50
1719462082000,6.25,50
1719462082356,6.2,475
1719462083005,6.4,475
1719462083586,6.35,625
1719462084003,6.3,50
1719462084616,6.4,25
1719462085042,6.4,450
1719462085691,6.35,150
1719462086042,6.35,50
1719462086607,6.35,900
1719462087214,6.3,25
1719462088000,6.4,25
1719462088626,6.35,25
1719462089030,6.35,175
1719462089759,6.35,25
1719462090101,6.35,175
1719462090569,6.35,25
1719462091000,6.4,50
1719462091784,6.45,100
1719462092000,6.45,50
1719462093036,6.45,25
1719462093189,6.45,125
1719462094021,6.45,25
1719462094433,6.45,50
1719462095210,6.5,25
1719462095351,6.5,125
1719462096036,6.45,50
1719462096202,6.45,500
1719462097025,6.4,25
1719462097413,6.4,175
1719462098041,6.4,275
1719462098809,6.4,175
1719462099000,6.45,50
1719462100012,6.45,25
1719462101001,6.45,375
1719462102024,6.45,25
1719462102743,6.45,225
1719462102913,6.45,25
1719462103842,6.45,75
1719462103998,6.45,50
1719462104628,6.4,500
1719462104937,6.45,250
1719462105626,6.45,50
1719462105892,6.5,200
1719462106769,6.45,200
1719462107010,6.5,50
1719462107265,6.5,50
1719462107986,6.5,75
1719462108610,6.4,25
1719462109036,6.4,25
1719462109618,6.35,300
1719462109697,6.4,25
1719462110825,6.3,25
1719462111043,6.35,175
1719462111975,6.45,250
1719462113024,6.3,50
1719462113392,6.3,25
1719462114031,6.3,75
1719462114599,6.4,50
1719462115000,6.4,25
1719462115407,6.35,200
1719462116000,6.4,50
1719462116832,6.3,25
1719462117072,6.35,500
1719462118057,6.35,125
1719462119041,6.45,25
1719462120090,6.35,250
1719462121000,6.4,25
1719462121232,6.4,375
1719462122261,6.55,25
1719462123055,6.45,175
1719462123387,6.5,25
1719462124050,6.5,1075
1719462124602,6.55,175
1719462125050,6.55,1250
1719462125567,6.55,75
1719462126000,6.55,50
1719462126303,6.5,750
1719462127065,6.5,75
1719462127878,6.5,125
1719462128062,6.45,700
1719462128875,6.5,25
1719462129000,6.55,50
1719462129651,6.45,25
1719462130067,6.45,75
1719462130772,6.55,200
1719462130942,6.55,25
1719462131442,6.5,150
1719462132048,6.5,50
1719462132669,6.5,350
1719462132988,6.55,125
1719462133584,6.55,50
1719462134059,6.5,200
1719462134697,6.5,25
1719462135036,6.5,1225
1719462135878,6.5,50
1719462135968,6.55,550
1719462136879,6.45,25
1719462137067,6.55,25
1719462137226,6.5,50
1719462137851,6.55,25
1719462138243,6.6,25
1719462139232,6.65,200
1719462139232,6.65,200
1719462140056,6.65,75
1719462140628,6.6,25
1719462140947,6.65,50
1719462141910,6.6,25
1719462142075,6.6,25
1719462143041,6.7,200
1719462143248,6.75,25
1719462144055,6.7,25
1719462144479,6.7,100
1719462144941,6.8,25
1719462145531,6.75,50
1719462145786,6.7,75
1719462146889,6.7,25
1719462146975,6.7,25
1719462147301,6.6,125
1719462148025,6.75,200
1719462148310,6.7,125
1719462149067,6.7,400
1719462149480,6.7,25
1719462150061,6.65,100
1719462150504,6.75,75
1719462151022,6.75,50
1719462151501,6.75,25
1719462151845,6.8,450
1719462152500,6.75,50
1719462153065,6.75,25
1719462153511,6.75,50
1719462154050,6.8,75
1719462154717,6.8,400
1719462154928,6.8,25
1719462155897,6.75,25
1719462156076,6.8,25
1719462156733,6.85,100
1719462156973,6.8,50
1719462157636,6.85,375
1719462158075,6.85,100
1719462159068,6.9,75
1719462159116,6.9,25
1719462159513,6.9,600
1719462160058,6.9,150
1719462160483,6.9,250
1719462160994,6.95,50
1719462161915,6.9,100
1719462162063,6.9,1725
1719462163077,6.95,50
1719462163907,6.95,175
1719462164080,6.95,25
1719462164842,7.0,125
1719462165133,6.95,100
1719462165542,6.95,750
1719462166043,6.95,100
1719462166555,6.85,25
1719462167073,6.9,25
1719462167734,7.0,200
1719462168097,7.0,25
1719462168740,7.0,1000
1719462169077,7.05,75
1719462169935,7.05,50
1719462170060,7.1,250
1719462170902,7.0,175
1719462171055,6.95,25
1719462172121,7.0,975
1719462172562,6.95,25
1719462173090,6.95,25
1719462173753,6.95,375
1719462174284,6.9,1675
1719462174740,6.95,600
1719462175083,6.9,150
1719462175896,6.85,500
1719462176098,6.9,450
1719462177075,7.0,50
1719462178074,7.05,25
1719462178152,7.05,25
1719462179133,7.15,125
1719462179542,7.1,25
1719462180000,7.1,50
1719462180764,7.1,50
1719462181260,7.2,325
1719462181886,7.25,75
1719462182088,7.2,25
1719462183009,7.15,100
1719462184065,7.25,100
1719462184134,7.2,150
1719462184385,7.2,25
1719462185090,7.2,50
1719462185529,7.15,100
1719462186046,7.15,25
1719462186709,7.2,150
1719462187108,7.15,25
1719462187948,7.15,425
1719462188102,7.15,50
1719462189011,7.15,100
1719462190094,7.2,1000
1719462190186,7.2,100
1719462190464,7.2,400
1719462191022,7.15,1000
1719462191565,7.1,25
1719462192097,7.15,300
1719462192424,7.05,25
1719462193095,7.15,75
1719462193776,7.2,50
1719462194006,7.2,75
1719462194585,7.15,225
1719462195080,7.2,75
1719462195749,7.1,500
1719462196043,7.1,175
1719462196583,7.05,700
1719462197103,7.15,200
1719462197585,7.1,125
1719462198095,7.05,550
1719462198754,7.1,125
1719462199044,7.1,50
1719462199913,7.1,50
1719462200102,7.05,100
1719462200755,7.0,1575
1719462201100,7.05,50
1719462202041,6.95,200
1719462202120,6.95,125
1719462202400,6.95,50
1719462203107,6.95,25
1719462203404,6.95,275
1719462204103,6.95,25
1719462204396,6.9,25
1719462205102,6.9,25
1719462205412,6.85,25
1719462206112,6.8,25
1719462206396,6.8,25
1719462207062,6.75,75
1719462207618,6.7,75
1719462208101,6.8,25
1719462209177,6.8,675
1719462210084,6.8,50
1719462210206,6.85,1350
1719462211100,6.85,75
1719462211191,6.85,25
1719462211245,6.85,25
1719462212102,6.85,125
1719462212602,6.75,500
1719462213120,6.75,25
1719462213596,6.7,100
1719462214061,6.8,625
1719462214814,6.8,75
1719462215089,6.8,50
1719462216017,6.8,25
1719462216292,6.8,50
1719462217000,6.8,50
1719462217117,6.8,50
1719462218013,6.8,50
1719462218108,6.8,800
1719462219000,6.85,50
1719462219111,6.75,350
1719462220100,6.8,25
1719462220180,6.8,375
1719462221100,6.8,200
1719462221232,6.8,25
1719462222207,6.75,25
1719462222639,6.7,875
1719462223113,6.75,50
1719462223829,6.7,25
1719462224111,6.7,25
1719462225000,6.75,50
1719462225103,6.75,100
1719462226091,6.7,50
1719462226091,6.7,50
1719462226367,6.7,350
1719462227000,6.75,50
1719462227440,6.75,25
1719462228114,6.75,100
1719462228578,6.7,100
1719462229051,6.7,25
1719462229572,6.75,75
1719462230115,6.8,50
1719462230561,6.8,375
1719462231133,6.8,50
1719462231810,6.75,50
1719462232108,6.75,25
1719462232826,6.8,400
1719462233133,6.75,25
1719462233813,6.75,150
1719462234108,6.75,25
1719462234815,6.75,125
1719462235051,6.7,50
1719462235779,6.75,25
1719462236122,6.7,225
1719462236837,6.8,200
1719462237012,6.75,50
1719462238000,6.85,50
1719462238324,6.8,25
1719462239122,6.8,25
1719462240063,6.75,50
1719462240137,6.75,50
1719462240260,6.7,75
1719462241100,6.7,225
1719462241222,6.7,325
1719462241645,6.65,50
1719462242134,6.65,50
1719462242865,6.65,200
1719462243288,6.6,50
1719462244109,6.65,450
1719462244109,6.65,450
1719462245125,6.6,50
1719462245227,6.6,500
1719462246083,6.55,25
1719462246250,6.6,25
1719462247119,6.5,300
1719462247446,6.55,250
1719462248102,6.55,50
1719462248578,6.45,50
1719462249100,6.5,25
1719462249672,6.6,200
1719462250053,6.5,25
1719462250814,6.55,650
1719462251100,6.55,500
1719462251613,6.5,250
1719462252134,6.6,400
1719462252848,6.6,350
1719462253119,6.65,75
1719462253852,6.6,75
1719462254100,6.6,225
1719462254698,6.55,25
1719462255138,6.6,475
1719462255955,6.6,75
1719462257131,6.6,100
1719462257131,6.6,100
1719462258082,6.55,50
1719462258145,6.6,700
1719462259100,6.6,450
1719462259153,6.6,25
1719462259308,6.55,475
1719462260110,6.6,25
1719462260418,6.6,100
1719462261308,6.55,25
1719462261681,6.6,75
1719462262108,6.6,25
1719462262525,6.55,50
1719462263130,6.55,75
1719462263612,6.55,175
1719462264102,6.45,75
1719462264834,6.5,25
1719462265116,6.5,100
1719462265856,6.35,125
1719462266100,6.4,200
1719462266645,6.4,75
1719462267107,6.4,25
1719462267653,6.3,175
1719462268137,6.35,25
1719462268665,6.35,25
1719462268930,6.35,25
1719462269824,6.25,200
1719462270087,6.25,75
1719462270131,6.3,75
1719462271113,6.35,200
1719462272145,6.3,25
1719462272714,6.3,100
1719462272978,6.3,750
1719462273668,6.3,450
1719462274129,6.3,1450
1719462274743,6.3,25
1719462275119,6.3,25
1719462276036,6.25,75
1719462276118,6.3,25
1719462277058,6.25,25
1719462277276,6.2,25
1719462277514,6.1,50
1719462278000,6.15,50
1719462278499,6.1,25
1719462279145,6.1,125
1719462279572,6.05,75
1719462280054,6.15,100
1719462280711,6.05,25
1719462281354,6.05,50
1719462281909,6.0,500
1719462282139,6.05,50
1719462282887,6.05,25
1719462283063,6.1,25
1719462283904,6.05,50
1719462284127,6.15,50
1719462285110,6.15,250
1719462285110,6.15,250
1719462286107,6.15,1300
1719462286245,6.15,75
1719462287059,6.15,50
1719462287213,6.15,200
1719462288145,6.2,50
1719462288283,6.2,25
1719462288535,6.15,150
1719462288976,6.2,100
1719462289428,6.2,25
1719462290142,6.15,25
1719462290839,6.05,50
1719462291135,6.05,25
1719462292114,5.95,25
1719462292323,5.95,25
1719462293123,6.0,50
1719462293327,6.0,600
1719462294184,6.0,300
1719462294267,6.05,25
1719462295087,6.05,100
1719462295325,6.05,75
1719462295718,6.05,25
1719462296343,6.1,50
1719462296893,6.0,175
1719462297137,6.0,50
1719462297936,6.0,100
1719462298152,6.0,50
1719462328054,5.7,25
1719462328550,5.65,250
1719462329152,5.65,200
1719462329558,5.65,50
1719462330580,5.65,500
1719462331164,5.7,25
1719462331799,5.6,50
1719462332149,5.55,225
1719462332732,5.7,25
1719462333142,5.7,200
1719462333926,5.6,500
1719462334122,5.55,25
1719462334803,5.65,50
1719462335372,5.6,150
1719462335954,5.55,25
1719462336100,5.6,250
1719462336990,5.55,50
1719462337147,5.55,75
1719462338223,5.7,50
1719462338389,5.65,75
1719462339182,5.55,25
1719462340149,5.55,25
1719462340381,5.6,850
1719462340774,5.55,50
1719462341132,5.6,25
1719462341958,5.6,25
1719462342348,5.6,25
1719462349000,5.6,50
1719462349145,5.6,25
1719462349960,5.55,25
1719462350129,5.6,25
1719462350999,5.55,25
1719462351175,5.55,250
1719462352077,5.6,75
1719462352381,5.6,50
1719462353003,5.6,100
1719462353379,5.6,125
1719462353711,5.6,150
1719462354184,5.65,925
1719462355005,5.6,100
1719462355125,5.6,50
1719462355936,5.6,75
1719462356084,5.65,225
1719462356995,5.6,100
1719462357192,5.65,400
1719462358402,5.65,50
1719462358643,5.65,125
1719462359164,5.65,25
1719462359815,5.7,75
1719462360176,5.65,25
1719462360753,5.65,25
1719462361197,5.65,75
1719462362020,5.65,50
1719462362155,5.65,25
1719462363000,5.7,50
1719462363149,5.7,25
1719462364235,5.7,50
1719462365141,5.75,25
1719462365607,5.75,150
1719462366083,5.75,25
1719462366804,5.7,650
1719462367403,5.75,25
1719462367998,5.75,25
1719462368128,5.75,800
1719462369175,5.7,25
1719462369347,5.75,25
1719462370085,5.75,1250
1719462370397,5.7,25
1719462371133,5.65,125
1719462371602,5.65,1425
1719462372197,5.65,275
1719462372676,5.65,50
1719462373402,5.65,100
1719462373855,5.6,50
1719462405911,5.35,50
1719462406199,5.35,50
1719462406915,5.3,275
1719462407190,5.3,300
1719462407872,5.25,25
1719462408424,5.2,100
1719462409209,5.2,100
1719462410221,5.25,850
1719462410658,5.25,600
1719462411366,5.2,25
1719462411692,5.2,50
1719462412218,5.15,600
1719462412911,5.2,25
1719462413209,5.2,25
1719462413798,5.1,25
1719462414215,5.1,250
1719462415402,5.1,75
1719462416135,5.0,25
1719462416232,5.0,225
1719462417244,5.1,25
1719462417318,5.05,100
1719462418424,5.0,25
1719462418545,4.95,25
1719462419223,4.95,75
1719462419539,4.9,100
1719462419730,4.95,200
1719462420250,4.9,75
1719462421436,4.9,75
1719462422237,4.85,50
1719462422739,4.85,25
1719462423224,4.7,125
1719462424155,4.7,500
1719462424432,4.75,25
1719462425346,4.8,125
1719462426236,4.7,175
1719462427434,4.65,175
1719462427538,4.65,150
1719462428227,4.65,225
1719462428763,4.7,25
1719462429248,4.65,50
1719462429943,4.65,150
1719462430229,4.7,25
1719462431159,4.7,250
1719462431241,4.7,50
1719462432146,4.7,225
1719462432448,4.7,25
1719462433230,4.65,25
1719462433367,4.7,25
1719462434223,4.7,25
1719462434541,4.65,50
1719462434753,4.65,75
1719462435427,4.65,25
1719462435961,4.65,25
1719462436250,4.6,200
1719462436919,4.55,100
1719462437236,4.55,150
1719462437958,4.55,25
1719462438459,4.55,25
1719462439240,4.5,150
1719462440256,4.55,25
1719462440373,4.6,25
1719462441351,4.5,100
1719462441434,4.55,100
1719462442208,4.55,300
1719462442571,4.5,50
1719462442768,4.45,50
1719462443240,4.55,50
1719462444152,4.45,425
1719462444451,4.45,150
1719462445236,4.4,25
1719462446176,4.45,25
1719462446247,4.45,25
1719462447251,4.45,25
1719462447585,4.45,25
1719462448248,4.45,50
1719462448530,4.45,25
1719462449265,4.45,25
1719462449588,4.4,175
1719462450070,4.4,25
1719462450450,4.4,250
1719462450585,4.45,25
1719462451257,4.4,1000
1719462451545,4.45,25
1719462451963,4.4,100
1719462452252,4.35,25
1719462452979,4.45,475
1719462453239,4.4,25
1719462454194,4.4,25
1719462454421,4.4,25
1719462455249,4.4,25
1719462455382,4.4,50
1719462456587,4.4,100
1719462457249,4.45,25
1719462457399,4.4,25
1719462458234,4.45,25
1719462458582,4.45,25
1719462458791,4.45,25
1719462459230,4.45,25
1719462459979,4.45,25
1719462460444,4.4,50
1719462460997,4.4,125
1719462461237,4.45,25
1719462462197,4.4,25
1719462462261,4.35,25
1719462463263,4.35,25
1719462463394,4.35,25
1719462464453,4.4,50
1719462465254,4.35,150
1719462465416,4.35,125
1719462466268,4.2,1000
1719462466601,4.25,450
1719462467252,4.25,200
1719462467613,4.35,75
1719462468470,4.4,150
1719462468595,4.4,150
1719462469265,4.45,25
1719462469792,4.4,100
1719462470258,4.4,25
1719462470830,4.45,25
1719462471453,4.45,75
1719462472023,4.5,50
1719462472280,4.45,25
1719462473258,4.45,200
1719462473610,4.45,50
1719462474472,4.4,550
1719462475023,4.4,25
1719462475276,4.35,25
1719462476217,4.35,75
1719462477452,4.4,925
1719462477627,4.35,200
1719462478264,4.35,25
1719462478626,4.35,25
1719462479254,4.4,75
1719462479841,4.4,75
1719462480059,4.4,25
1719462480437,4.4,250
1719462481026,4.3,275
1719462481257,4.3,25
1719462482221,4.4,100
1719462482466,4.35,175
1719462483241,4.4,450
1719462483471,4.4,125
1719462486422,4.35,250
1719462487250,4.35,25
1719462487446,4.35,25
1719462488260,4.3,50
1719462488824,4.3,300
1719462489441,4.35,25
1719462490042,4.35,25
1719462490288,4.35,25
1719462491266,4.25,200
1719462492199,4.25,25
1719462492458,4.3,600
1719462493268,4.3,25
1719462493442,4.3,25
1719462494274,4.3,25
1719462494458,4.25,150
1719462495282,4.3,50
1719462495658,4.35,25
1719462496443,4.3,25
1719462496621,4.3,25
1719462497262,4.3,200
1719462497619,4.2,1200
1719462498062,4.25,100
1719462498285,4.25,25
1719462499061,4.25,25
1719462499285,4.25,25
1719462500258,4.25,100
1719462501466,4.25,25
1719462502259,4.25,50
1719462502663,4.25,75
1719462503288,4.3,200
1719462503657,4.3,25
1719462503861,4.25,250
1719462504278,4.3,50
1719462504822,4.3,50
1719462505439,4.25,625
1719462506063,4.25,75
1719462507067,4.2,50
1719462509440,4.25,100
1719462510097,4.25,25
1719462510269,4.25,25
1719462510435,4.2,25
1719462511468,4.2,25
1719462512285,4.2,100
1719462512440,4.2,25
1719462512855,4.15,25
1719462513282,4.1,75
1719462514073,4.2,25
1719462514306,4.2,50
1719462515078,4.2,25
1719462515456,4.1,450
1719462516280,4.2,25
1719462517277,4.15,1000
1719462517472,4.15,200
1719462518493,4.15,75
1719462518899,4.15,175
1719462519262,4.2,250
1719462520089,4.2,25
1719462520283,4.2,25
1719462521252,4.2,50
1719462521504,4.2,50
1719462522278,4.2,25
1719462523304,4.2,325
1719462523684,4.15,1275
1719462523893,4.15,25
1719462524292,4.2,500
1719462524866,4.15,75
1719462525288,4.2,100
1719462526284,4.15,25
1719462526478,4.2,25
1719462527250,4.2,25
1719462527475,4.2,250
1719462528308,4.2,25
1719462528693,4.25,25
1719462528897,4.25,25
1719462532309,4.25,50
1719462533258,4.2,25
1719462533671,4.2,25
1719462534483,4.25,25
1719462534690,4.3,125
1719462535273,4.3,225
1719462535701,4.3,25
1719462536294,4.25,25
1719462536880,4.25,25
1719462545322,4.35,25
1719462545720,4.35,25
1719462546301,4.4,25
1719462546721,4.35,75
1719462547471,4.35,25
1719462547743,4.35,25
1719462548298,4.35,25
1719462548734,4.35,100
1719462549506,4.3,300
1719462550133,4.35,25
1719462550307,4.35,725
1719462551304,4.3,375
1719462552351,4.3,25
1719462552497,4.25,100
1719462553314,4.3,50
1719462553544,4.3,25
1719462554276,4.25,25
1719462554523,4.25,25
1719462555282,4.3,25
1719462555506,4.25,25
1719462556515,4.2,75
1719462556645,4.3,25
1719462557305,4.25,25
1719462557724,4.25,25
1719462558311,4.2,25
1719462558713,4.2,50
1719462559477,4.2,25
1719462559712,4.2,25
1719462560307,4.2,25
1719462560719,4.15,225
1719462561162,4.15,25
1719462561293,4.15,25
1719462562330,4.1,500
1719462562428,4.1,250
1719462563306,4.15,25
1719462563518,4.2,25
1719462564311,4.1,25
1719462564519,4.15,25
1719462565463,4.2,100
1719462565753,4.1,600
1719462566301,4.1,25
1719462566913,4.1,25
1719462567299,4.15,25
1719462568127,4.1,25
1719462568294,4.05,500
1719462569354,4.1,25
1719462575364,4.0,25
1719462576261,4.0,25
1719462576568,4.0,75
1719462577328,4.1,100
1719462601804,3.85,75
1719462603298,3.85,50
1719462604023,3.9,25
1719462604524,3.85,25
1719462605325,3.9,25
1719462606319,3.9,75
1719462606409,3.9,50
1719462607411,3.9,50
1719462607514,3.95,25
1719462608307,4.0,25
1719462608621,3.9,25
1719462609296,3.9,25
1719462609604,3.9,700
1719462610541,3.95,25
1719462610800,3.95,25
1719462611317,3.95,25
1719462612217,3.9,25
1719462612337,3.9,125
1719462613229,3.9,25
1719462613347,3.9,25
1719462614212,3.85,25
1719462614540,3.85,350
1719462615352,3.85,25
1719462615627,3.8,50
1719462616356,3.85,50
1719462616646,3.9,600
1719462617352,3.9,25
1719462617640,3.9,50
1719462618550,3.85,50
1719462618830,3.9,50
1719462619362,3.9,250
1719462619800,3.95,25
1719462619980,3.9,750
1719462620361,3.95,25
1719462621231,3.9,50
1719462621358,3.95,325
1719462622224,4.0,25
1719462622359,3.95,25
1719462623250,3.95,250
1719462623546,3.95,50
1719462624211,3.95,50
1719462624328,3.95,50
1719462625349,3.95,50
1719462625439,3.95,50
1719462626350,4.0,450
1719462626646,4.05,100
1719462627342,4.0,25
1719462627828,4.0,50
1719462628020,4.0,350
1719462628470,3.95,50
1719462629338,3.95,50
1719462629338,3.95,50
1719462630034,4.0,50
1719462630327,4.0,50
1719462630411,4.0,50
1719462631328,4.0,50
1719462631618,4.0,1050
1719462632298,3.95,50
1719462632656,4.0,25
1719462633327,3.95,50
1719462633854,3.95,75
1719462634546,4.0,50
1719462634851,4.0,150
1719462635350,3.95,25
1719462635844,4.0,25
1719462636064,4.0,50
1719462636352,4.0,25
1719462637258,4.0,100
1719462637574,3.95,50
1719462638350,4.0,200
1719462639379,3.95,300
1719462639478,4.0,25
1719462640514,3.95,50
1719462640677,3.95,25
1719462641356,3.95,50
1719462641646,4.0,100
1719462642388,3.95,50
1719462642665,4.0,25
1719462643586,3.95,75
1719462643682,3.95,150
1719462644379,3.95,300
1719462644842,3.95,50
1719462645375,3.95,50
1719462645878,3.95,50
1719462646332,3.95,50
1719462646485,3.95,50
1719462647470,3.95,500
1719462647580,3.95,150
1719462648374,3.9,1300
1719462648486,3.9,50
1719462649377,4.0,50
1719462649486,4.0,75
1719462650433,3.95,50
1719462650543,4.0,25
1719462651359,3.95,50
1719462651682,4.0,125
1719462652357,3.95,425
1719462652900,4.0,25
1719462653268,3.95,50
1719462653337,3.95,50
1719462657673,3.95,50
1719462658306,4.0,25
1719462658367,3.95,50
1719462659570,3.95,100
1719462659706,4.0,25
1719462660106,3.95,50
1719462660344,3.95,400
1719462660901,3.95,100
1719462661539,3.95,25
1719462661899,4.0,50
1719462662386,3.95,50
1719462662857,3.95,50
1719462663100,4.0,25
1719462663372,3.95,25
1719462664300,3.95,50
1719462664542,4.0,25
1719462665484,3.95,100
1719462666509,4.0,25
1719462666575,4.0,200
1719462667384,4.0,100
1719462667913,3.95,1000
1719462668376,3.95,25
1719462668910,3.95,700
1719462669578,3.95,400
1719462669887,3.95,25
1719462670317,3.95,50
1719462670914,3.95,125
1719462671363,3.9,25
1719462671906,3.9,50
1719462672353,3.95,125
1719462672929,3.9,100
1719462673107,3.9,50
1719462673565,3.85,25
1719462674294,3.85,50
1719462674347,3.9,500
1719462675381,3.85,400
1719462675713,3.85,50
1719462676390,3.85,50
1719462676919,3.9,50
1719462677295,3.8,250
1719462677588,3.9,1350
1719462678338,3.8,50
1719462679390,3.8,200
1719462679530,3.8,25
1719462680590,3.75,250
1719462680712,3.75,50
1719462681382,3.75,1325
1719462681736,3.75,50
1719462682390,3.75,25
1719462683109,3.75,75
1719462683562,3.75,175
1719462684391,3.8,25
1719462685385,3.8,25
1719462686582,3.9,175
1719462687400,3.95,325
1719462687523,3.9,275
1719462688373,3.85,50
1719462688960,3.9,25
1719462689378,3.95,150
1719462690162,3.9,125
1719462690580,3.9,50
1719462691375,3.85,50
1719462692381,3.9,50
1719462692493,3.9,50
1719462693404,3.95,125
1719462693548,3.95,200
1719462694582,3.85,100
1719462694711,3.9,25
1719462695332,3.85,50
1719462695754,3.9,325
1719462696358,3.85,50
1719462696964,3.85,50
1719462697135,3.85,50
1719462697360,3.85,50
1719462703385,3.8,25
1719462704351,3.8,50
1719462705332,3.8,50
1719462705608,3.8,50
1719462706359,3.8,50
1719462706579,3.8,150
1719462736396,3.65,25
1719462736605,3.65,50
1719462737567,3.7,575
1719462738023,3.65,50
1719462738400,3.7,25
1719462738802,3.65,50
1719462739398,3.6,1300
1719462740023,3.65,75
1719462740234,3.65,25
1719462740614,3.65,175
1719462741423,3.65,250
1719462741591,3.6,250
1719462742433,3.65,25
1719462742829,3.65,25
1719462743629,3.65,50
1719462744432,3.65,50
1719462744826,3.6,50
1719462745428,3.6,50
1719462745835,3.65,50
1719462746442,3.6,100
1719462746987,3.65,25
1719462747181,3.6,50
1719462747499,3.65,25
1719462748407,3.65,200
1719462749406,3.65,650
1719462750084,3.65,825
1719462750581,3.65,125
1719462751433,3.7,150
1719462751841,3.65,25
1719462752432,3.7,100
1719462752705,3.7,50
1719462753430,3.65,50
1719462754032,3.65,25
1719462754625,3.7,100
1719462754978,3.7,125
1719462755419,3.7,50
1719462756425,3.75,250
1719462757620,3.65,250
1719462757710,3.7,25
1719462758416,3.75,25
1719462758648,3.75,75
1719462759593,3.7,50
1719462760054,3.65,75
1719462760364,3.65,50
1719462761038,3.65,25
1719462761302,3.65,325
1719462761800,3.7,25
1719462762459,3.65,50
1719462763051,3.7,50
1719462763261,3.7,125
1719462763442,3.65,300
1719462764464,3.65,950
1719462765659,3.7,50
1719462766440,3.65,50
1719462766840,3.7,50
1719462767409,3.7,50
1719462767867,3.65,400
1719462768410,3.7,50
1719462768850,3.65,200
1719462769410,3.7,50
1719462770053,3.65,25
1719462770487,3.65,50
1719462770644,3.7,25
1719462771410,3.7,50
1719462771686,3.65,75
1719462772336,3.55,50
1719462773022,3.55,50
1719462773641,3.55,225
1719462774076,3.55,50
1719462774430,3.6,100
1719462775049,3.6,150
1719462775405,3.55,50
1719462776036,3.55,50
1719462776240,3.55,50
1719462776636,3.55,25
1719462777448,3.6,50
1719462777605,3.6,50
1719462778403,3.6,50
1719462778671,3.6,75
1719462779647,3.6,25
1719462779665,3.6,175
1719462780078,3.65,75
1719462780412,3.6,50
1719462780692,3.65,25
1719462781434,3.6,100
1719462781889,3.55,75
1719462782444,3.6,125
1719462783246,3.65,75
1719462783456,3.55,50
1719462784491,3.6,150
1719462784651,3.6,125
1719462785441,3.6,25
1719462785689,3.6,25
1719462786463,3.6,150
1719462786877,3.55,50
1719462787652,3.6,25
1719462787901,3.55,25
1719462788453,3.55,100
1719462788893,3.55,25
1719462789427,3.55,25
1719462790300,3.6,25
1719462790462,3.6,50
1719462791500,3.6,25
1719462792694,3.55,50
1719462793453,3.6,25
1719462793855,3.6,50
1719462794447,3.55,1000
1719462795100,3.55,50
1719462795284,3.6,50
1719462795640,3.55,125
1719462796516,3.6,75
1719462797506,3.55,50
1719462798705,3.55,50
1719462799503,3.6,500
1719462800391,3.55,100
1719462800894,3.55,25
1719462801653,3.6,425
1719462802110,3.6,1000
1719462802416,3.6,150
1719462803325,3.5,50
1719462803442,3.5,25
1719462804311,3.5,50
1719462804654,3.5,150
1719462805475,3.5,50
1719462806428,3.5,50
1719462806931,3.5,50
1719462807659,3.5,25
1719462808084,3.5,100
1719462808443,3.5,25
1719462809108,3.55,600
1719462809419,3.5,25
1719462810102,3.5,25
1719462810413,3.5,50
1719462810635,3.5,50
1719462811423,3.5,100
1719462811711,3.5,75
1719462812670,3.55,75
1719462812860,3.55,725
1719462813424,3.5,25
1719462813914,3.45,50
1719462814466,3.5,125
1719462814908,3.5,50
1719462815641,3.5,125
1719462816123,3.55,25
1719462816441,3.5,50
1719462817102,3.5,100
1719462817509,3.55,25
1719462817655,3.5,50
1719462818466,3.5,50
1719462818726,3.5,25
1719462819454,3.55,300
1719462819908,3.55,150
1719462820447,3.55,1025
1719462820933,3.6,500
1719462821662,3.55,50
1719462822305,3.5,75
1719462822444,3.5,50
1719462823504,3.5,50
1719462824467,3.55,450
1719462824944,3.5,50
1719462825627,3.5,25
1719462826122,3.6,150
1719462826441,3.6,200
1719462827140,3.6,25
1719462827382,3.55,50
1719462828156,3.55,875
1719462828346,3.55,25
1719462828688,3.6,300
1719462829538,3.6,25
1719462830471,3.6,50
1719462830705,3.55,50
1719462831472,3.6,500
1719462831939,3.6,50
1719462832662,3.55,75
1719462832940,3.55,1425
1719462833421,3.6,25
1719462833948,3.55,50
1719462834463,3.55,50
1719462835124,3.55,50
1719462835662,3.55,50
1719462836471,3.55,100
1719462837657,3.55,50
1719462838457,3.55,50
1719462838758,3.55,50
1719462839446,3.55,50
1719462839939,3.55,50
1719462840669,3.55,50
1719462840930,3.55,50
1719462841553,3.55,50
1719462842464,3.55,50
1719462842548,3.6,450
1719462843481,3.55,50
1719462843774,3.55,25
1719462844672,3.55,50
1719462844764,3.6,75
1719462845492,3.6,100
1719462845933,3.55,50
1719462846491,3.6,75
1719462846972,3.6,50
1719462847484,3.6,25
1719462847985,3.65,25
1719462848588,3.65,25
1719462849225,3.65,25
1719462849361,3.65,25
1719462849483,3.65,25
1719462850521,3.65,75
1719462851371,3.7,450
1719462851371,3.7,450
1719462852671,3.65,25
1719462852705,3.7,25
1719462853446,3.75,700
1719462853700,3.75,25
1719462854498,3.7,200
1719462854900,3.75,25
1719462855421,3.75,50
1719462856142,3.65,50
1719462856398,3.7,25
1719462857200,3.7,25
1719462857614,3.65,25
1719462858000,3.65,75
1719462858400,3.7,25
1719462859005,3.65,25
1719462859380,3.65,450
1719462859468,3.7,150
1719462860771,3.7,50
1719462861438,3.7,50
1719462862004,3.7,25
1719462862451,3.7,25
1719462863001,3.7,25
1719462863665,3.7,50
1719462863997,3.7,50
1719462864671,3.7,25
1719462865195,3.7,75
1719462865426,3.7,50
1719462865502,3.65,75
1719462866611,3.7,75
1719462866700,3.7,50
1719462867495,3.75,75
1719462867569,3.7,25
1719462868476,3.7,25
1719462868816,3.7,100
1719462869468,3.75,25
1719462869562,3.75,75
1719462870008,3.7,275
1719462870688,3.75,300
1719462870827,3.75,25
1719462871496,3.75,75
1719462871999,3.75,50
1719462872489,3.75,50
1719462873002,3.75,50
1719462873688,3.7,25
1719462874221,3.7,100
1719462874480,3.75,50
1719462874610,3.75,25
1719462875454,3.7,100
1719462875623,3.75,25
1719462876618,3.7,325
1719462877481,3.75,25
1719462877583,3.7,275
1719462878467,3.75,50
1719462878983,3.7,125
1719462879451,3.75,75
1719462879992,3.7,600
1719462880470,3.75,125
1719462880923,3.75,675
1719462881595,3.75,50
1719462882508,3.7,25
1719462882619,3.75,100
1719462883511,3.7,75
1719462883590,3.75,25
1719462884385,3.75,25
1719462884755,3.75,50
1719462885723,3.75,250
1719462886218,3.75,25
1719462886413,3.7,950
1719462887180,3.75,400
1719462887409,3.7,100
1719462887409,3.7,100
1719462888469,3.8,200
1719462888469,3.8,200
1719462889708,3.75,25
1719462889708,3.75,25
1719462890534,3.75,450
1719462891030,3.75,50
1719462891528,3.8,575
1719462892044,3.75,200
1719462892608,3.8,75
1719462893028,3.8,450
1719462893486,3.75,25
1719462894028,3.8,575
1719462894427,3.8,50
1719462895028,3.8,1800
1719462895518,3.8,25
1719462896192,3.75,175
1719462896713,3.75,200
1719462897489,3.75,100
1719462898401,3.75,225
1719462898401,3.75,225
1719462899494,3.75,50
1719462899829,3.75,100
1719462900101,3.8,1525
1719462900509,3.75,500
1719462900870,3.8,25
1719462901621,3.8,50
1719462902015,3.75,50
1719462902494,3.8,100
1719462903054,3.8,100
1719462903524,3.9,100
1719462904010,3.85,500
1719462904715,3.9,725
1719462905126,3.9,25
1719462905459,3.95,25
1719462906673,3.95,25
1719462906731,3.95,450
1719462907523,3.95,25
1719462907880,3.9,675
1719462908687,3.9,25
1719462909226,3.85,300
1719462909379,3.85,25
1719462910257,3.9,550
1719462910676,3.9,50
1719462911263,3.9,75
1719462911461,3.9,450
1719462911516,3.9,50
1719462912490,3.95,225
1719462912663,3.95,50
1719462913743,3.9,75
1719462914446,3.95,50
1719462914657,3.95,50
1719462915496,3.9,25
1719462916019,3.9,200
1719462916531,3.85,50
1719462916841,3.9,25
1719462917691,3.95,175
1719462918095,3.9,350
1719462918505,3.95,100
1719462919233,3.9,25
1719462919488,3.9,25
1719462919488,3.9,25
1719462920709,3.9,50
1719462921000,3.95,25
1719462921538,3.85,125
1719462922278,3.8,25
1719462922531,3.8,50
1719462923290,3.85,25
1719462923720,3.85,50
1719462924055,3.85,25
1719462924513,3.8,25
1719462925257,3.8,75
1719462925539,3.85,25
1719462926504,3.85,25
1719462926653,3.8,75
1719462927475,3.85,25
1719462927875,3.85,25
1719462928472,3.85,25
1719462928688,3.85,25
1719462929482,3.8,175
1719462929816,3.85,175
1719462930048,3.9,500
1719462930741,3.85,1500
1719462931000,3.9,100
1719462931520,3.85,375
1719462932285,3.9,1000
1719462932487,3.9,25
1719462932522,3.85,350
1719462933728,3.85,50
1719462933876,3.85,1700
1719462934508,3.9,25
1719462934883,3.85,1100
1719462935532,3.85,650
1719462935881,3.9,50
1719462936737,3.9,25
1719462936838,3.8,650
1719462937741,3.8,25
1719462938276,3.8,25
1719462938517,3.8,25
1719462939230,3.8,25
1719462939548,3.75,525
1719462939707,3.8,125
1719462940712,3.8,25
1719462940892,3.8,25
1719462941538,3.85,50
1719462942096,3.9,100
1719462942729,3.85,50
1719462943119,3.85,25
1719462943548,3.85,50
1719462944319,3.95,125
1719462944527,3.85,50
1719462944701,3.9,50
1719462945551,3.9,175
1719462945917,3.85,25
1719462946752,3.9,50
1719462947121,3.9,75
1719462947540,3.9,50
1719462948318,3.9,50
1719462948556,3.9,25
1719462949302,3.85,50
1719462949751,3.85,50
1719462950297,3.9,50
1719462950550,3.85,50
1719462951495,3.85,50
1719462951495,3.85,50
1719462952698,3.85,50
1719462952740,3.85,50
1719462953555,3.8,75
1719462953919,3.9,25
1719462954548,3.85,50
1719462954933,3.8,50
1719462955538,3.8,50
1719462956121,3.8,50
1719462956551,3.8,50
1719462957303,3.8,50
1719462957569,3.75,50
1719462958357,3.8,25
1719462958760,3.8,50
1719462959477,3.8,50
1719462960103,3.75,700
1719462960536,3.75,250
1719462961743,3.7,25
1719462962545,3.65,25
1719462962930,3.65,825
1719462963524,3.7,50
1719462964118,3.7,50
1719462964750,3.75,50
1719462965150,3.75,75
1719462965523,3.75,100
1719462966298,3.7,50
1719462966555,3.75,150
1719462966724,3.7,25
1719462967520,3.75,75
1719462967609,3.7,25
1719462968546,3.75,75
1719462968737,3.8,100
1719462969732,3.75,25
1719462969899,3.75,225
1719462970515,3.7,75
1719462970951,3.7,25
1719462971563,3.7,150
1719462972159,3.7,50
1719462972455,3.7,50
1719462973133,3.7,50
1719462973753,3.75,50
1719462974001,3.75,25
1719462974543,3.75,25
1719462975255,3.7,650
1719462975545,3.7,175
1719462975744,3.75,25
1719462976512,3.75,25
1719462976760,3.75,500
1719462977756,3.75,25
1719462977756,3.75,25
1719462978558,3.7,200
1719462979270,3.75,25
1719462979569,3.75,100
1719462980161,3.7,50
1719462980558,3.75,575
1719462981157,3.7,25
1719462981399,3.75,100
1719462982382,3.75,25
1719462982722,3.75,25
1719462983501,3.7,50
1719462984521,3.75,25
1719462985514,3.7,50
1719462985766,3.7,500
1719462986764,3.75,25
1719462987572,3.75,25
1719462987748,3.75,25
1719462988537,3.75,25
1719462988955,3.75,75
1719462989522,3.75,450
1719462991749,3.75,25
1719462992539,3.75,450
1719462992638,3.75,450
1719462993552,3.75,25
1719463002195,3.75,75
1719463002777,3.75,25
1719463015408,3.7,75
1719463015581,3.7,25
1719463015701,3.7,25
1719463016461,3.7,25
1719463016692,3.7,50
1719463017573,3.65,50
1719463018000,3.65,50
1719463018426,3.7,75
1719463018787,3.65,75
1719463019740,3.6,50
1719463020002,3.6,50
1719463020573,3.6,50
1719463021016,3.6,50
1719463021472,3.55,25
1719463022000,3.55,50
1719463022501,3.55,25
1719463023390,3.55,25
1719463023571,3.55,225
1719463024396,3.6,425
1719463024396,3.6,425
1719463025311,3.6,25
1719463025523,3.55,50
1719463026269,3.6,100
1719463026832,3.6,150
1719463027550,3.55,75
1719463028020,3.6,50
1719463028501,3.55,50
1719463029237,3.55,25
1719463029520,3.6,350
1719463030120,3.6,300
1719463030792,3.5,25
1719463031119,3.5,100
1719463031586,3.5,25
1719463032240,3.6,25
1719463032589,3.6,25
1719463033251,3.55,25
1719463033568,3.6,25
1719463034231,3.6,425
1719463034762,3.6,150
1719463035471,3.7,75
1719463035654,3.65,50
1719463036557,3.65,1600
1719463037026,3.7,200
1719463037743,3.75,25
1719463038162,3.7,25
1719463038453,3.75,500
1719463039039,3.7,100
1719463039585,3.7,700
1719463040000,3.65,50
1719463040500,3.75,25
1719463041000,3.65,50
1719463041606,3.7,1725
1719463042222,3.7,175
1719463042602,3.65,75
1719463043209,3.65,25
1719463043616,3.7,375
1719463044351,3.65,75
1719463044610,3.65,100
1719463044783,3.6,600
1719463045601,3.65,750
1719463045654,3.65,75
1719463046467,3.6,150
1719463046859,3.65,1125
1719463047376,3.65,25
1719463047800,3.65,25
1719463048539,3.65,25
1719463049001,3.65,25
1719463049533,3.65,350
1719463050018,3.65,275
1719463050542,3.65,75
1719463050778,3.6,25
1719463051612,3.65,325
1719463051827,3.6,25
1719463052773,3.7,75
1719463053000,3.65,50
1719463053590,3.65,175
1719463054011,3.65,700
1719463054547,3.65,100
1719463055263,3.7,25
1719463055600,3.7,25
1719463055825,3.7,25
1719463056452,3.65,1375
1719463056858,3.7,25
1719463057491,3.65,200
1719463057852,3.7,200
1719463058578,3.7,75
1719463058848,3.65,25
1719463059815,3.65,400
1719463060071,3.7,50
1719463060605,3.65,425
1719463061286,3.7,150
1719463061437,3.65,25
1719463062444,3.65,25
1719463062444,3.65,25
1719463063071,3.65,25
1719463063794,3.7,25
1719463064083,3.65,600
1719463064581,3.7,25
1719463065268,3.65,200
1719463065617,3.7,50
1719463066406,3.65,1275
1719463066620,3.7,100
1719463066842,3.65,1750
1719463067655,3.65,325
1719463067803,3.7,225
1719463068704,3.65,25
1719463069000,3.65,50
1719463069434,3.7,75
1719463070000,3.65,50
1719463070518,3.65,25
1719463071093,3.65,250
1719463071575,3.65,150
1719463072483,3.7,50
1719463072606,3.7,350
1719463073400,3.7,25
1719463073509,3.7,100
1719463073509,3.7,100
1719463074589,3.65,25
1719463074810,3.65,25
1719463075541,3.7,150
1719463076000,3.65,50
1719463076418,3.7,100
1719463077131,3.7,400
1719463077535,3.7,700
1719463078267,3.65,25
1719463078826,3.65,75
1719463079607,3.7,25
1719463079892,3.7,75
1719463080090,3.65,1125
1719463080616,3.7,450
1719463081101,3.7,125
1719463081595,3.7,125
1719463082134,3.7,300
1719463082500,3.7,25
1719463083303,3.65,50
1719463083818,3.7,25
1719463084305,3.65,50
1719463084582,3.6,100
1719463085297,3.65,200
1719463085432,3.65,700
1719463086271,3.7,575
1719463086751,3.6,725
1719463087222,3.6,50
1719463087603,3.6,50
1719463087805,3.6,50
1719463088615,3.6,50
1719463089000,3.6,50
1719463089638,3.6,50
1719463090107,3.6,25
1719463090562,3.6,275
1719463091305,3.65,100
1719463091600,3.65,25
1719463092495,3.6,25
1719463092629,3.65,25
1719463092910,3.65,600
1719463093800,3.65,25
1719463094117,3.6,25
1719463094515,3.65,25
1719463095133,3.6,75
1719463095586,3.65,650
1719463096306,3.55,50
1719463096639,3.55,50
1719463097306,3.6,25
1719463097337,3.65,25
1719463098300,3.65,25
1719463098300,3.65,25
1719463099530,3.65,50
1719463099665,3.6,375
1719463099665,3.6,375
1719463100420,3.6,25
1719463100855,3.6,25
1719463101515,3.65,25
1719463102008,3.65,350
1719463102613,3.65,25
1719463103123,3.65,50
1719463103619,3.6,75
1719463104247,3.65,825
1719463104467,3.65,150
1719463105314,3.65,25
1719463105623,3.65,25
1719463106619,3.6,100
1719463107329,3.6,500
1719463107609,3.6,25
1719463108364,3.65,75
1719463108415,3.65,75
1719463109506,3.6,625
1719463109687,3.6,100
1719463109766,3.6,200
1719463110098,3.6,25
1719463110636,3.65,25
1719463110873,3.65,25
1719463111433,3.6,675
1719463111780,3.6,25
1719463112530,3.65,100
1719463113001,3.65,25
1719463113532,3.65,50
1719463114233,3.65,25
1719463114489,3.6,25
1719463115115,3.65,25
1719463115624,3.6,500
1719463116140,3.65,25
1719463116522,3.65,75
1719463117500,3.65,25
1719463117639,3.65,300
1719463118599,3.6,200
1719463119595,3.65,25
1719463120522,3.65,125
1719463120607,3.6,50
1719463120845,3.6,25
1719463121832,3.55,50
1719463121924,3.55,50
1719463122603,3.55,25
1719463123155,3.5,75
1719463123637,3.55,25
1719463124000,3.5,50
1719463124800,3.6,25
1719463125289,3.55,25
1719463125636,3.55,75
1719463126179,3.5,25
1719463126489,3.55,225
1719463126997,3.5,25
1719463127660,3.5,50
1719463128131,3.5,25
1719463128624,3.55,675
1719463129194,3.6,50
1719463129605,3.6,100
1719463130271,3.6,25
1719463130607,3.6,25
1719463131300,3.65,25
1719463131849,3.65,225
1719463132545,3.6,550
1719463132646,3.6,25
1719463133653,3.65,50
1719463133793,3.6,25
1719463134569,3.65,25
1719463134921,3.6,50
1719463135645,3.65,25
1719463136169,3.65,25
1719463136653,3.6,25
1719463137377,3.65,25
1719463137672,3.65,25
1719463138344,3.65,25
1719463138667,3.65,25
1719463139518,3.55,25
1719463139613,3.55,25
1719463140100,3.6,25
1719463140585,3.55,400
1719463140585,3.55,400
1719463141625,3.55,250
1719463142000,3.55,25
1719463142834,3.6,25
1719463143334,3.6,125
1719463143600,3.6,25
1719463144361,3.55,25
1719463144642,3.6,25
1719463145574,3.55,25
1719463145811,3.6,25
1719463146012,3.55,25
1719463146659,3.55,25
1719463147016,3.6,25
1719463147602,3.6,25
1719463148187,3.6,25
1719463148667,3.6,450
1719463149373,3.6,25
1719463149652,3.6,1675
1719463150154,3.6,50
1719463150646,3.6,25
1719463151202,3.6,25
1719463151656,3.6,25
1719463152381,3.6,25
1719463152588,3.6,25
1719463153382,3.6,25
1719463153635,3.6,25
1719463154584,3.6,25
1719463154667,3.6,25
1719463155650,3.5,50
1719463156650,3.55,50
1719463156829,3.55,50
1719463157650,3.55,50
1719463157830,3.55,50
1719463158748,3.55,75
1719463159026,3.6,25
1719463159655,3.55,25
1719463160016,3.55,50
1719463160561,3.55,50
1719463161007,3.6,25
1719463161665,3.55,25
1719463162216,3.6,25
1719463162501,3.55,50
1719463163418,3.6,75
1719463163647,3.6,100
1719463164392,3.55,25
1719463164616,3.55,25
1719463165410,3.55,100
1719463165631,3.5,100
1719463166580,3.55,825
1719463166580,3.55,825
1719463166830,3.5,25
1719463167547,3.6,25
1719463168000,3.5,50
1719463168667,3.55,25
1719463169138,3.55,25
1719463169681,3.55,25
1719463170435,3.55,250
1719463170635,3.6,1225
1719463171236,3.55,25
1719463171565,3.55,100
1719463172621,3.55,125
1719463172621,3.55,125
1719463173600,3.55,100
1719463173855,3.5,450
1719463174400,3.55,25
1719463174675,3.55,100
1719463175461,3.55,250
1719463175628,3.55,75
1719463176526,3.55,100
1719463177000,3.55,50
1719463177651,3.55,75
1719463178000,3.55,50
1719463178672,3.6,150
1719463179329,3.55,25
1719463179572,3.6,250
1719463180862,3.5,625
1719463181639,3.5,25
1719463182002,3.5,50
1719463182624,3.45,25
1719463183002,3.45,50
1719463183677,3.5,1000
1719463184231,3.45,25
1719463184688,3.45,25
1719463185244,3.45,25
1719463185667,3.45,50
1719463186283,3.5,25
1719463186670,3.5,50
1719463187528,3.5,450
1719463187528,3.5,450
1719463187861,3.5,125
1719463188866,3.5,400
1719463189623,3.55,25
1719463190074,3.55,25
1719463190669,3.55,25
1719463191447,3.55,75
1719463191641,3.55,275
1719463192437,3.55,150
1719463192602,3.55,450
1719463193261,3.55,275
1719463193691,3.55,25
1719463194440,3.55,25
1719463194660,3.55,25
1719463195463,3.5,25
1719463195685,3.55,1600
1719463196694,3.5,1000
1719463196819,3.55,25
1719463197629,3.55,100
1719463197898,3.5,25
1719463198671,3.55,150
1719463199235,3.55,800
1719463199860,3.55,50
1719463200024,3.5,450
1719463200159,3.55,500
1719463200549,3.55,25
1719463201700,3.5,75
1719463202666,3.55,525
1719463202866,3.55,25
1719463203708,3.55,25
1719463204596,3.55,500
1719463204788,3.55,25
1719463205605,3.5,350
1719463206092,3.55,25
1719463206547,3.5,225
1719463207248,3.5,25
1719463207694,3.5,200
1719463208063,3.55,25
1719463208700,3.55,25
1719463209281,3.5,100
1719463209487,3.55,100
1719463210024,3.5,500
1719463210619,3.5,625
1719463211203,3.5,100
1719463211652,3.55,1075
1719463212494,3.45,625
1719463212511,3.5,25
1719463213418,3.5,25
1719463213619,3.45,375
1719463214700,3.5,25
1719463214899,3.5,25
1719463215109,3.5,25
1719463215625,3.55,100
1719463216200,3.55,25
1719463216709,3.5,150
1719463217082,3.45,150
1719463217685,3.5,1075
1719463218205,3.5,150
1719463218613,3.55,25
1719463219100,3.55,25
1719463219794,3.55,25
1719463220475,3.5,275
1719463220641,3.55,25
1719463221576,3.55,100
1719463221872,3.5,250
1719463222694,3.5,100
1719463223060,3.5,25
1719463223698,3.5,250
1719463225202,3.55,75
1719463225697,3.6,75
1719463226015,3.6,500
1719463226892,3.6,100
1719463227329,3.6,75
1719463227706,3.55,75
1719463228538,3.5,75
1719463228718,3.55,75
1719463229729,3.6,50
1719463229909,3.6,250
1719463230033,3.55,350
1719463230710,3.55,350
1719463231224,3.6,600
1719463231715,3.6,650
1719463232525,3.5,300
1719463232782,3.5,75
1719463233537,3.55,25
1719463233650,3.55,150
1719463234585,3.55,600
1719463234585,3.55,600
1719463235567,3.55,100
1719463236340,3.55,350
1719463236664,3.6,150
1719463237350,3.55,75
1719463237706,3.6,350
1719463238348,3.55,25
1719463238710,3.6,350
1719463239424,3.65,850
1719463239700,3.65,25
1719463254486,3.6,50
1719463254486,3.6,50
1719463255480,3.65,500
1719463255714,3.6,50
1719463256709,3.65,50
1719463257723,3.65,25
1719463258103,3.6,100
1719463258690,3.65,300
1719463259144,3.65,50
1719463259721,3.7,75
1719463260054,3.65,50
1719463260054,3.65,50
1719463260731,3.7,1175
1719463261108,3.7,25
1719463261737,3.65,100
1719463262490,3.6,50
1719463262682,3.6,375
1719463263731,3.6,300
1719463264740,3.65,200
1719463264749,3.6,25
1719463265001,3.65,25
1719463265694,3.65,550
1719463266295,3.6,75
1719463266743,3.65,100
1719463267223,3.65,625
1719463281156,3.5,200
1719463281722,3.45,25
1719463282613,3.45,75
1719463283405,3.45,250
1719463283722,3.45,100
1719463284408,3.5,1325
1719463284692,3.5,100
1719463285595,3.55,100
1719463285753,3.55,1000
1719463286764,3.45,25
1719463286876,3.5,50
1719463287933,3.5,750
1719463287993,3.5,425
1719463288744,3.6,200
1719463289103,3.5,75
1719463289745,3.5,575
1719463290093,3.55,400
1719463290423,3.55,50
1719463290738,3.5,100
1719463291403,3.5,50
1719463291717,3.5,500
1719463292400,3.5,25
1719463292726,3.5,100
1719463293400,3.5,25
1719463293722,3.45,25
1719463294700,3.5,25
1719463295031,3.5,150
1719463295919,3.45,50
1719463296235,3.4,475
1719463296735,3.45,25
1719463297400,3.45,25
1719463297727,3.4,500
1719463298538,3.4,25
1719463298538,3.4,25
1719463299602,3.45,750
1719463299690,3.45,925
1719463300377,3.4,25
1719463300689,3.4,25
1719463301614,3.35,400
1719463301732,3.35,300
1719463304932,3.4,25
1719463305178,3.45,150
1719463305703,3.5,500
1719463306125,3.45,25
1719463306751,3.45,250
1719463308408,3.45,25
1719463308688,3.45,50
1719463309335,3.4,325
1719463309649,3.45,500
1719463310597,3.4,25
1719463310734,3.4,25
1719463311621,3.45,25
1719463311621,3.45,25
1719463312855,3.4,175
1719463313768,3.4,25
1719463314287,3.4,25
1719463314764,3.4,525
1719463315444,3.35,600
1719463315673,3.4,50
1719463316750,3.4,25
1719463317600,3.45,25
1719463317705,3.4,100
1719463318411,3.4,25
1719463318930,3.4,375
1719463319635,3.45,925
1719463320044,3.45,175
1719463329765,3.4,100
1719463330091,3.45,350
1719463330740,3.4,50
1719463331354,3.45,50
1719463331636,3.4,25
1719463358723,3.2,25
1719463358861,3.25,150
1719463359775,3.2,25
1719463359845,3.2,75
1719463360551,3.2,200
1719463360791,3.2,1100
1719463361803,3.15,1725
1719463361924,3.15,50
1719463362126,3.15,25
1719463362686,3.15,175
1719463363056,3.15,50
1719463363947,3.2,950
1719463364550,3.15,125
1719463364591,3.15,125
1719463365784,3.2,100
1719463366737,3.2,1600
1719463366794,3.15,600
1719463367309,3.15,1125
1719463367600,3.2,25
1719463368224,3.15,75
1719463368800,3.2,200
1719463369680,3.1,25
1719463369796,3.15,300
1719463370487,3.15,25
1719463370800,3.15,25
1719463371437,3.1,75
1719463371707,3.15,25
1719463372730,3.1,250
1719463372800,3.15,25
1719463373554,3.15,25
1719463373801,3.1,50
1719463374789,3.1,25
1719463376739,3.15,1000
1719463377774,3.1,50
1719463377955,3.15,200
1719463378350,3.15,25
1719463378727,3.1,25
1719463379306,3.15,900
1719463379941,3.2,1125
1719463380129,3.2,725
1719463380303,3.15,50
1719463380791,3.15,100
1719463381750,3.3,200
1719463381750,3.3,200
1719463382750,3.3,25
1719463382815,3.3,50
1719463383793,3.25,75
1719463384804,3.2,75
1719463385781,3.2,25
1719463386773,3.25,1600
1719463386977,3.2,50
1719463387173,3.25,25
1719463387798,3.25,25
1719463388566,3.2,650
1719463388698,3.25,25
1719463389582,3.2,25
1719463389784,3.2,175
1719463390800,3.25,25
1719463391796,3.3,25
1719463391971,3.25,350
1719463392679,3.25,550
1719463392969,3.25,1025
1719463393194,3.25,25
1719463393808,3.25,25
1719463394359,3.25,25
1719463394725,3.25,50
1719463395659,3.25,25
1719463396801,3.25,100
1719463397579,3.3,50
1719463397579,3.3,50
1719463398733,3.25,25
1719463399745,3.25,25
1719463400200,3.25,25
1719463400750,3.2,25
1719463401392,3.25,25
1719463401779,3.25,25
1719463402596,3.25,100
1719463402662,3.3,300
1719463403708,3.25,275
1719463403708,3.25,275
1719463404620,3.25,50
1719463405008,3.25,50
1719463405751,3.25,1200
1719463406800,3.3,25
1719463407166,3.35,50
1719463407811,3.3,1750
1719463408599,3.3,100
1719463408795,3.3,150
1719463409553,3.3,50
1719463409811,3.35,75
1719463410052,3.35,100
1719463410590,3.35,225
1719463410789,3.35,25
1719463411386,3.3,150
1719463411868,3.3,50
1719463412760,3.35,100
1719463412888,3.3,25
1719463413400,3.35,25
1719463413541,3.35,200
1719463414500,3.35,100
1719463414784,3.3,125
1719463415381,3.4,25
1719463415787,3.3,125
1719463416453,3.4,25
1719463416824,3.4,100
1719463417615,3.4,25
1719463417789,3.4,25
1719463418716,3.35,25
1719463419001,3.4,25
1719463419774,3.35,25
1719463420002,3.4,125
1719463420824,3.35,700
1719463421004,3.35,150
1719463421241,3.35,100
1719463421826,3.35,100
1719463422278,3.4,75
1719463422839,3.35,25
1719463423408,3.35,25
1719463423808,3.4,25
1719463424818,3.35,500
1719463425747,3.4,25
1719463426832,3.35,50
1719463427799,3.35,50
1719463428037,3.35,25
1719463428995,3.5,325
1719463429431,3.55,25
1719463429845,3.5,25
1719463430860,3.45,25
1719463430863,3.45,25
1719463431821,3.5,50
1719463432823,3.6,50
1719463433009,3.6,25
1719463433797,3.55,50
1719463434052,3.5,150
1719463434794,3.6,25
1719463435450,3.55,25
1719463435942,3.5,175
1719463436576,3.55,100
1719463436844,3.55,25
1719463437787,3.55,25
1719463437864,3.5,150
1719463438988,3.55,425
1719463439763,3.5,225
1719463440057,3.55,75
1719463440114,3.5,250
1719463440830,3.5,75
1719463441219,3.55,100
1719463441831,3.55,100
1719463442647,3.5,100
1719463442833,3.5,50
1719463443392,3.5,100
1719463444001,3.45,175
1719463444787,3.45,500
1719463445669,3.45,675
1719463457600,3.4,25
1719463457837,3.35,50
1719463458545,3.45,50
1719463458945,3.45,25
1719463459889,3.45,100
1719463460878,3.45,50
1719463461742,3.5,200
1719463462091,3.45,75
1719463462300,3.5,25
1719463462863,3.45,25
1719463463630,3.4,50
1719463463820,3.45,50
1719463465800,3.5,25
1719463466753,3.45,250
1719463467825,3.45,900
1719463467874,3.45,50
1719463468854,3.4,25
1719463469011,3.45,25
1719463469458,3.45,25
1719463469714,3.45,25
1719463469714,3.45,25
1719463470700,3.3,25
1719463471668,3.35,900
1719463471795,3.35,75
1719463472645,3.25,500
1719463472829,3.3,900
1719463473675,3.35,200
1719463473799,3.3,25
1719463474877,3.25,50
1719463475695,3.35,25
1719463476897,3.25,75
1719463477823,3.25,50
1719463478021,3.3,50
1719463478479,3.25,25
1719463478857,3.35,150
1719463479705,3.3,300
1719463479773,3.35,800
1719463480711,3.45,75
1719463480897,3.4,400
1719463481618,3.45,50
1719463482874,3.45,1650
1719463483015,3.45,25
1719463483304,3.45,75
1719463483862,3.45,25
1719463484173,3.4,25
1719463485014,3.45,425
1719463485497,3.45,25
1719463485862,3.4,400
1719463486730,3.4,75
1719463486825,3.45,25
1719463487695,3.45,300
1719463487800,3.4,25
1719463488908,3.45,250
1719463489832,3.45,100
1719463489832,3.45,100
1719463490700,3.45,25
1719463491124,3.45,25
1719463491488,3.45,50
1719463491566,3.4,25
1719463492735,3.45,25
1719463492844,3.4,900
1719463493915,3.45,50
1719463495777,3.4,25
1719463495777,3.4,25
1719463496773,3.4,275
1719463497808,3.4,50
1719463498068,3.4,25
1719463498300,3.45,25
1719463498835,3.45,25
1719463499452,3.4,50
1719463499874,3.45,25
1719463500101,3.4,100
1719463500404,3.35,25
1719463500826,3.35,100
1719463501751,3.35,25
1719463502000,3.3,50
1719463502738,3.3,1250
1719463502872,3.3,25
1719463503731,3.3,25
1719463503883,3.3,25
1719463504882,3.3,1600
1719463504930,3.3,25
1719463505908,3.35,25
1719463506908,3.3,25
1719463507884,3.3,425
1719463507945,3.3,275
1719463508956,3.35,125
1719463509569,3.3,50
1719463509812,3.25,475
1719463510498,3.35,200
1719463510874,3.35,25
1719463511759,3.4,100
1719463511759,3.4,100
1719463512678,3.35,50
1719463512863,3.35,100
1719463513876,3.4,400
1719463513970,3.35,100
1719463514800,3.4,25
1719463514800,3.4,25
1719463515352,3.4,25
1719463515352,3.4,25
1719463516370,3.4,100
1719463516871,3.45,125
1719463517342,3.4,25
1719463517890,3.35,75
1719463518734,3.35,25
1719463518855,3.35,1000
1719463519695,3.4,25
1719463520078,3.35,25
1719463520783,3.4,25
1719463520885,3.4,350
1719463521975,3.4,100
1719463522847,3.4,125
1719463522847,3.4,125
1719463523798,3.35,100
1719463524187,3.35,150
1719463524777,3.3,700
1719463525165,3.3,25
1719463525579,3.3,75
1719463525850,3.3,25
1719463526742,3.3,375
1719463526864,3.3,725
1719463527891,3.3,50
1719463528874,3.3,250
1719463528950,3.3,125
1719463529886,3.3,75
1719463530007,3.3,25
1719463530850,3.3,25
1719463531165,3.3,25
1719463531834,3.2,100
1719463532177,3.2,50
1719463532553,3.2,25
1719463533037,3.2,900
1719463533582,3.25,25
1719463533804,3.2,25
1719463534494,3.25,25
1719463534865,3.2,200
1719463535775,3.25,25
1719463535862,3.25,25
1719463536798,3.25,25
1719463536883,3.25,25
1719463537905,3.15,50
1719463538006,3.2,25
1719463538878,3.2,25
1719463538979,3.2,25
1719463539997,3.2,25
1719463540876,3.2,1250
1719463540876,3.2,1250
1719463541829,3.2,25
1719463542192,3.25,600
1719463542399,3.2,1000
1719463542846,3.2,50
1719463543534,3.25,50
1719463543689,3.2,750
1719463544572,3.2,400
1719463544861,3.25,500
1719463545585,3.25,700
1719463545810,3.2,375
1719463546402,3.25,25
1719463547108,3.2,75
1719463547839,3.2,900
1719463548021,3.2,100
1719463548892,3.2,25
1719463549009,3.15,25
1719463549912,3.15,50
1719463550164,3.15,550
1719463550623,3.1,25
1719463550835,3.15,1100
1719463551607,3.15,50
1719463551815,3.15,125
1719463552627,3.15,25
1719463553104,3.2,250
1719463553708,3.15,150
1719463554751,3.25,25
1719463554884,3.3,150
1719463555851,3.2,1150
1719463556011,3.2,1000
1719463556876,3.3,150
1719463557000,3.25,50
1719463557853,3.25,150
1719463558000,3.25,25
1719463558696,3.25,650
1719463558944,3.3,25
1719463559842,3.25,50
1719463559957,3.25,50
1719463560438,3.3,75
1719463560804,3.25,275
1719463561638,3.25,50
1719463561873,3.3,1300
1719463562884,3.3,300
1719463563778,3.3,50
1719463564000,3.25,50
1719463564899,3.3,50
1719463565174,3.3,175
1719463565819,3.25,25
1719463566146,3.25,25
1719463566887,3.3,250
1719463567187,3.35,100
1719463567369,3.3,625
1719463567909,3.3,100
1719463568594,3.35,350
1719463568686,3.3,75
1719463569834,3.35,25
1719463569900,3.3,450
1719463570832,3.35,25
1719463570832,3.35,25
1719463571851,3.4,50
1719463572897,3.35,200
1719463573615,3.35,50
1719463573875,3.35,450
1719463574664,3.4,825
1719463574835,3.4,25
1719463575516,3.4,75
1719463575794,3.4,25
1719463576887,3.4,25
1719463577000,3.35,50
1719463577922,3.4,25
1719463578862,3.4,100
1719463578895,3.45,25
1719463579751,3.45,100
1719463579922,3.45,1000
1719463580691,3.45,100
1719463580906,3.45,100
1719463581687,3.4,25
1719463581886,3.45,1375
1719463582882,3.45,25
1719463582882,3.45,25
1719463583879,3.5,50
1719463584040,3.45,200
1719463584895,3.45,50
1719463585256,3.45,125
1719463585392,3.45,25
1719463586054,3.45,250
1719463586611,3.5,475
1719463586817,3.5,225
1719463587638,3.45,25
1719463587897,3.45,25
1719463588819,3.5,125
1719463588917,3.5,75
1719463589628,3.45,250
1719463589792,3.45,1150
1719463590066,3.45,100
1719463590838,3.45,25
1719463591395,3.5,25
1719463591395,3.5,25
1719463592726,3.45,225
1719463593807,3.5,50
1719463594000,3.45,75
1719463594830,3.5,25
1719463595174,3.45,25
1719463595473,3.5,150
1719463595473,3.5,150
1719463596482,3.5,100
1719463597788,3.45,25
1719463597788,3.45,25
1719463598809,3.5,75
1719463599927,3.45,75
1719463599927,3.45,75
1719463600737,3.45,50
1719463601083,3.5,1500
1719463601836,3.45,25
1719463609889,3.35,125
1719463610095,3.4,1000
1719463610927,3.45,1000
1719463611268,3.4,50
1719463611685,3.4,175
1719463612122,3.4,500
1719463612883,3.45,250
1719463613286,3.45,275
1719463613938,3.45,75
1719463614281,3.45,450
1719463614428,3.45,25
1719463614865,3.4,175
1719463615435,3.4,25
1719463615853,3.4,25
1719463616603,3.4,1600
1719463617020,3.4,25
1719463617611,3.4,25
1719463617956,3.4,25
1719463618925,3.4,50
1719463619106,3.4,275
1719463619942,3.45,75
1719463620101,3.4,25
1719463620896,3.4,25
1719463621100,3.45,25
1719463621960,3.4,25
1719463622316,3.45,225
1719463622858,3.45,425
1719463623350,3.45,25
1719463623350,3.45,25
1719463623764,3.45,525
1719463624779,3.5,75
1719463625416,3.5,50
1719463626686,3.45,150
1719463627139,3.45,75
1719463627654,3.45,25
1719463627803,3.45,25
1719463628850,3.45,100
1719463629697,3.45,25
1719463630674,3.45,1150
1719463630674,3.45,1150
1719463631890,3.45,50
1719463632085,3.4,50
1719463632639,3.45,25
1719463633336,3.45,25
1719463633543,3.35,50
1719463633946,3.35,1000
1719463634705,3.4,200
1719463634705,3.4,200
1719463635548,3.4,450
1719463635953,3.35,25
1719463636318,3.4,25
1719463636926,3.4,25
1719463637903,3.4,925
1719463638144,3.3,900
1719463638848,3.35,25
1719463638848,3.35,25
1719463640162,3.3,75
1719463641176,3.3,75
1719463641881,3.35,125
1719463642335,3.3,1200
1719463642890,3.25,1000
1719463643563,3.3,25
1719463643755,3.3,25
1719463644523,3.3,25
1719463644839,3.25,75
1719463645582,3.3,100
1719463645860,3.35,100
1719463646728,3.3,75
1719463646964,3.35,175
1719463647617,3.35,775
1719463647907,3.35,25
1719463668936,3.4,200
1719463669973,3.4,25
1719463670640,3.4,25
1719463670640,3.4,25
1719463671386,3.45,1250
1719463671849,3.4,100
1719463672998,3.4,1675
1719463673724,3.3,375
1719463674205,3.35,250
1719463674766,3.3,25
1719463675051,3.35,550
1719463675759,3.35,25
1719463675759,3.35,25
1719463676982,3.4,25
1719463688649,3.35,125
1719463689178,3.4,75
1719463690471,3.4,25
1719463690680,3.4,125
1719463691173,3.4,25
1719463691953,3.4,250
1719463692854,3.4,25
1719463692854,3.4,25
1719463693486,3.4,75
1719463694966,3.35,25
1719463695961,3.4,950
1719463696146,3.45,25
1719463697049,3.4,25
1719463697092,3.4,100
1719463698016,3.4,200
1719463698679,3.4,25
1719463699039,3.35,250
1719463699971,3.35,125
1719463699971,3.35,125
1719463700881,3.4,900
1719463701198,3.35,300
1719463701813,3.35,100
1719463701845,3.35,25
1719463702782,3.35,25
1719463702903,3.35,525
1719463703595,3.35,25
1719463703595,3.35,25
1719463704657,3.4,300
1719463704962,3.35,50
1719463705724,3.35,125
1719463705724,3.35,125
1719463707023,3.35,75
1719463707545,3.4,1100
1719463708004,3.35,125
1719463708967,3.4,50
1719463709172,3.35,1600
1719463709870,3.3,625
1719463710406,3.35,1075
1719463710817,3.3,50
1719463710879,3.35,1600
1719463711716,3.35,25
1719463711716,3.35,25
1719463712337,3.3,200
1719463712983,3.25,25
1719463713941,3.25,25
1719463713941,3.25,25
1719463714982,3.3,25
1719463715020,3.3,25
1719463715590,3.3,100
1719463715948,3.25,25
1719463716742,3.2,125
1719463717036,3.3,775
1719463717993,3.25,100
1719463717993,3.25,100
1719463718994,3.25,25
1719463719237,3.25,200
1719463719939,3.2,25
1719463720675,3.25,25
1719463720904,3.25,25
1719463721566,3.25,25
1719463721953,3.2,75
1719463722867,3.15,50
1719463723021,3.2,900
1719463723760,3.25,25
1719463724010,3.2,350
1719463725059,3.2,625
1719463725898,3.25,25
1719463726260,3.2,1000
1719463727001,3.25,25
1719463727453,3.25,175
1719463727655,3.2,50
1719463728006,3.25,25
1719463728559,3.3,525
1719463728559,3.3,525
1719463729680,3.3,175
1719463729815,3.35,75
1719463730835,3.3,25
1719463730947,3.35,25
1719463731569,3.35,25
1719463731569,3.35,25
1719463732972,3.3,50
1719463732972,3.3,50
1719463734009,3.3,100
1719463748954,3.2,100
1719463749167,3.2,100
1719463749878,3.2,50
1719463750177,3.25,1000
1719463750944,3.25,50
1719463751515,3.15,125
1719463751779,3.2,350
1719463751779,3.2,350
1719463753050,3.25,600
1719463753709,3.25,225
1719463754015,3.2,250
1719463754771,3.25,100
1719463755021,3.25,400
1719463755626,3.2,200
1719463760709,3.1,75
1719463760917,3.05,25
1719463761895,3.1,25
1719463762022,3.1,25
1719463762874,3.1,50
1719463763001,3.1,50
1719463764083,3.05,175
1719463764953,3.05,25
1719463765988,3.05,1175
1719463766314,3.1,75
1719463766860,3.1,675
1719463767230,3.1,50
1719463768001,3.15,50
1719463768445,3.15,475
1719463768719,3.1,375
1719463768719,3.1,375
1719463769538,3.15,300
1719463770030,3.15,75
1719463770678,3.15,150
1719463770970,3.15,175
1719463776331,3.1,175
1719463777022,3.05,50
1719463777294,3.05,25
1719463777985,3.05,25
1719463779036,3.1,300
1719463779097,3.05,325
1719463780014,3.05,300
1719463780014,3.05,300
1719463781023,3.15,150
1719463781313,3.1,50
1719463781883,3.15,25
1719463782087,3.1,25
1719463783115,3.1,25
1719463783339,3.15,1775
1719463783971,3.05,25
1719463784243,3.1,25
1719463784758,3.05,25
1719463784930,3.05,25
1719463785637,3.05,250
1719463786018,3.05,125
1719463787045,3.05,25
1719463787857,3.15,300
1719463788879,3.1,400
1719463788879,3.1,400
1719463790031,3.05,150
1719463790173,3.05,150
1719463790990,3.05,150
1719463791133,3.05,150
1719463792021,3.0,25
1719463792120,3.0,1150
1719463792994,3.05,100
1719463793219,3.05,50
1719463793998,3.05,50
1719463794287,3.05,50
1719463795028,3.0,25
1719463795364,3.0,25
1719463796034,3.0,25
1719463796589,3.0,150
1719463796736,3.0,25
1719463797058,3.05,25
1719463797989,3.05,25
1719463798020,3.05,275
1719463798990,3.05,100
1719463800059,3.05,300
1719463800075,3.05,25
1719463800821,3.0,25
1719463801152,3.0,50
1719463801872,3.05,25
1719463801872,3.05,25
1719463802919,3.05,300
1719463803180,3.05,350
1719463803994,3.0,25
1719463804360,3.0,1000
1719463804888,3.0,625
1719463805575,3.1,25
1719463805995,3.05,25
1719463806501,3.05,200
1719463806814,3.1,150
1719463806814,3.1,150
1719463807961,3.1,75
1719463808943,3.0,25
1719463809254,3.0,50
1719463809944,3.0,25
1719463810371,3.05,25
1719463810999,3.0,500
1719463811414,3.0,25
1719463811934,3.0,75
1719463812257,3.0,1075
1719463816054,2.9,25
1719463816317,2.95,25
1719463817029,2.9,150
1719463817227,2.95,300
1719463818001,3.0,50
1719463818189,3.0,275
1719463819071,3.0,225
1719463819220,2.95,775
1719463820065,2.95,50
1719463820430,2.95,100
1719463821062,3.0,500
1719463821614,2.95,350
1719463821681,2.95,25
1719463822289,2.95,25
1719463823033,2.95,75
1719463823431,2.95,125
1719463824033,3.0,250
1719463824374,2.95,225
1719463824979,3.0,100
1719463825936,2.95,100
1719463825936,2.95,100
1719463826697,2.95,250
1719463828001,3.0,50
1719463828204,2.95,150
1719463828948,2.95,100
1719463829215,3.0,300
1719463830129,3.05,175
1719463830143,3.05,25
1719463830143,3.05,25
1719463831001,3.1,50
1719463831620,3.0,150
1719463832022,3.0,950
1719463832022,3.0,950
1719463833056,3.0,200
1719463833125,3.0,350
1719463833974,3.05,25
1719463835000,3.05,25
1719463835000,3.05,25
1719463836079,3.05,50
1719463836979,3.0,50
1719463838001,3.05,50
1719463838001,3.05,50
1719463839063,3.0,325
1719463840056,3.0,1150
1719463841024,3.0,100
1719463842068,3.05,125
1719463842444,3.0,250
1719463843075,3.05,925
1719463843334,3.1,25
1719463844014,3.05,50
1719463844540,3.05,100
1719463845037,3.05,100
1719463845816,3.05,25
1719463845816,3.05,25
1719463847074,3.05,100
1719463847889,3.05,25
1719463848930,3.1,300
1719463849986,3.05,200
1719463850913,3.05,25
1719463852043,3.1,150
1719463852043,3.1,150
1719463853033,3.05,75
1719463853196,3.05,150
1719463854023,3.05,25
1719463854407,3.05,25
1719463855074,3.05,200
1719463855629,3.1,425
1719463856030,3.1,75
1719463856546,3.1,25
1719463856946,3.1,175
1719463857879,3.1,50
1719463858162,3.1,150
1719463858867,3.05,25
1719463859085,3.0,100
1719463860082,3.05,75
1719463860110,3.05,75
1719463860446,3.0,25
1719463861251,3.0,1375
1719463861251,3.0,1375
1719463862098,2.95,25
1719463862404,2.95,125
1719463863098,2.9,725
1719463863442,2.9,50
1719463864009,2.95,25
1719463864810,2.95,75
1719463864810,2.95,75
1719463866076,2.95,75
1719463866300,2.95,600
1719463866882,3.0,325
1719463867213,2.95,900
1719463868032,3.0,25
1719463868032,3.0,25
1719463869084,3.0,75
1719463869207,3.0,75
1719463869941,2.95,25
1719463870507,3.0,25
1719463871023,2.95,125
1719463871333,2.95,50
1719463872087,2.95,250
1719463872514,3.0,200
1719463873068,2.95,50
1719463873476,2.95,275
1719463873653,2.95,50
1719463874078,3.0,975
1719463875069,2.95,750
1719463876125,3.0,75
1719463877106,3.05,25
1719463878008,3.0,425
1719463878298,2.95,425
1719463878941,3.0,175
1719463879228,2.95,200
1719463880023,2.95,1000
1719463880238,3.0,125
1719463880935,2.95,75
1719463881652,2.95,75
1719463881821,3.0,100
1719463925092,2.9,75
1719463925982,2.9,175
1719463926891,2.95,50
1719463927276,2.9,500
1719463928095,2.9,50
1719463928500,2.95,75
1719463928927,2.95,25
1719463929109,2.9,25
1719463929781,2.95,75
1719463930124,2.95,150
1719463930890,2.95,25
1719463931408,2.95,150
1719463931983,2.9,25
1719463931983,2.9,25
1719463933110,2.95,375
1719463933590,2.9,75
1719463934102,2.9,50
1719463934406,2.9,75
1719463935124,2.85,75
1719463936020,2.85,25
1719463936336,2.8,25
1719463937042,2.85,100
1719463937408,2.9,375
1719463938112,2.9,25
1719463938414,2.9,100
1719463939116,2.9,25
1719463945127,2.85,1000
1719463945127,2.85,1000
1719463946122,2.85,1200
1719463946190,2.85,1200
1719463947222,2.9,725
1719463947576,2.95,50
1719463948062,2.95,675
1719463948474,2.95,400
1719463949126,2.9,125
1719463949520,2.9,1800
1719463950045,2.95,575
1719463953100,2.9,175
1719463953443,2.9,800
1719463954100,2.9,125
1719463954308,2.9,125
1719463955034,2.9,100
1719463955574,2.9,25
1719463956062,2.95,25
1719463956605,2.9,50
1719463957126,2.95,400
1719463958116,2.95,250
1719463958232,2.95,25
1719463959122,2.9,150
1719463959918,2.95,500
1719463959918,2.95,500
1719463960571,2.95,50
1719463960571,2.95,50
1719463962172,2.95,175
1719463963104,2.9,200
1719463963104,2.9,200
1719463963986,2.9,400
1719463964369,2.9,200
1719463965149,2.9,25
1719463965623,2.9,400
1719463965828,2.95,75
1719463966737,2.95,450
1719463966997,2.9,250
1719463967138,2.9,25
1719463967965,2.9,125
1719463968132,2.9,150
1719463969000,2.9,50
1719463969901,2.95,25
1719463969901,2.95,25
1719463970698,2.9,50
1719463970698,2.9,50
1719463972140,2.95,975
1719463972355,2.95,600
1719463973323,2.9,1000
1719463973425,2.9,400
1719463974134,2.9,1800
1719463974405,2.95,900
1719463975147,2.9,100
1719463975586,2.9,125
1719463976096,2.95,25
1719463977007,2.9,100
1719463977095,2.9,200
1719463978046,2.9,25
1719463978046,2.9,25
1719463978851,2.9,25
1719463980029,2.85,25
1719463980103,2.85,50
1719463981113,2.85,250
1719463982284,2.9,25
1719463982443,2.85,200
1719463983147,2.9,275
1719463983592,2.85,25
1719463984052,2.95,250
1719463984631,2.9,500
1719463984946,2.95,100
1719463985600,2.9,25
1719463985600,2.9,25
1719463986145,2.9,1425
1719463987134,2.95,875
1719463987282,2.95,50
1719463988145,2.95,25
1719463988256,2.9,25
1719463989055,2.9,25
1719463989209,2.9,25
1719463990283,2.9,75
1719463991037,2.9,600
1719463991320,2.9,50
1719463991926,2.9,25
1719463991926,2.9,25
1719463993053,2.9,1325
1719463993490,2.9,25
1719463993984,2.9,400
1719463994625,2.9,275
1719463995157,2.95,150
1719463995693,2.9,50
1719463996100,2.95,350
1719463996612,2.9,500
1719463996876,2.9,200
1719463997879,2.9,50
1719463998029,2.95,50
1719463998217,2.9,25
1719463999101,2.9,25
1719463999143,2.95,75
1719464000090,2.9,850
1719464000211,2.9,50
1719464001114,2.95,25
1719464001394,3.0,250
1719464002053,2.95,75
1719464002449,2.95,25
1719464003145,2.95,25
1719464004153,2.95,25
1719464004311,2.95,25
1719464005053,2.95,150
1719464005272,2.95,25
1719464006000,2.95,25
1719464006665,2.95,25
1719464006921,2.95,25
1719464007907,3.0,125
1719464007907,3.0,125
1719464007907,3.0,125
1719464009150,2.95,25
1719464009291,2.95,250
1719464010033,2.95,25
1719464010033,2.95,25
1719464011061,2.95,275
1719464011061,2.95,275
1719464012122,3.0,25
1719464012509,3.0,25
1719464012871,3.0,100
1719464013503,3.0,300
1719464014134,3.0,100
1719464015670,3.0,25
1719464016150,3.0,25
1719464017107,3.0,25
1719464017107,3.0,25
1719464018117,2.95,25
1719464018275,2.95,500
1719464019158,2.9,950
1719464019284,2.9,100
1719464020187,2.95,25
1719464020678,2.9,25
1719464021167,2.95,1250
1719464021900,2.9,1450
1719464022054,2.9,225
1719464022939,2.9,75
1719464023138,2.9,25
1719464023699,2.95,250
1719464023699,2.95,250
1719464024344,2.95,125
1719464025331,2.9,400
1719464026168,2.9,25
1719464026274,2.95,25
1719464027100,2.95,75
1719464027251,2.95,25
1719464027855,2.9,25
1719464028345,2.95,175
1719464029054,2.9,25
1719464029054,2.9,25
1719464030053,2.9,50
1719464030495,2.95,450
1719464030995,2.9,50
1719464031685,2.95,50
1719464032094,2.9,50
1719464032693,2.95,400
1719464032693,2.95,400
1719464033202,2.95,525
1719464034339,2.9,50
1719464034339,2.9,50
1719464035127,2.9,75
1719464035221,2.9,25
1719464036165,2.95,50
1719464036556,2.95,900
1719464037000,2.95,50
1719464037377,3.0,75
1719464038097,2.95,200
1719464038682,3.0,50
1719464039013,3.0,100
1719464039647,2.95,525
1719464040176,3.0,25
1719464040453,2.95,25
1719464041086,2.95,75
1719464041767,3.0,100
1719464042061,3.0,50
1719464042754,2.95,1100
1719464042999,2.95,25
1719464043963,2.95,50
1719464044163,2.95,50
1719464044880,3.0,125
1719464045151,2.95,25
1719464045335,2.95,25
1719464046084,3.0,75
1719464046339,3.0,25
1719464047195,3.0,25
1719464047364,3.0,25
1719464048000,2.95,50
1719464048316,3.0,125
1719464049000,2.95,50
1719464049355,3.0,125
1719464050195,3.0,25
1719464050768,3.0,650
1719464051174,3.0,125
1719464051329,3.0,100
1719464052100,3.0,100
1719464052789,3.0,125
1719464053099,2.95,25
1719464053746,2.95,25
1719464054187,2.95,125
1719464054805,3.0,250
1719464055140,3.0,25
1719464055973,2.95,25
1719464057186,2.9,25
1719464057840,2.95,50
1719464059117,2.95,250
1719464059380,2.9,500
1719464060184,2.95,75
1719464060403,2.95,25
1719464061000,2.95,50
1719464061289,3.0,250
1719464062085,3.0,175
1719464062345,3.0,100
1719464063093,3.0,25
1719464063334,2.95,50
1719464064134,3.0,100
1719464064476,3.05,50
1719464074802,3.05,650
1719464075203,3.0,250
1719464075606,3.05,25
1719464076113,3.05,25
1719464076761,3.0,25
1719464076761,3.0,25
1719464077729,3.05,425
1719464078184,3.05,25
1719464078807,3.0,75
1719464079142,3.05,100
1719464080002,3.05,125
1719464080228,3.05,25
1719464081215,3.0,175
1719464082197,3.05,75
1719464082391,3.0,25
1719464083210,3.0,25
1719464083402,3.05,25
1719464083941,3.0,25
1719464084420,3.05,350
1719464088957,3.1,25
1719464089230,3.05,50
1719464090205,3.05,25
1719464090629,3.05,25
1719464091144,3.05,25
1719464091527,3.1,175
1719464091947,3.1,25
1719464092836,3.0,50
1719464093079,3.0,25
1719464093731,2.95,175
1719464094218,3.0,25
1719464095019,2.9,100
1719464095188,2.95,25
1719464095434,2.9,750
1719464096218,2.95,1800
1719464096247,2.9,50
1719464097000,2.9,425
1719464097518,2.95,25
1719464098137,2.95,275
1719464098763,3.0,50
1719464099415,2.95,125
1719464099791,3.0,25
1719464100224,3.0,100
1719464100778,2.95,25
1719464101239,2.95,25
1719464102132,2.95,125
1719464102437,2.95,600
1719464102903,2.95,400
1719464120520,2.9,50
1719464121193,2.95,25
1719464121451,2.95,25
1719464122229,2.95,25
1719464122402,2.95,25
1719464123174,2.95,25
1719464123549,2.95,225
1719464123549,2.95,225
1719464123549,2.95,225
1719464125070,3.0,325
1719464125585,2.95,500
1719464126224,2.95,500
1719464126887,3.0,200
1719464126887,3.0,200
1719464126887,3.0,200
1719464128107,3.0,250
1719464128576,3.0,675
1719464129077,3.0,500
1719464129532,2.95,125
1719464130060,3.0,300
1719464130466,2.95,25
1719464131149,2.95,75
1719464167401,3.0,25
1719464168054,3.0,200
1719464169025,3.0,450
1719464169335,3.0,150
1719464170092,2.95,50
1719464170092,2.95,50
1719464170883,3.0,200
1719464171547,3.0,25
1719464172223,3.0,25
1719464172452,3.0,25
1719464173207,3.0,25
1719464173670,2.95,50
1719464174133,3.0,1100
1719464175058,3.0,25
1719464175238,3.0,75
1719464176141,3.0,25
1719464176284,3.0,300
1719464177203,3.0,50
1719464178093,3.0,150
1719464178742,3.0,25
1719464178821,3.0,25
1719464179424,3.0,100
1719464179771,3.0,25
1719464180615,2.95,25
1719464181226,2.9,75
1719464181445,2.95,50
1719464182443,2.95,25
1719464182443,2.95,25
1719464183240,2.9,1000
1719464183617,2.95,200
1719464205823,3.05,25
1719464206247,3.05,25
1719464206922,3.05,1000
1719464207202,3.0,250
1719464207972,3.0,100
1719464208060,3.0,50
1719464208614,3.0,50
1719464209098,2.95,50
1719464209837,3.0,25
1719464210253,2.95,75
1719464210253,2.95,75
1719464211215,3.0,25
1719464211421,3.0,300
1719464212231,3.0,550
1719464212637,3.0,375
1719464212637,3.0,375
1719464212637,3.0,375
1719464214436,3.0,275
1719464214648,3.0,250
1719464215091,2.95,25
1719464215700,3.0,200
1719464216192,3.0,575
1719464216946,2.9,50
1719464217098,2.95,25
1719464217759,2.95,25
1719464218032,2.95,525
1719464218805,2.95,25
1719464219409,2.85,675
1719464219663,2.9,200
1719464220291,2.9,25
1719464220977,2.85,25
1719464221165,2.9,925
1719464221826,2.85,250
1719464222154,2.9,25
1719464222967,2.85,1500
1719464223061,2.9,25
1719464224198,2.9,25
1719464224373,2.85,275
1719464225000,2.85,75
1719464225647,2.85,25
1719464226080,2.85,25
1719464226721,2.85,75
1719464227263,2.8,25
1719464228499,2.8,1725
1719464228835,2.75,75
1719464229284,2.8,50
1719464230234,2.75,450
1719464231242,2.75,50
1719464232297,2.7,25
1719464233280,2.75,75
1719464233280,2.75,75
1719464234241,2.8,25
1719464234639,2.8,50
1719464235260,2.8,375
1719464235813,2.8,100
1719464236304,2.75,175
1719464236738,2.8,25
1719464237252,2.8,25
1719464238014,2.75,25
1719464238297,2.75,25
1719464238784,2.75,975
1719464239276,2.8,25
1719464239676,2.75,600
1719464240297,2.8,25
1719464241046,2.75,50
1719464241406,2.8,25
1719464242295,2.75,1700
1719464242638,2.75,75
1719464243267,2.75,25
1719464243532,2.75,175
1719464244307,2.75,50
1719464244629,2.75,50
1719464245208,2.75,75
1719464245843,2.75,25
1719464246305,2.75,25
1719464246980,2.7,75
1719464247305,2.65,25
1719464248307,2.65,25
1719464248446,2.65,25
1719464249320,2.6,350
1719464249753,2.65,25
1719464250099,2.65,25
1719464250286,2.65,75
1719464251229,2.65,50
1719464251482,2.65,25
1719464252297,2.7,50
1719464253251,2.65,275
1719464253251,2.65,275
1719464253470,2.65,350
1719464254309,2.7,25
1719464254849,2.65,100
1719464255119,2.7,25
1719464256044,2.7,25
1719464256201,2.65,50
1719464257074,2.7,25
1719464257262,2.7,50
1719464258064,2.65,25
1719464258304,2.65,25
1719464260063,2.65,225
1719464260063,2.65,225
1719464261024,2.65,400
1719464261239,2.6,75
1719464262075,2.6,75
1719464262247,2.6,75
1719464263284,2.6,75
1719464263504,2.65,50
1719464264320,2.6,75
1719464264682,2.6,75
1719464265140,2.6,100
1719464265870,2.65,25
1719464266249,2.6,475
1719464266901,2.65,25
1719464267115,2.65,75
1719464268041,2.6,25
1719464268320,2.6,350
1719464269277,2.6,25
1719464269277,2.6,25
1719464269484,2.6,25
1719464270203,2.6,25
1719464270461,2.6,100
1719464271215,2.6,75
1719464271438,2.6,225
1719464272152,2.6,125
1719464272637,2.65,300
1719464272990,2.6,125
1719464273907,2.65,50
1719464274320,2.6,25
1719464274904,2.6,25
1719464275332,2.65,75
1719464275717,2.6,825
1719464291374,2.6,50
1719464291506,2.55,250
1719464292341,2.5,50
1719464292928,2.55,50
1719464293304,2.5,100
1719464293889,2.5,1275
1719464294342,2.55,675
1719464294935,2.5,375
1719464295318,2.5,75
1719464296120,2.5,50
1719464296334,2.5,150
1719464297091,2.5,250
1719464297342,2.55,25
1719464298311,2.5,25
1719464298538,2.55,25
1719464299330,2.5,25
1719464299541,2.5,25
1719464300352,2.55,25
1719464300533,2.5,25
1719464301345,2.5,25
1719464301579,2.5,100
1719464302345,2.55,200
1719464302713,2.5,875
1719464303309,2.5,75
1719464303732,2.55,425
1719464304365,2.5,25
1719464304889,2.55,25
1719464305331,2.5,25
1719464306112,2.5,25
1719464306350,2.5,25
1719464307138,2.5,25
1719464307316,2.5,600
1719464308342,2.5,25
1719464308538,2.5,25
1719464309351,2.5,25
1719464309727,2.5,25
1719464310124,2.45,25
1719464310345,2.45,350
1719464310940,2.5,25
1719464311328,2.5,25
1719464311938,2.5,25
1719464312340,2.5,25
1719464312937,2.5,25
1719464313332,2.5,25
1719464314142,2.5,25
1719464314348,2.45,1175
1719464315149,2.5,25
1719464315545,2.5,25
1719464316151,2.45,75
1719464316351,2.5,25
1719464317328,2.45,25
1719464317539,2.45,25
1719464318342,2.4,150
1719464318769,2.45,25
1719464319357,2.45,25
1719464319758,2.4,800
1719464320349,2.45,25
1719464320951,2.45,25
1719464321330,2.4,25
1719464321978,2.45,50
1719464322334,2.45,25
1719464322960,2.45,25
1719464323351,2.45,100
1719464323954,2.45,25
1719464324339,2.45,25
1719464324756,2.45,25
1719464325343,2.45,25
1719464325763,2.45,25
1719464326336,2.45,25
1719464326771,2.45,25
1719464327354,2.45,25
1719464327790,2.45,25
1719464328345,2.45,25
1719464328751,2.45,25
1719464329554,2.45,150
1719464329978,2.5,25
1719464330347,2.45,900
1719464330953,2.5,25
1719464367386,2.5,125
1719464367823,2.5,25
1719464368307,2.5,50
1719464368765,2.5,25
1719464369360,2.5,75
1719464370021,2.45,300
1719464370328,2.55,100
1719464371069,2.45,150
1719464371358,2.45,225
1719464372110,2.45,25
1719464372110,2.45,25
1719464372579,2.5,25
1719464373365,2.5,75
1719464373365,2.5,75
1719464377997,2.5,150
1719464378400,2.45,50
1719464378765,2.5,75
1719464379207,2.5,775
1719464379835,2.5,25
1719464380237,2.5,50
1719464380919,2.55,125
1719464381221,2.5,225
1719464381911,2.5,125
1719464382382,2.55,700
1719464382923,2.5,175
1719464383344,2.55,75
1719464384232,2.55,125
1719464384379,2.55,200
1719464385276,2.5,50
1719464385414,2.55,100
1719464385644,2.5,375
1719464386354,2.55,675
1719464386970,2.5,25
1719464387384,2.5,25
1719464388383,2.55,50
1719464389205,2.55,50
1719464389401,2.5,25
1719464390202,2.5,500
1719464390273,2.5,25
1719464390749,2.55,600
1719464391334,2.5,425
1719464391662,2.55,475
1719464392375,2.5,50
1719464392970,2.5,25
1719464393266,2.5,150
1719464394203,2.5,350
1719464394362,2.5,375
1719464395328,2.55,275
1719464395650,2.55,275
1719464396233,2.55,375
1719464396668,2.5,25
1719464397748,2.5,500
1719464398374,2.5,375
1719464399060,2.5,500
1719464399372,2.55,50
1719464400403,2.5,150
1719464401245,2.55,25
1719464401438,2.5,75
1719464401658,2.5,25
1719464402600,2.55,25
1719464402600,2.55,25
1719464403370,2.5,350
1719464403800,2.55,25
1719464404294,2.5,25
1719464404711,2.55,675
1719464405379,2.55,25
1719464405858,2.5,600
1719464406402,2.5,25
1719464406865,2.45,50
1719464407541,2.45,75
1719464407621,2.45,575
1719464408376,2.45,25
1719464409055,2.5,225
1719464409366,2.45,900
1719464410310,2.5,50
1719464410492,2.5,25
1719464410560,2.5,25
1719464411405,2.5,25
1719464411864,2.5,825
1719464412308,2.5,50
1719464413042,2.5,25
1719464413393,2.5,25
1719464414484,2.5,25
1719464414665,2.5,25
1719464415420,2.5,25
1719464415705,2.5,25
1719464416386,2.5,25
1719464416727,2.5,25
1719464417228,2.5,1325
1719464418048,2.55,200
1719464418048,2.55,200
1719464418732,2.5,25
1719464419391,2.45,25
1719464419845,2.45,25
1719464420380,2.45,25
1719464420744,2.45,25
1719464421325,2.45,100
1719464422077,2.5,200
1719464422400,2.5,25
1719464423300,2.45,225
1719464423318,2.5,50
1719464424307,2.45,1125
1719464424404,2.5,100
1719464424635,2.45,50
1719464425371,2.5,625
1719464425762,2.45,25
1719464426400,2.5,25
1719464426692,2.45,25
1719464427383,2.5,25
1719464427819,2.5,750
1719464428116,2.5,375
1719464428902,2.5,200
1719464429408,2.5,225
1719464429869,2.5,200
1719464430292,2.5,75
1719464430911,2.5,50
1719464431407,2.45,25
1719464431919,2.45,200
1719464432350,2.45,25
1719464433104,2.45,25
1719464433400,2.5,25
1719464434328,2.45,25
1719464434328,2.45,25
1719464434694,2.45,25
1719464435423,2.5,250
1719464435914,2.45,175
1719464436420,2.4,550
1719464437083,2.45,125
1719464437240,2.45,25
1719464438027,2.4,75
1719464438310,2.45,150
1719464439122,2.4,50
1719464439357,2.45,600
1719464440001,2.45,25
1719464440376,2.4,75
1719464441100,2.45,25
1719464441401,2.4,75
1719464442081,2.4,50
1719464442415,2.4,375
1719464443400,2.45,25
1719464444085,2.45,50
1719464444085,2.45,50
1719464444600,2.45,25
1719464445152,2.45,100
1719464445152,2.45,100
1719464446663,2.4,400
1719464447410,2.4,1150
1719464447935,2.45,50
1719464448414,2.45,25
1719464449308,2.45,50
1719464450121,2.45,350
1719464450400,2.45,25
1719464451500,2.45,25
1719464453332,2.45,100
1719464453332,2.45,100
1719464453661,2.5,100
1719464466286,2.5,25
1719464466286,2.5,25
1719464467309,2.5,25
1719464468324,2.5,25
1719464468660,2.5,875
1719464469400,2.55,25
1719464470089,2.55,50
1719464470356,2.5,25
1719464470961,2.5,100
1719464471371,2.5,25
1719464471547,2.55,50
1719464472400,2.55,25
1719464473113,2.5,25
1719464473445,2.5,25
1719464474119,2.45,300
1719464474380,2.45,175
1719464475235,2.45,50
1719464475433,2.45,25
1719464476328,2.45,200
1719464476463,2.45,25
1719464476979,2.5,25
1719464477100,2.5,25
1719464477648,2.45,75
1719464478387,2.45,150
1719464478504,2.45,25
1719464479244,2.5,25
1719464493316,2.5,725
1719464493426,2.5,325
1719464508461,2.55,25
1719464509431,2.5,1300
1719464510477,2.5,25
1719464511351,2.5,750
1719464511576,2.55,25
1719464511958,2.5,25
1719464512267,2.55,25
1719464520000,2.55,50
1719464520295,2.55,75
1719464520712,2.55,25
1719464521355,2.5,100
1719464521929,2.5,125
1719464522449,2.5,50
1719464523221,2.55,50
1719464523649,2.5,25
1719464524428,2.5,25
1719464524428,2.5,25
1719464525439,2.55,125
1719464526227,2.5,25
1719464527138,2.5,25
1719464527138,2.5,25
1719464528119,2.5,25
1719464528464,2.5,75
1719464529120,2.55,25
1719464529266,2.5,25
1719464530048,2.55,800
1719464530290,2.5,25
1719464531312,2.5,25
1719464531486,2.5,300
1719464531486,2.5,300
1719464531486,2.5,300
1719464532909,2.55,225
1719464536214,2.55,575
1719464537465,2.5,25
1719464537730,2.55,1000
1719464537730,2.55,1000
1719464539009,2.55,100
1719464539457,2.5,25
1719464540182,2.5,50
1719464540471,2.5,50
1719464541232,2.5,50
1719464541464,2.55,750
1719464542156,2.5,50
1719464542524,2.5,50
1719464543448,2.55,400
1719464543510,2.55,1375
1719464543714,2.55,275
1719464544450,2.55,275
1719464545017,2.55,125
1719464545463,2.55,150
1719464546053,2.5,200
1719464546378,2.5,1325
1719464547102,2.5,25
1719464547464,2.5,25
1719464548039,2.5,525
1719464548404,2.55,1050
1719464548404,2.55,1050
1719464549364,2.5,425
1719464563395,2.55,25
1719464563965,2.55,25
1719464564453,2.55,25
1719464565504,2.6,25
1719464566521,2.6,50
1719464567450,2.6,50
1719464567690,2.6,50
1719464568236,2.6,500
1719464568685,2.6,200
1719464569482,2.55,25
1719464570354,2.55,50
1719464571377,2.6,900
1719464571602,2.6,100
1719464572116,2.6,200
1719464572458,2.55,775
1719464573067,2.6,25
1719464573539,2.6,25
1719464574102,2.55,25
1719464574494,2.55,75
1719464574996,2.55,25
1719464575453,2.55,750
1719464576319,2.6,50
1719464576428,2.6,50
1719464577115,2.6,50
1719464577495,2.55,550
1719464578327,2.6,50
1719464586149,2.6,25
1719464587217,2.6,50
1719464587217,2.6,50
1719464588441,2.6,825
1719464589649,2.65,25
1719464589649,2.65,25
1719464590425,2.6,50
1719464591139,2.7,375
1719464591473,2.7,750
1719464592344,2.75,25
1719464592502,2.75,75
1719464593722,2.8,125
1719464594443,2.8,25
1719464594706,2.8,25
1719464595499,2.7,100
1719464595924,2.75,25
1719464596130,2.75,600
1719464597330,2.75,25
1719464597546,2.75,25
1719464598264,2.75,1225
1719464598383,2.8,25
1719464599326,2.75,900
1719464599735,2.85,50
1719464600317,2.8,100
1719464600317,2.8,100
1719464601358,3.0,325
1719464601721,2.95,250
1719464602706,3.0,25
1719464602906,3.0,175
1719464603463,3.0,100
1719464604564,2.95,75
1719464604728,2.95,25
1719464605489,2.95,75
1719464605727,2.95,25
1719464606510,3.0,250
1719464606778,3.1,150
1719464607702,3.2,25
1719464608355,3.1,100
1719464608703,3.15,100
1719464609501,3.15,25
1719464609966,3.25,1800
1719464610126,3.25,200
1719464610717,3.2,25
1719464611569,3.35,1100
1719464611878,3.4,25
1719464611878,3.4,25
1719464612098,3.6,25
1719464612649,3.7,450
1719464612649,3.7,450
1719464626575,3.45,1775
1719464626724,3.5,25
1719464627405,3.55,100
1719464627507,3.6,1250
