time,price,volume
1719461497223,502.85,25
1719461497223,502.85,25
1719461497223,502.85,25
1719461497223,502.85,25
1719461497223,502.85,25
1719461497223,502.85,25
1719461497223,502.85,25
1719461497223,502.85,25
1719461497223,502.85,25
1719461514172,504.25,25
1719461514172,504.25,25
1719461516497,508.1,25
1719461516497,508.1,25
1719461516497,508.1,25
1719461516497,508.1,25
1719461516497,508.1,25
1719461516497,508.1,25
1719461521853,503.3,25
1719461522489,502.6,25
1719461522489,502.6,25
1719461524422,499.65,50
1719461525916,500.0,25
1719461525916,500.0,25
1719461525916,500.0,25
1719461528858,497.15,25
1719461528858,497.15,25
1719461529448,497.3,25
1719461529448,497.3,25
1719461530603,498.4,25
1719461530603,498.4,25
1719461530603,498.4,25
1719461530603,498.4,25
1719461530603,498.4,25
1719461535862,498.2,25
1719461535862,498.2,25
1719461535862,498.2,25
1719461535862,498.2,25
1719461535862,498.2,25
1719461540956,496.7,25
1719461540956,496.7,25
1719461540956,496.7,25
1719461540956,496.7,25
1719461540956,496.7,25
1719461540956,496.7,25
1719461548629,495.45,50
1719461548629,495.45,50
1719461548629,495.45,50
1719461548629,495.45,50
1719461548629,495.45,50
1719461548629,495.45,50
1719461548629,495.45,50
1719461548629,495.45,50
1719461548629,495.45,50
1719461548629,495.45,50
1719461548629,495.45,50
1719461548629,495.45,50
1719461548629,495.45,50
1719461548629,495.45,50
1719461562544,493.8,25
1719461562544,493.8,25
1719461562544,493.8,25
1719461562544,493.8,25
1719461562544,493.8,25
1719461562544,493.8,25
1719461562544,493.8,25
1719461562544,493.8,25
1719461562544,493.8,25
1719461562544,493.8,25
1719461562544,493.8,25
1719461576600,494.7,25
1719461577245,495.45,25
1719461577245,495.45,25
1719461577245,495.45,25
1719461577245,495.45,25
1719461577245,495.45,25
1719461577245,495.45,25
1719461577245,495.45,25
1719461577245,495.45,25
1719461577245,495.45,25
1719461586351,493.8,25
1719461586351,493.8,25
1719461586351,493.8,25
1719461586351,493.8,25
1719461586351,493.8,25
1719461586351,493.8,25
1719461593882,493.9,75
1719461593882,493.9,75
1719461593882,493.9,75
1719461593882,493.9,75
1719461593882,493.9,75
1719461593882,493.9,75
1719461593882,493.9,75
1719461593882,493.9,75
1719461601551,496.7,25
1719461601551,496.7,25
1719461601551,496.7,25
1719461601551,496.7,25
1719461601551,496.7,25
1719461601551,496.7,25
1719461601551,496.7,25
1719461601551,496.7,25
1719461601551,496.7,25
1719461601551,496.7,25
1719461601551,496.7,25
1719461601551,496.7,25
1719461601551,496.7,25
1719461601551,496.7,25
1719461601551,496.7,25
1719461601551,496.7,25
1719461619358,494.25,25
1719461619358,494.25,25
1719461619358,494.25,25
1719461619358,494.25,25
1719461619358,494.25,25
1719461624498,498.85,50
1719461624498,498.85,50
1719461624498,498.85,50
1719461624498,498.85,50
1719461624498,498.85,50
1719461624498,498.85,50
1719461624498,498.85,50
1719461632392,498.7,25
1719461632827,501.1,50
1719461632827,501.1,50
1719461632827,501.1,50
1719461632827,501.1,50
1719461632827,501.1,50
1719461632827,501.1,50
1719461632827,501.1,50
1719461632827,501.1,50
1719461632827,501.1,50
1719461632827,501.1,50
1719461632827,501.1,50
1719461632827,501.1,50
1719461632827,501.1,50
1719461632827,501.1,50
1719461632827,501.1,50
1719461632827,501.1,50
1719461632827,501.1,50
1719461632827,501.1,50
1719461632827,501.1,50
1719461632827,501.1,50
1719461632827,501.1,50
1719461632827,501.1,50
1719461632827,501.1,50
1719461632827,501.1,50
1719461632827,501.1,50
1719461632827,501.1,50
1719461661030,498.0,25
1719461661030,498.0,25
1719461661030,498.0,25
1719461663770,495.2,25
1719461663770,495.2,25
1719461663770,495.2,25
1719461663770,495.2,25
1719461663770,495.2,25
1719461663770,495.2,25
1719461663770,495.2,25
1719461663770,495.2,25
1719461663770,495.2,25
1719461663770,495.2,25
1719461663770,495.2,25
1719461663770,495.2,25
1719461663770,495.2,25
1719461663770,495.2,25
1719461663770,495.2,25
1719461663770,495.2,25
1719461663770,495.2,25
1719461663770,495.2,25
1719461663770,495.2,25
1719461663770,495.2,25
1719461663770,495.2,25
1719461663770,495.2,25
1719461688466,497.75,25
1719461688466,497.75,25
1719461688466,497.75,25
1719461691553,501.45,25
1719461691553,501.45,25
1719461691553,501.45,25
1719461691553,501.45,25
1719461691553,501.45,25
1719461691553,501.45,25
1719461691553,501.45,25
1719461698876,498.0,25
1719461698876,498.0,25
1719461698876,498.0,25
1719461698876,498.0,25
1719461702416,503.55,25
1719461702416,503.55,25
1719461702416,503.55,25
1719461702416,503.55,25
1719461702416,503.55,25
1719461702416,503.55,25
1719461702416,503.55,25
1719461702416,503.55,25
1719461710154,499.15,25
1719461710154,499.15,25
1719461710670,500.0,25
1719461710670,500.0,25
1719461710670,500.0,25
1719461710670,500.0,25
1719461710670,500.0,25
1719461710670,500.0,25
1719461710670,500.0,25
1719461710670,500.0,25
1719461718000,498.2,25
1719461718000,498.2,25
1719461719671,500.2,75
1719461719671,500.2,75
1719461719671,500.2,75
1719461719671,500.2,75
1719461719671,500.2,75
1719461719671,500.2,75
1719461719671,500.2,75
1719461719671,500.2,75
1719461719671,500.2,75
1719461719671,500.2,75
1719461719671,500.2,75
1719461719671,500.2,75
1719461719671,500.2,75
1719461719671,500.2,75
1719461734085,509.0,25
1719461734457,511.0,25
1719461734457,511.0,25
1719461734457,511.0,25
1719461734457,511.0,25
1719461739200,506.9,25
1719461739200,506.9,25
1719461741476,508.15,25
1719461741476,508.15,25
1719461741476,508.15,25
1719461741476,508.15,25
1719461741476,508.15,25
1719461741476,508.15,25
1719461747257,509.9,25
1719461747257,509.9,25
1719461747257,509.9,25
1719461747257,509.9,25
1719461747257,509.9,25
1719461747257,509.9,25
1719461754139,510.75,25
1719461754139,510.75,25
1719461754139,510.75,25
1719461756184,512.75,25
1719461756184,512.75,25
1719461756184,512.75,25
1719461759883,512.6,25
1719461759883,512.6,25
1719461759883,512.6,25
1719461761544,512.5,50
1719461761544,512.5,50
1719461764249,513.25,50
1719461764249,513.25,50
1719461764249,513.25,50
1719461764249,513.25,50
1719461773340,511.85,25
1719461773340,511.85,25
1719461773340,511.85,25
1719461773340,511.85,25
1719461773340,511.85,25
1719461791845,515.7,25
1719461791845,515.7,25
1719461791845,515.7,25
1719461791845,515.7,25
1719461797996,516.4,25
1719461797996,516.4,25
1719461799883,516.55,25
1719461799883,516.55,25
1719461799883,516.55,25
1719461799883,516.55,25
1719461799883,516.55,25
1719461799883,516.55,25
1719461799883,516.55,25
1719461799883,516.55,25
1719461799883,516.55,25
1719461799883,516.55,25
1719461799883,516.55,25
1719461815989,513.1,25
1719461815989,513.1,25
1719461815989,513.1,25
1719461815989,513.1,25
1719461815989,513.1,25
1719461815989,513.1,25
1719461815989,513.1,25
1719461815989,513.1,25
1719461815989,513.1,25
1719461815989,513.1,25
1719461815989,513.1,25
1719461815989,513.1,25
1719461815989,513.1,25
1719461815989,513.1,25
1719461833334,512.15,25
1719461833334,512.15,25
1719461833334,512.15,25
1719461833334,512.15,25
1719461833334,512.15,25
1719461833334,512.15,25
1719461833334,512.15,25
1719461833334,512.15,25
1719461833334,512.15,25
1719461849663,512.2,25
1719461849663,512.2,25
1719461849663,512.2,25
1719461849663,512.2,25
1719461849663,512.2,25
1719461873768,507.65,25
1719461873768,507.65,25
1719461873768,507.65,25
1719461873768,507.65,25
1719461873768,507.65,25
1719461873768,507.65,25
1719461873768,507.65,25
1719461881855,505.85,25
1719461881855,505.85,25
1719461881855,505.85,25
1719461881855,505.85,25
1719461881855,505.85,25
1719461887748,507.25,25
1719461887748,507.25,25
1719461887748,507.25,25
1719461887748,507.25,25
1719461887748,507.25,25
1719461887748,507.25,25
1719461887748,507.25,25
1719461887748,507.25,25
1719461887748,507.25,25
1719461887748,507.25,25
1719461887748,507.25,25
1719461887748,507.25,25
1719461887748,507.25,25
1719461887748,507.25,25
1719461887748,507.25,25
1719461887748,507.25,25
1719461887748,507.25,25
1719461887748,507.25,25
1719461887748,507.25,25
1719461887748,507.25,25
1719461887748,507.25,25
1719461887748,507.25,25
1719461887748,507.25,25
1719461887748,507.25,25
1719461887748,507.25,25
1719461887748,507.25,25
1719461887748,507.25,25
1719461887748,507.25,25
1719461887748,507.25,25
1719461887748,507.25,25
1719461887748,507.25,25
1719461887748,507.25,25
1719461887748,507.25,25
1719461887748,507.25,25
1719461887748,507.25,25
1719461887748,507.25,25
1719461887748,507.25,25
1719461887748,507.25,25
1719461887748,507.25,25
1719461887748,507.25,25
1719461887748,507.25,25
1719461887748,507.25,25
1719461887748,507.25,25
1719461887748,507.25,25
1719461887748,507.25,25
1719461887748,507.25,25
1719461937243,505.3,25
1719461937243,505.3,25
1719461937243,505.3,25
1719461939554,506.7,25
1719461939554,506.7,25
1719461939554,506.7,25
1719461939554,506.7,25
1719461939554,506.7,25
1719461939554,506.7,25
1719461939554,506.7,25
1719461939554,506.7,25
1719461939554,506.7,25
1719461939554,506.7,25
1719461939554,506.7,25
1719461939554,506.7,25
1719461939554,506.7,25
1719461939554,506.7,25
1719461939554,506.7,25
1719461939554,506.7,25
1719461939554,506.7,25
1719461939554,506.7,25
1719461939554,506.7,25
1719461939554,506.7,25
1719461939554,506.7,25
1719461939554,506.7,25
1719461939554,506.7,25
1719461939554,506.7,25
1719461939554,506.7,25
1719461939554,506.7,25
1719461939554,506.7,25
1719461939554,506.7,25
1719461939554,506.7,25
1719461939554,506.7,25
1719461939554,506.7,25
1719461939554,506.7,25
1719461939554,506.7,25
1719461939554,506.7,25
1719461939554,506.7,25
1719461939554,506.7,25
1719461939554,506.7,25
1719461939554,506.7,25
1719461939554,506.7,25
1719461939554,506.7,25
1719461983215,517.85,25
1719461983215,517.85,25
1719461984773,520.0,25
1719461984773,520.0,25
1719461984773,520.0,25
1719461984773,520.0,25
1719461984773,520.0,25
1719461984773,520.0,25
1719461984773,520.0,25
1719461984773,520.0,25
1719461984773,520.0,25
1719461984773,520.0,25
1719461995814,520.0,25
1719461995814,520.0,25
1719461995814,520.0,25
1719461995814,520.0,25
1719461995814,520.0,25
1719461995814,520.0,25
1719462001746,519.15,25
1719462001746,519.15,25
1719462001746,519.15,25
1719462001746,519.15,25
1719462001746,519.15,25
1719462001746,519.15,25
1719462001746,519.15,25
1719462001746,519.15,25
1719462001746,519.15,25
1719462001746,519.15,25
1719462001746,519.15,25
1719462001746,519.15,25
1719462001746,519.15,25
1719462001746,519.15,25
1719462001746,519.15,25
1719462001746,519.15,25
1719462024621,518.0,50
1719462024621,518.0,50
1719462024621,518.0,50
1719462024621,518.0,50
1719462027390,515.8,25
1719462027390,515.8,25
1719462029008,517.9,25
1719462029008,517.9,25
1719462029008,517.9,25
1719462029008,517.9,25
1719462029008,517.9,25
1719462032556,520.05,25
1719462032556,520.05,25
1719462032556,520.05,25
1719462032556,520.05,25
1719462036163,519.2,100
1719462036163,519.2,100
1719462036163,519.2,100
1719462036163,519.2,100
1719462036163,519.2,100
1719462036163,519.2,100
1719462036163,519.2,100
1719462036163,519.2,100
1719462036163,519.2,100
1719462036163,519.2,100
1719462036163,519.2,100
1719462036163,519.2,100
1719462036163,519.2,100
1719462036163,519.2,100
1719462036163,519.2,100
1719462036163,519.2,100
1719462036163,519.2,100
1719462036163,519.2,100
1719462036163,519.2,100
1719462036163,519.2,100
1719462036163,519.2,100
1719462036163,519.2,100
1719462036163,519.2,100
1719462036163,519.2,100
1719462036163,519.2,100
1719462036163,519.2,100
1719462036163,519.2,100
1719462036163,519.2,100
1719462036163,519.2,100
1719462036163,519.2,100
1719462036163,519.2,100
1719462036163,519.2,100
1719462036163,519.2,100
1719462036163,519.2,100
1719462036163,519.2,100
1719462036163,519.2,100
1719462036163,519.2,100
1719462036163,519.2,100
1719462036163,519.2,100
1719462036163,519.2,100
1719462036163,519.2,100
1719462036163,519.2,100
1719462036163,519.2,100
1719462036163,519.2,100
1719462036163,519.2,100
1719462036163,519.2,100
1719462036163,519.2,100
1719462036163,519.2,100
1719462036163,519.2,100
1719462036163,519.2,100
1719462036163,519.2,100
1719462036163,519.2,100
1719462036163,519.2,100
1719462036163,519.2,100
1719462036163,519.2,100
1719462036163,519.2,100
1719462036163,519.2,100
1719462036163,519.2,100
1719462110516,516.8,25
1719462110516,516.8,25
1719462110516,516.8,25
1719462113178,518.2,25
1719462113178,518.2,25
1719462113178,518.2,25
1719462113178,518.2,25
1719462113178,518.2,25
1719462113178,518.2,25
1719462113178,518.2,25
1719462113178,518.2,25
1719462113178,518.2,25
1719462113178,518.2,25
1719462113178,518.2,25
1719462113178,518.2,25
1719462113178,518.2,25
1719462113178,518.2,25
1719462113178,518.2,25
1719462113178,518.2,25
1719462113178,518.2,25
1719462113178,518.2,25
1719462113178,518.2,25
1719462113178,518.2,25
1719462137220,511.5,25
1719462137220,511.5,25
1719462137220,511.5,25
1719462140180,511.05,50
1719462140180,511.05,50
1719462140180,511.05,50
1719462140180,511.05,50
1719462140180,511.05,50
1719462140180,511.05,50
1719462140180,511.05,50
1719462140180,511.05,50
1719462140180,511.05,50
1719462140180,511.05,50
1719462140180,511.05,50
1719462140180,511.05,50
1719462140180,511.05,50
1719462140180,511.05,50
1719462140180,511.05,50
1719462140180,511.05,50
1719462140180,511.05,50
1719462140180,511.05,50
1719462140180,511.05,50
1719462159675,511.05,25
1719462159675,511.05,25
1719462159675,511.05,25
1719462159675,511.05,25
1719462159675,511.05,25
1719462159675,511.05,25
1719462159675,511.05,25
1719462159675,511.05,25
1719462159675,511.05,25
1719462159675,511.05,25
1719462159675,511.05,25
1719462159675,511.05,25
1719462174097,511.0,25
1719462174097,511.0,25
1719462174097,511.0,25
1719462176309,511.3,25
1719462177026,510.3,25
1719462177026,510.3,25
1719462178147,508.3,150
1719462178147,508.3,150
1719462178147,508.3,150
1719462178147,508.3,150
1719462178147,508.3,150
1719462178147,508.3,150
1719462183042,507.75,50
1719462183042,507.75,50
1719462184811,508.4,25
1719462184811,508.4,25
1719462184811,508.4,25
1719462187033,506.7,25
1719462187033,506.7,25
1719462187033,506.7,25
1719462187033,506.7,25
1719462187033,506.7,25
1719462187033,506.7,25
1719462187033,506.7,25
1719462187033,506.7,25
1719462187033,506.7,25
1719462187033,506.7,25
1719462187033,506.7,25
1719462187033,506.7,25
1719462187033,506.7,25
1719462187033,506.7,25
1719462187033,506.7,25
1719462201809,508.8,25
1719462201809,508.8,25
1719462203155,509.4,25
1719462203451,508.45,25
1719462203451,508.45,25
1719462203451,508.45,25
1719462203451,508.45,25
1719462203451,508.45,25
1719462208630,510.0,25
1719462208630,510.0,25
1719462208630,510.0,25
1719462208630,510.0,25
1719462208630,510.0,25
1719462208630,510.0,25
1719462214440,509.55,25
1719462214440,509.55,25
1719462214440,509.55,25
1719462214440,509.55,25
1719462214440,509.55,25
1719462214440,509.55,25
1719462214440,509.55,25
1719462214440,509.55,25
1719462214440,509.55,25
1719462214440,509.55,25
1719462214440,509.55,25
1719462214440,509.55,25
1719462214440,509.55,25
1719462214440,509.55,25
1719462214440,509.55,25
1719462214440,509.55,25
1719462214440,509.55,25
1719462214440,509.55,25
1719462214440,509.55,25
1719462214440,509.55,25
1719462214440,509.55,25
1719462214440,509.55,25
1719462214440,509.55,25
1719462214440,509.55,25
1719462214440,509.55,25
1719462214440,509.55,25
1719462214440,509.55,25
1719462214440,509.55,25
1719462214440,509.55,25
1719462214440,509.55,25
1719462214440,509.55,25
1719462214440,509.55,25
1719462214440,509.55,25
1719462214440,509.55,25
1719462214440,509.55,25
1719462214440,509.55,25
1719462214440,509.55,25
1719462214440,509.55,25
1719462214440,509.55,25
1719462214440,509.55,25
1719462214440,509.55,25
1719462214440,509.55,25
1719462214440,509.55,25
1719462214440,509.55,25
1719462214440,509.55,25
1719462214440,509.55,25
1719462214440,509.55,25
1719462214440,509.55,25
1719462214440,509.55,25
1719462214440,509.55,25
1719462270836,511.2,25
1719462270836,511.2,25
1719462270836,511.2,25
1719462270836,511.2,25
1719462270836,511.2,25
1719462270836,511.2,25
1719462270836,511.2,25
1719462270836,511.2,25
1719462270836,511.2,25
1719462270836,511.2,25
1719462270836,511.2,25
1719462282626,515.65,25
1719462282626,515.65,25
1719462282626,515.65,25
1719462282626,515.65,25
1719462282626,515.65,25
1719462282626,515.65,25
1719462282626,515.65,25
1719462290971,518.2,25
1719462290971,518.2,25
1719462291856,517.65,25
1719462291856,517.65,25
1719462291856,517.65,25
1719462291856,517.65,25
1719462291856,517.65,25
1719462291856,517.65,25
1719462291856,517.65,25
1719462291856,517.65,25
1719462291856,517.65,25
1719462291856,517.65,25
1719462291856,517.65,25
1719462291856,517.65,25
1719462291856,517.65,25
1719462291856,517.65,25
1719462291856,517.65,25
1719462309584,516.95,25
1719462309584,516.95,25
1719462309584,516.95,25
1719462312037,519.3,25
1719462312037,519.3,25
1719462328230,523.25,25
1719462328230,523.25,25
1719462328230,523.25,25
1719462328230,523.25,25
1719462328230,523.25,25
1719462328230,523.25,25
1719462334585,522.3,25
1719462334585,522.3,25
1719462334585,522.3,25
1719462334585,522.3,25
1719462339061,521.35,25
1719462339061,521.35,25
1719462339061,521.35,25
1719462339061,521.35,25
1719462348076,521.65,25
1719462348076,521.65,25
1719462348076,521.65,25
1719462348076,521.65,25
1719462353310,520.9,25
1719462353310,520.9,25
1719462353310,520.9,25
1719462353310,520.9,25
1719462353310,520.9,25
1719462353310,520.9,25
1719462353310,520.9,25
1719462353310,520.9,25
1719462361114,519.3,25
1719462361114,519.3,25
1719462361114,519.3,25
1719462361114,519.3,25
1719462361114,519.3,25
1719462361114,519.3,25
1719462361114,519.3,25
1719462361114,519.3,25
1719462361114,519.3,25
1719462361114,519.3,25
1719462361114,519.3,25
1719462361114,519.3,25
1719462361114,519.3,25
1719462400897,534.4,25
1719462400897,534.4,25
1719462400897,534.4,25
1719462408385,535.0,25
1719462408385,535.0,25
1719462408385,535.0,25
1719462408385,535.0,25
1719462408385,535.0,25
1719462408385,535.0,25
1719462408385,535.0,25
1719462408385,535.0,25
1719462419018,542.95,25
1719462419790,541.85,25
1719462420133,544.9,75
1719462420133,544.9,75
1719462421912,551.85,25
1719462421912,551.85,25
1719462423566,552.15,25
1719462423566,552.15,25
1719462423566,552.15,25
1719462427578,547.25,25
1719462428021,546.35,25
1719462428021,546.35,25
1719462428021,546.35,25
1719462431231,548.1,25
1719462431231,548.1,25
1719462431231,548.1,25
1719462431231,548.1,25
1719462431231,548.1,25
1719462435817,550.75,25
1719462435817,550.75,25
1719462435817,550.75,25
1719462438101,551.25,25
1719462438101,551.25,25
1719462438101,551.25,25
1719462440188,547.75,25
1719462440188,547.75,25
1719462440188,547.75,25
1719462440188,547.75,25
1719462440188,547.75,25
1719462440188,547.75,25
1719462440188,547.75,25
1719462440188,547.75,25
1719462440188,547.75,25
1719462440188,547.75,25
1719462440188,547.75,25
1719462440188,547.75,25
1719462440188,547.75,25
1719462440188,547.75,25
1719462440188,547.75,25
1719462440188,547.75,25
1719462459302,548.25,25
1719462460062,550.8,25
1719462460062,550.8,25
1719462460062,550.8,25
1719462460062,550.8,25
1719462462911,553.25,25
1719462462911,553.25,25
1719462462911,553.25,25
1719462467314,559.3,25
1719462467314,559.3,25
1719462467314,559.3,25
1719462470419,562.2,25
1719462470419,562.2,25
1719462470419,562.2,25
1719462470419,562.2,25
1719462474481,563.8,25
1719462474481,563.8,25
1719462474481,563.8,25
1719462474481,563.8,25
1719462474481,563.8,25
1719462474481,563.8,25
1719462474481,563.8,25
1719462474481,563.8,25
1719462484875,570.7,25
1719462487847,570.0,50
1719462488707,569.75,25
1719462488707,569.75,25
1719462488707,569.75,25
1719462488707,569.75,25
1719462488707,569.75,25
1719462493077,570.65,25
1719462493077,570.65,25
1719462493077,570.65,25
1719462493077,570.65,25
1719462493077,570.65,25
1719462499608,565.4,25
1719462499608,565.4,25
1719462499608,565.4,25
1719462499608,565.4,25
1719462509264,570.0,25
1719462509264,570.0,25
1719462511101,570.0,25
1719462511101,570.0,25
1719462511101,570.0,25
1719462514487,574.2,25
1719462514487,574.2,25
1719462514487,574.2,25
1719462514487,574.2,25
1719462520359,572.9,75
1719462520359,572.9,75
1719462520359,572.9,75
1719462520359,572.9,75
1719462520359,572.9,75
1719462520359,572.9,75
1719462520359,572.9,75
1719462520359,572.9,75
1719462520359,572.9,75
1719462520359,572.9,75
1719462545131,571.15,25
1719462545951,569.1,25
1719462545951,569.1,25
1719462545951,569.1,25
1719462548432,569.4,25
1719462548432,569.4,25
1719462548432,569.4,25
1719462548432,569.4,25
1719462555121,572.85,25
1719462555121,572.85,25
1719462555121,572.85,25
1719462555121,572.85,25
1719462555121,572.85,25
1719462555121,572.85,25
1719462555121,572.85,25
1719462555121,572.85,25
1719462601350,580.0,25
1719462601350,580.0,25
1719462605641,576.35,25
1719462605641,576.35,25
1719462605641,576.35,25
1719462608532,575.7,25
1719462608532,575.7,25
1719462608532,575.7,25
1719462608532,575.7,25
1719462608532,575.7,25
1719462613784,575.8,75
1719462614066,574.3,100
1719462614066,574.3,100
1719462614066,574.3,100
1719462618325,573.7,25
1719462618325,573.7,25
1719462618325,573.7,25
1719462618325,573.7,25
1719462618325,573.7,25
1719462623140,570.4,25
1719462623140,570.4,25
1719462624711,571.35,25
1719462624711,571.35,25
1719462624711,571.35,25
1719462647521,577.5,25
1719462647521,577.5,25
1719462661223,585.85,25
1719462661223,585.85,25
1719462661223,585.85,25
1719462661223,585.85,25
1719462661223,585.85,25
1719462661223,585.85,25
1719462661223,585.85,25
1719462661223,585.85,25
1719462661223,585.85,25
1719462661223,585.85,25
1719462661223,585.85,25
1719462673637,588.2,50
1719462673637,588.2,50
1719462673637,588.2,50
1719462673637,588.2,50
1719462673637,588.2,50
1719462673637,588.2,50
1719462673637,588.2,50
1719462673637,588.2,50
1719462681140,589.0,25
1719462681140,589.0,25
1719462681140,589.0,25
1719462681140,589.0,25
1719462681140,589.0,25
1719462681140,589.0,25
1719462681140,589.0,25
1719462681140,589.0,25
1719462681140,589.0,25
1719462681140,589.0,25
1719462681140,589.0,25
1719462694129,587.5,25
1719462694129,587.5,25
1719462694129,587.5,25
1719462694129,587.5,25
1719462694129,587.5,25
1719462694129,587.5,25
1719462694129,587.5,25
1719462735982,601.95,25
1719462735982,601.95,25
1719462735982,601.95,25
1719462735982,601.95,25
1719462735982,601.95,25
1719462735982,601.95,25
1719462735982,601.95,25
1719462735982,601.95,25
1719462748154,598.85,75
1719462748154,598.85,75
1719462749512,599.65,25
1719462749512,599.65,25
1719462751443,599.7,25
1719462751443,599.7,25
1719462752029,599.15,25
1719462752029,599.15,25
1719462752029,599.15,25
1719462752029,599.15,25
1719462752029,599.15,25
1719462752029,599.15,25
1719462752029,599.15,25
1719462760942,601.75,25
1719462760942,601.75,25
1719462760942,601.75,25
1719462771734,606.8,25
1719462771734,606.8,25
1719462771734,606.8,25
1719462771734,606.8,25
1719462771734,606.8,25
1719462771734,606.8,25
1719462771734,606.8,25
1719462771734,606.8,25
1719462771734,606.8,25
1719462771734,606.8,25
1719462771734,606.8,25
1719462771734,606.8,25
1719462771734,606.8,25
1719462771734,606.8,25
1719462790068,615.15,25
1719462790725,615.3,25
1719462790725,615.3,25
1719462790725,615.3,25
1719462790725,615.3,25
1719462795767,614.4,25
1719462796352,614.25,25
1719462796352,614.25,25
1719462796352,614.25,25
1719462796352,614.25,25
1719462799523,612.7,25
1719462799523,612.7,25
1719462799523,612.7,25
1719462799523,612.7,25
1719462799523,612.7,25
1719462799523,612.7,25
1719462799523,612.7,25
1719462799523,612.7,25
1719462799523,612.7,25
1719462799523,612.7,25
1719462812510,606.8,25
1719462813449,608.6,25
1719462813449,608.6,25
1719462813449,608.6,25
1719462813449,608.6,25
1719462813449,608.6,25
1719462813449,608.6,25
1719462820713,604.45,25
1719462820713,604.45,25
1719462822094,601.35,25
1719462822094,601.35,25
1719462822094,601.35,25
1719462822094,601.35,25
1719462822094,601.35,25
1719462829456,602.85,25
1719462829456,602.85,25
1719462829456,602.85,25
1719462829456,602.85,25
1719462829456,602.85,25
1719462829456,602.85,25
1719462829456,602.85,25
1719462829456,602.85,25
1719462829456,602.85,25
1719462829456,602.85,25
1719462829456,602.85,25
1719462841485,608.5,25
1719462841485,608.5,25
1719462841485,608.5,25
1719462841485,608.5,25
1719462845945,608.85,25
1719462845945,608.85,25
1719462845945,608.85,25
1719462845945,608.85,25
1719462845945,608.85,25
1719462851731,607.9,25
1719462851731,607.9,25
1719462851731,607.9,25
1719462851731,607.9,25
1719462851731,607.9,25
1719462857119,604.5,25
1719462857119,604.5,25
1719462857119,604.5,25
1719462857119,604.5,25
1719462857119,604.5,25
1719462857119,604.5,25
1719462857119,604.5,25
1719462864907,608.8,25
1719462864907,608.8,25
1719462864907,608.8,25
1719462864907,608.8,25
1719462864907,608.8,25
1719462870536,607.2,25
1719462870536,607.2,25
1719462870536,607.2,25
1719462870536,607.2,25
1719462870536,607.2,25
1719462870536,607.2,25
1719462870536,607.2,25
1719462870536,607.2,25
1719462870536,607.2,25
1719462870536,607.2,25
1719462870536,607.2,25
1719462870536,607.2,25
1719462870536,607.2,25
1719462870536,607.2,25
1719462870536,607.2,25
1719462870536,607.2,25
1719462870536,607.2,25
1719462870536,607.2,25
1719462870536,607.2,25
1719462870536,607.2,25
1719462870536,607.2,25
1719462870536,607.2,25
1719462895190,610.55,25
1719462895190,610.55,25
1719462896451,610.9,25
1719462896451,610.9,25
1719462896451,610.9,25
1719462896451,610.9,25
1719462896451,610.9,25
1719462896451,610.9,25
1719462896451,610.9,25
1719462896451,610.9,25
1719462905766,609.2,25
1719462905766,609.2,25
1719462905766,609.2,25
1719462905766,609.2,25
1719462905766,609.2,25
1719462911015,610.9,25
1719462911015,610.9,25
1719462911015,610.9,25
1719462911015,610.9,25
1719462911015,610.9,25
1719462911015,610.9,25
1719462911015,610.9,25
1719462911015,610.9,25
1719462911015,610.9,25
1719462911015,610.9,25
1719462911015,610.9,25
1719462911015,610.9,25
1719462911015,610.9,25
1719462911015,610.9,25
1719462911015,610.9,25
1719462911015,610.9,25
1719462911015,610.9,25
1719462911015,610.9,25
1719462911015,610.9,25
1719462911015,610.9,25
1719462911015,610.9,25
1719462911015,610.9,25
1719462911015,610.9,25
1719462911015,610.9,25
1719462911015,610.9,25
1719462911015,610.9,25
1719462942377,620.0,25
1719462942377,620.0,25
1719462942377,620.0,25
1719462944187,622.85,25
1719462944187,622.85,25
1719462944187,622.85,25
1719462944187,622.85,25
1719462944187,622.85,25
1719462944187,622.85,25
1719462944187,622.85,25
1719462944187,622.85,25
1719462944187,622.85,25
1719462944187,622.85,25
1719462944187,622.85,25
1719462944187,622.85,25
1719462944187,622.85,25
1719462944187,622.85,25
1719462944187,622.85,25
1719462944187,622.85,25
1719462944187,622.85,25
1719462944187,622.85,25
1719462944187,622.85,25
1719462944187,622.85,25
1719462944187,622.85,25
1719462944187,622.85,25
1719462944187,622.85,25
1719462944187,622.85,25
1719462944187,622.85,25
1719462944187,622.85,25
1719462944187,622.85,25
1719462944187,622.85,25
1719462944187,622.85,25
1719462944187,622.85,25
1719462944187,622.85,25
1719462944187,622.85,25
1719462944187,622.85,25
1719462944187,622.85,25
1719462944187,622.85,25
1719462944187,622.85,25
1719462944187,622.85,25
1719462944187,622.85,25
1719462944187,622.85,25
1719462944187,622.85,25
1719462944187,622.85,25
1719462944187,622.85,25
1719462944187,622.85,25
1719462944187,622.85,25
1719462995645,610.85,50
1719462995645,610.85,50
1719462995645,610.85,50
1719462995645,610.85,50
1719462995645,610.85,50
1719462998942,613.45,25
1719462998942,613.45,25
1719462998942,613.45,25
1719462998942,613.45,25
1719463003623,611.95,25
1719463003623,611.95,25
1719463019478,618.0,25
1719463019478,618.0,25
1719463019478,618.0,25
1719463019478,618.0,25
1719463019478,618.0,25
1719463019478,618.0,25
1719463019478,618.0,25
1719463019478,618.0,25
1719463028046,622.0,25
1719463028046,622.0,25
1719463028778,622.85,25
1719463028778,622.85,25
1719463030619,625.0,50
1719463030619,625.0,50
1719463031358,627.85,25
1719463031358,627.85,25
1719463031358,627.85,25
1719463031358,627.85,25
1719463031358,627.85,25
1719463031358,627.85,25
1719463031358,627.85,25
1719463039034,616.45,25
1719463039034,616.45,25
1719463039034,616.45,25
1719463039034,616.45,25
1719463045368,618.2,25
1719463045368,618.2,25
1719463045368,618.2,25
1719463045368,618.2,25
1719463045368,618.2,25
1719463045368,618.2,25
1719463045368,618.2,25
1719463045368,618.2,25
1719463045368,618.2,25
1719463045368,618.2,25
1719463045368,618.2,25
1719463045368,618.2,25
1719463045368,618.2,25
1719463045368,618.2,25
1719463045368,618.2,25
1719463045368,618.2,25
1719463045368,618.2,25
1719463045368,618.2,25
1719463045368,618.2,25
1719463045368,618.2,25
1719463045368,618.2,25
1719463072278,613.45,25
1719463072278,613.45,25
1719463072278,613.45,25
1719463072278,613.45,25
1719463072278,613.45,25
1719463072278,613.45,25
1719463072278,613.45,25
1719463072278,613.45,25
1719463072278,613.45,25
1719463072278,613.45,25
1719463072278,613.45,25
1719463072278,613.45,25
1719463072278,613.45,25
1719463072278,613.45,25
1719463072278,613.45,25
1719463072278,613.45,25
1719463072278,613.45,25
1719463072278,613.45,25
1719463072278,613.45,25
1719463072278,613.45,25
1719463072278,613.45,25
1719463072278,613.45,25
1719463072278,613.45,25
1719463072278,613.45,25
1719463072278,613.45,25
1719463072278,613.45,25
1719463072278,613.45,25
1719463102275,616.0,25
1719463102275,616.0,25
1719463102275,616.0,25
1719463102275,616.0,25
1719463102275,616.0,25
1719463102275,616.0,25
1719463102275,616.0,25
1719463102275,616.0,25
1719463102275,616.0,25
1719463102275,616.0,25
1719463102275,616.0,25
1719463102275,616.0,25
1719463102275,616.0,25
1719463102275,616.0,25
1719463102275,616.0,25
1719463102275,616.0,25
1719463102275,616.0,25
1719463102275,616.0,25
1719463102275,616.0,25
1719463121457,619.05,25
1719463121457,619.05,25
1719463121457,619.05,25
1719463121457,619.05,25
1719463121457,619.05,25
1719463121457,619.05,25
1719463127130,623.75,25
1719463127169,624.95,100
1719463127169,624.95,100
1719463127169,624.95,100
1719463127169,624.95,100
1719463127169,624.95,100
1719463127169,624.95,100
1719463127169,624.95,100
1719463127169,624.95,100
1719463127169,624.95,100
1719463127169,624.95,100
1719463127169,624.95,100
1719463127169,624.95,100
1719463127169,624.95,100
1719463127169,624.95,100
1719463127169,624.95,100
1719463142389,622.45,25
1719463142389,622.45,25
1719463142389,622.45,25
1719463145259,619.0,25
1719463145259,619.0,25
1719463145259,619.0,25
1719463146997,621.6,25
1719463146997,621.6,25
1719463146997,621.6,25
1719463146997,621.6,25
1719463146997,621.6,25
1719463146997,621.6,25
1719463146997,621.6,25
1719463146997,621.6,25
1719463146997,621.6,25
1719463146997,621.6,25
1719463146997,621.6,25
1719463146997,621.6,25
1719463146997,621.6,25
1719463146997,621.6,25
1719463146997,621.6,25
1719463146997,621.6,25
1719463146997,621.6,25
1719463146997,621.6,25
1719463146997,621.6,25
1719463146997,621.6,25
1719463146997,621.6,25
1719463146997,621.6,25
1719463146997,621.6,25
1719463146997,621.6,25
1719463146997,621.6,25
1719463146997,621.6,25
1719463172916,618.75,125
1719463172916,618.75,125
1719463172916,618.75,125
1719463172916,618.75,125
1719463172916,618.75,125
1719463172916,618.75,125
1719463172916,618.75,125
1719463172916,618.75,125
1719463172916,618.75,125
1719463172916,618.75,125
1719463182408,621.0,125
1719463182408,621.0,125
1719463182408,621.0,125
1719463182408,621.0,125
1719463182408,621.0,125
1719463182408,621.0,125
1719463182408,621.0,125
1719463182408,621.0,125
1719463189203,617.45,25
1719463189203,617.45,25
1719463189203,617.45,25
1719463189203,617.45,25
1719463189203,617.45,25
1719463189203,617.45,25
1719463189203,617.45,25
1719463189203,617.45,25
1719463189203,617.45,25
1719463189203,617.45,25
1719463189203,617.45,25
1719463189203,617.45,25
1719463189203,617.45,25
1719463189203,617.45,25
1719463189203,617.45,25
1719463203419,617.2,25
1719463203419,617.2,25
1719463203419,617.2,25
1719463203419,617.2,25
1719463203419,617.2,25
1719463207643,619.15,25
1719463207643,619.15,25
1719463207643,619.15,25
1719463207643,619.15,25
1719463207643,619.15,25
1719463207643,619.15,25
1719463207643,619.15,25
1719463207643,619.15,25
1719463207643,619.15,25
1719463207643,619.15,25
1719463207643,619.15,25
1719463207643,619.15,25
1719463207643,619.15,25
1719463207643,619.15,25
1719463207643,619.15,25
1719463207643,619.15,25
1719463207643,619.15,25
1719463207643,619.15,25
1719463225329,623.2,25
1719463225725,621.85,50
1719463225725,621.85,50
1719463225725,621.85,50
1719463227437,625.0,25
1719463227437,625.0,25
1719463227437,625.0,25
1719463227437,625.0,25
1719463231068,621.2,25
1719463231068,621.2,25
1719463232126,623.15,25
1719463232126,623.15,25
1719463232126,623.15,25
1719463232126,623.15,25
1719463232126,623.15,25
1719463250896,619.6,75
1719463250896,619.6,75
1719463250896,619.6,75
1719463250896,619.6,75
1719463250896,619.6,75
1719463250896,619.6,75
1719463250896,619.6,75
1719463250896,619.6,75
1719463250896,619.6,75
1719463250896,619.6,75
1719463250896,619.6,75
1719463250896,619.6,75
1719463250896,619.6,75
1719463276730,630.0,25
1719463276730,630.0,25
1719463276730,630.0,25
1719463276730,630.0,25
1719463276730,630.0,25
1719463276730,630.0,25
1719463288838,623.1,25
1719463288838,623.1,25
1719463288838,623.1,25
1719463288838,623.1,25
1719463288838,623.1,25
1719463288838,623.1,25
1719463288838,623.1,25
1719463288838,623.1,25
1719463288838,623.1,25
1719463288838,623.1,25
1719463288838,623.1,25
1719463288838,623.1,25
1719463288838,623.1,25
1719463288838,623.1,25
1719463288838,623.1,25
1719463288838,623.1,25
1719463288838,623.1,25
1719463288838,623.1,25
1719463288838,623.1,25
1719463288838,623.1,25
1719463288838,623.1,25
1719463288838,623.1,25
1719463288838,623.1,25
1719463288838,623.1,25
1719463288838,623.1,25
1719463288838,623.1,25
1719463288838,623.1,25
1719463288838,623.1,25
1719463288838,623.1,25
1719463350623,624.5,25
1719463350623,624.5,25
1719463350623,624.5,25
1719463350623,624.5,25
1719463350623,624.5,25
1719463350623,624.5,25
1719463365460,628.5,25
1719463365460,628.5,25
1719463365460,628.5,25
1719463365460,628.5,25
1719463365460,628.5,25
1719463365460,628.5,25
1719463370567,628.8,25
1719463370567,628.8,25
1719463370567,628.8,25
1719463372448,628.2,25
1719463372448,628.2,25
1719463372448,628.2,25
1719463375055,629.05,25
1719463375055,629.05,25
1719463375055,629.05,25
1719463375055,629.05,25
1719463375055,629.05,25
1719463375055,629.05,25
1719463375055,629.05,25
1719463375055,629.05,25
1719463375055,629.05,25
1719463375055,629.05,25
1719463375055,629.05,25
1719463375055,629.05,25
1719463375055,629.05,25
1719463375055,629.05,25
1719463375055,629.05,25
1719463375055,629.05,25
1719463375055,629.05,25
1719463375055,629.05,25
1719463375055,629.05,25
1719463375055,629.05,25
1719463375055,629.05,25
1719463375055,629.05,25
1719463404290,620.45,25
1719463404290,620.45,25
1719463404290,620.45,25
1719463404290,620.45,25
1719463408373,618.25,75
1719463408373,618.25,75
1719463408373,618.25,75
1719463408373,618.25,75
1719463408373,618.25,75
1719463408373,618.25,75
1719463408373,618.25,75
1719463416303,616.05,25
1719463416303,616.05,25
1719463416303,616.05,25
1719463416303,616.05,25
1719463416303,616.05,25
1719463416303,616.05,25
1719463416303,616.05,25
1719463423394,612.6,25
1719463423394,612.6,25
1719463423394,612.6,25
1719463423394,612.6,25
1719463423394,612.6,25
1719463423394,612.6,25
1719463423394,612.6,25
1719463423394,612.6,25
1719463423394,612.6,25
1719463423394,612.6,25
1719463423394,612.6,25
1719463423394,612.6,25
1719463423394,612.6,25
1719463423394,612.6,25
1719463423394,612.6,25
1719463423394,612.6,25
1719463423394,612.6,25
1719463423394,612.6,25
1719463466534,607.25,25
1719463466534,607.25,25
1719463466534,607.25,25
1719463466534,607.25,25
1719463470263,612.55,25
1719463470572,613.7,25
1719463470572,613.7,25
1719463470572,613.7,25
1719463470572,613.7,25
1719463470572,613.7,25
1719463470572,613.7,25
1719463470572,613.7,25
1719463470572,613.7,25
1719463470572,613.7,25
1719463470572,613.7,25
1719463470572,613.7,25
1719463470572,613.7,25
1719463470572,613.7,25
1719463470572,613.7,25
1719463470572,613.7,25
1719463470572,613.7,25
1719463470572,613.7,25
1719463470572,613.7,25
1719463470572,613.7,25
1719463470572,613.7,25
1719463470572,613.7,25
1719463470572,613.7,25
1719463497670,606.15,25
1719463497838,607.55,25
1719463497838,607.55,25
1719463497838,607.55,25
1719463497838,607.55,25
1719463497838,607.55,25
1719463497838,607.55,25
1719463497838,607.55,25
1719463497838,607.55,25
1719463507257,604.6,25
1719463507257,604.6,25
1719463507257,604.6,25
1719463507257,604.6,25
1719463511676,603.35,25
1719463511676,603.35,25
1719463511676,603.35,25
1719463511676,603.35,25
1719463511676,603.35,25
1719463511676,603.35,25
1719463511676,603.35,25
1719463511676,603.35,25
1719463511676,603.35,25
1719463511676,603.35,25
1719463511676,603.35,25
1719463526233,607.95,50
1719463526233,607.95,50
1719463526233,607.95,50
1719463526233,607.95,50
1719463526233,607.95,50
1719463526233,607.95,50
1719463526233,607.95,50
1719463526233,607.95,50
1719463526233,607.95,50
1719463526233,607.95,50
1719463526233,607.95,50
1719463526233,607.95,50
1719463526233,607.95,50
1719463526233,607.95,50
1719463526233,607.95,50
1719463526233,607.95,50
1719463526233,607.95,50
1719463526233,607.95,50
1719463526233,607.95,50
1719463526233,607.95,50
1719463555360,613.1,25
1719463555360,613.1,25
1719463555360,613.1,25
1719463555360,613.1,25
1719463555360,613.1,25
1719463555360,613.1,25
1719463555360,613.1,25
1719463555360,613.1,25
1719463555360,613.1,25
1719463555360,613.1,25
1719463564995,610.45,25
1719463564995,610.45,25
1719463564995,610.45,25
1719463564995,610.45,25
1719463564995,610.45,25
1719463564995,610.45,25
1719463564995,610.45,25
1719463572848,608.95,75
1719463572848,608.95,75
1719463572848,608.95,75
1719463576710,606.2,25
1719463576710,606.2,25
1719463576710,606.2,25
1719463576710,606.2,25
1719463580976,604.95,125
1719463580976,604.95,125
1719463580976,604.95,125
1719463580976,604.95,125
1719463580976,604.95,125
1719463580976,604.95,125
1719463580976,604.95,125
1719463580976,604.95,125
1719463580976,604.95,125
1719463580976,604.95,125
1719463580976,604.95,125
1719463593709,605.85,25
1719463593709,605.85,25
1719463596560,604.65,25
1719463597658,603.35,25
1719463597658,603.35,25
1719463597658,603.35,25
1719463597658,603.35,25
1719463597658,603.35,25
1719463597658,603.35,25
1719463597658,603.35,25
1719463597658,603.35,25
1719463597658,603.35,25
1719463597658,603.35,25
1719463597658,603.35,25
1719463597658,603.35,25
1719463597658,603.35,25
1719463597658,603.35,25
1719463597658,603.35,25
1719463597658,603.35,25
1719463597658,603.35,25
1719463597658,603.35,25
1719463597658,603.35,25
1719463597658,603.35,25
1719463597658,603.35,25
1719463597658,603.35,25
1719463597658,603.35,25
1719463597658,603.35,25
1719463597658,603.35,25
1719463597658,603.35,25
1719463597658,603.35,25
1719463597658,603.35,25
1719463597658,603.35,25
1719463597658,603.35,25
1719463666824,603.95,25
1719463666824,603.95,25
1719463666824,603.95,25
1719463666824,603.95,25
1719463666824,603.95,25
1719463666824,603.95,25
1719463666824,603.95,25
1719463683134,605.2,25
1719463717387,610.6,25
1719463717387,610.6,25
1719463717387,610.6,25
1719463717387,610.6,25
1719463765490,614.2,25
1719463765490,614.2,25
1719463765490,614.2,25
1719463765490,614.2,25
1719463765490,614.2,25
1719463765490,614.2,25
1719463765490,614.2,25
1719463765490,614.2,25
1719463765490,614.2,25
1719463765490,614.2,25
1719463765490,614.2,25
1719463784906,616.1,75
1719463784906,616.1,75
1719463784906,616.1,75
1719463784906,616.1,75
1719463784906,616.1,75
1719463784906,616.1,75
1719463784906,616.1,75
1719463784906,616.1,75
1719463784906,616.1,75
1719463784906,616.1,75
1719463784906,616.1,75
1719463784906,616.1,75
1719463784906,616.1,75
1719463784906,616.1,75
1719463784906,616.1,75
1719463784906,616.1,75
1719463784906,616.1,75
1719463784906,616.1,75
1719463784906,616.1,75
1719463784906,616.1,75
1719463784906,616.1,75
1719463808359,615.75,25
1719463808359,615.75,25
1719463808359,615.75,25
1719463808359,615.75,25
1719463808359,615.75,25
1719463808359,615.75,25
1719463808359,615.75,25
1719463808359,615.75,25
1719463808359,615.75,25
1719463808359,615.75,25
1719463808359,615.75,25
1719463808359,615.75,25
1719463808359,615.75,25
1719463827714,617.05,25
1719463827714,617.05,25
1719463829888,615.7,50
1719463829888,615.7,50
1719463829888,615.7,50
1719463829888,615.7,50
1719463829888,615.7,50
1719463829888,615.7,50
1719463829888,615.7,50
1719463829888,615.7,50
1719463829888,615.7,50
1719463829888,615.7,50
1719463829888,615.7,50
1719463829888,615.7,50
1719463829888,615.7,50
1719463829888,615.7,50
1719463829888,615.7,50
1719463829888,615.7,50
1719463829888,615.7,50
1719463829888,615.7,50
1719463829888,615.7,50
1719463829888,615.7,50
1719463829888,615.7,50
1719463829888,615.7,50
1719463829888,615.7,50
1719463829888,615.7,50
1719463829888,615.7,50
1719463829888,615.7,50
1719463829888,615.7,50
1719463829888,615.7,50
1719463829888,615.7,50
1719463829888,615.7,50
1719463829888,615.7,50
1719463829888,615.7,50
1719463829888,615.7,50
1719463829888,615.7,50
1719463829888,615.7,50
1719463829888,615.7,50
1719463829888,615.7,50
1719463829888,615.7,50
1719463829888,615.7,50
1719463904684,618.1,25
1719463925769,614.65,75
1719463925769,614.65,75
1719463925769,614.65,75
1719463925769,614.65,75
1719463925769,614.65,75
1719463925769,614.65,75
1719463925769,614.65,75
1719463925769,614.65,75
1719463935440,620.9,25
1719463935440,620.9,25
1719463935440,620.9,25
1719463935440,620.9,25
1719463935440,620.9,25
1719463935440,620.9,25
1719463935440,620.9,25
1719463947823,617.85,25
1719463947823,617.85,25
1719463949380,615.0,75
1719463949380,615.0,75
1719463949380,615.0,75
1719463949380,615.0,75
1719463958902,614.1,25
1719463958902,614.1,25
1719463958902,614.1,25
1719463958902,614.1,25
1719463958902,614.1,25
1719463958902,614.1,25
1719463958902,614.1,25
1719463958902,614.1,25
1719463958902,614.1,25
1719463958902,614.1,25
1719463958902,614.1,25
1719463958902,614.1,25
1719463958902,614.1,25
1719463958902,614.1,25
1719463958902,614.1,25
1719463958902,614.1,25
1719463958902,614.1,25
1719463958902,614.1,25
1719463958902,614.1,25
1719463958902,614.1,25
1719463958902,614.1,25
1719463958902,614.1,25
1719463958902,614.1,25
1719463958902,614.1,25
1719463958902,614.1,25
1719463958902,614.1,25
1719463958902,614.1,25
1719463958902,614.1,25
1719463993617,612.65,25
1719463993617,612.65,25
1719463993617,612.65,25
1719463993617,612.65,25
1719463993617,612.65,25
1719463993617,612.65,25
1719463993617,612.65,25
1719463993617,612.65,25
1719463993617,612.65,25
1719463993617,612.65,25
1719463993617,612.65,25
1719463993617,612.65,25
1719463993617,612.65,25
1719463993617,612.65,25
1719463993617,612.65,25
1719463993617,612.65,25
1719463993617,612.65,25
1719463993617,612.65,25
1719464018486,611.85,25
1719464018486,611.85,25
1719464018486,611.85,25
1719464018486,611.85,25
1719464018486,611.85,25
1719464018486,611.85,25
1719464018486,611.85,25
1719464018486,611.85,25
1719464027319,610.1,50
1719464027319,610.1,50
1719464027319,610.1,50
1719464027319,610.1,50
1719464027319,610.1,50
1719464027319,610.1,50
1719464027319,610.1,50
1719464027319,610.1,50
1719464027319,610.1,50
1719464027319,610.1,50
1719464027319,610.1,50
1719464027319,610.1,50
1719464027319,610.1,50
1719464027319,610.1,50
1719464027319,610.1,50
1719464027319,610.1,50
1719464027319,610.1,50
1719464027319,610.1,50
1719464027319,610.1,50
1719464027319,610.1,50
1719464027319,610.1,50
1719464052553,605.0,50
1719464052553,605.0,50
1719464054176,607.6,25
1719464054176,607.6,25
1719464055368,608.75,25
1719464055368,608.75,25
1719464055368,608.75,25
1719464055368,608.75,25
1719464055368,608.75,25
1719464055368,608.75,25
1719464055368,608.75,25
1719464055368,608.75,25
1719464074594,606.0,25
1719464074594,606.0,25
1719464074594,606.0,25
1719464074594,606.0,25
1719464074594,606.0,25
1719464074594,606.0,25
1719464074594,606.0,25
1719464074594,606.0,25
1719464074594,606.0,25
1719464085125,603.95,25
1719464085125,603.95,25
1719464085125,603.95,25
1719464092851,606.0,25
1719464092851,606.0,25
1719464092851,606.0,25
1719464092851,606.0,25
1719464092851,606.0,25
1719464092851,606.0,25
1719464092851,606.0,25
1719464092851,606.0,25
1719464092851,606.0,25
1719464092851,606.0,25
1719464109978,607.8,25
1719464109978,607.8,25
1719464109978,607.8,25
1719464109978,607.8,25
1719464109978,607.8,25
1719464109978,607.8,25
1719464109978,607.8,25
1719464129116,607.8,75
1719464129116,607.8,75
1719464129116,607.8,75
1719464129116,607.8,75
1719464129116,607.8,75
1719464129116,607.8,75
1719464129116,607.8,75
1719464129116,607.8,75
1719464129116,607.8,75
1719464129116,607.8,75
1719464129116,607.8,75
1719464129116,607.8,75
1719464129116,607.8,75
1719464129116,607.8,75
1719464129116,607.8,75
1719464129116,607.8,75
1719464205960,608.25,25
1719464205960,608.25,25
1719464205960,608.25,25
1719464205960,608.25,25
1719464205960,608.25,25
1719464205960,608.25,25
1719464205960,608.25,25
1719464205960,608.25,25
1719464205960,608.25,25
1719464205960,608.25,25
1719464205960,608.25,25
1719464219084,615.0,100
1719464219084,615.0,100
1719464219084,615.0,100
1719464219084,615.0,100
1719464219084,615.0,100
1719464219084,615.0,100
1719464219084,615.0,100
1719464219084,615.0,100
1719464219084,615.0,100
1719464219084,615.0,100
1719464219084,615.0,100
1719464219084,615.0,100
1719464219084,615.0,100
1719464219084,615.0,100
1719464219084,615.0,100
1719464219084,615.0,100
1719464219084,615.0,100
1719464219084,615.0,100
1719464244564,621.55,125
1719464244564,621.55,125
1719464244564,621.55,125
1719464248301,630.0,75
1719464248301,630.0,75
1719464248301,630.0,75
1719464248301,630.0,75
1719464248301,630.0,75
1719464248301,630.0,75
1719464248301,630.0,75
1719464248301,630.0,75
1719464248301,630.0,75
1719464257961,631.75,25
1719464257961,631.75,25
1719464257961,631.75,25
1719464260942,630.0,25
1719464260942,630.0,25
1719464262016,631.1,50
1719464262016,631.1,50
1719464262016,631.1,50
1719464262016,631.1,50
1719464262016,631.1,50
1719464262016,631.1,50
1719464262016,631.1,50
1719464262016,631.1,50
1719464262016,631.1,50
1719464262016,631.1,50
1719464262016,631.1,50
1719464289620,632.05,25
1719464291875,633.0,25
1719464291875,633.0,25
1719464291875,633.0,25
1719464291875,633.0,25
1719464291875,633.0,25
1719464291875,633.0,25
1719464291875,633.0,25
1719464291875,633.0,25
1719464291875,633.0,25
1719464291875,633.0,25
1719464291875,633.0,25
1719464291875,633.0,25
1719464291875,633.0,25
1719464291875,633.0,25
1719464291875,633.0,25
1719464291875,633.0,25
1719464291875,633.0,25
1719464291875,633.0,25
1719464314397,640.0,25
1719464314397,640.0,25
1719464314397,640.0,25
1719464314397,640.0,25
1719464314397,640.0,25
1719464314397,640.0,25
1719464314397,640.0,25
1719464314397,640.0,25
1719464314397,640.0,25
1719464314397,640.0,25
1719464314397,640.0,25
1719464314397,640.0,25
1719464314397,640.0,25
1719464314397,640.0,25
1719464314397,640.0,25
1719464314397,640.0,25
1719464314397,640.0,25
1719464314397,640.0,25
1719464314397,640.0,25
1719464314397,640.0,25
1719464314397,640.0,25
1719464379793,634.25,25
1719464379793,634.25,25
1719464379793,634.25,25
1719464379793,634.25,25
1719464379793,634.25,25
1719464379793,634.25,25
1719464379793,634.25,25
1719464379793,634.25,25
1719464379793,634.25,25
1719464379793,634.25,25
1719464379793,634.25,25
1719464379793,634.25,25
1719464379793,634.25,25
1719464379793,634.25,25
1719464379793,634.25,25
1719464379793,634.25,25
1719464379793,634.25,25
1719464379793,634.25,25
1719464379793,634.25,25
1719464379793,634.25,25
1719464379793,634.25,25
1719464406001,635.85,25
1719464406001,635.85,25
1719464406001,635.85,25
1719464406001,635.85,25
1719464406001,635.85,25
1719464406001,635.85,25
1719464406001,635.85,25
1719464406001,635.85,25
1719464406001,635.85,25
1719464406001,635.85,25
1719464406001,635.85,25
1719464406001,635.85,25
1719464406001,635.85,25
1719464406001,635.85,25
1719464406001,635.85,25
1719464406001,635.85,25
1719464406001,635.85,25
1719464406001,635.85,25
1719464406001,635.85,25
1719464406001,635.85,25
1719464406001,635.85,25
1719464406001,635.85,25
1719464406001,635.85,25
1719464406001,635.85,25
1719464406001,635.85,25
1719464406001,635.85,25
1719464406001,635.85,25
1719464406001,635.85,25
1719464440293,640.0,125
1719464440293,640.0,125
1719464440293,640.0,125
1719464440293,640.0,125
1719464440293,640.0,125
1719464440293,640.0,125
1719464440293,640.0,125
1719464440293,640.0,125
1719464463986,632.5,25
1719464463986,632.5,25
1719464463986,632.5,25
1719464463986,632.5,25
1719464463986,632.5,25
1719464463986,632.5,25
1719464463986,632.5,25
1719464463986,632.5,25
1719464463986,632.5,25
1719464463986,632.5,25
1719464482999,630.85,25
1719464482999,630.85,25
1719464482999,630.85,25
1719464482999,630.85,25
1719464482999,630.85,25
1719464482999,630.85,25
1719464482999,630.85,25
1719464482999,630.85,25
1719464482999,630.85,25
1719464482999,630.85,25
1719464482999,630.85,25
1719464482999,630.85,25
1719464482999,630.85,25
1719464482999,630.85,25
1719464482999,630.85,25
1719464482999,630.85,25
1719464482999,630.85,25
1719464482999,630.85,25
1719464482999,630.85,25
1719464482999,630.85,25
1719464482999,630.85,25
1719464482999,630.85,25
1719464482999,630.85,25
1719464482999,630.85,25
1719464482999,630.85,25
1719464482999,630.85,25
1719464482999,630.85,25
1719464482999,630.85,25
1719464482999,630.85,25
1719464482999,630.85,25
1719464482999,630.85,25
1719464482999,630.85,25
1719464482999,630.85,25
1719464597239,616.2,75
1719464597492,614.1,25
1719464597492,614.1,25
1719464597492,614.1,25
1719464597492,614.1,25
1719464601376,603.15,50
1719464602204,601.35,25
1719464602648,600.75,25
1719464602648,600.75,25
1719464604569,602.1,25
1719464604569,602.1,25
1719464606645,599.65,50
1719464606645,599.65,50
1719464608197,592.35,25
1719464608465,591.9,25
1719464608465,591.9,25
1719464609793,586.8,75
1719464609793,586.8,75
1719464609793,586.8,75
1719464609793,586.8,75
1719464612192,570.0,25
1719464612506,567.95,25
1719464613808,540.85,75
1719464613808,540.85,75
1719464626201,577.1,25
1719464626201,577.1,25
1719464626201,577.1,25
1719464626201,577.1,25
1719464626201,577.1,25
1719464635286,573.2,25
1719464635286,573.2,25
1719464636087,570.0,100
1719464637003,567.65,25
1719464637003,567.65,25
1719464637003,567.65,25
1719464637003,567.65,25
1719464637003,567.65,25
1719464637003,567.65,25
1719464637003,567.65,25
1719464637003,567.65,25
1719464646742,576.6,25
1719464646742,576.6,25
1719464646742,576.6,25
1719464646742,576.6,25
1719464646742,576.6,25
1719464646742,576.6,25
1719464646742,576.6,25
1719464646742,576.6,25
1719464646742,576.6,25
1719464646742,576.6,25
1719464646742,576.6,25
1719464646742,576.6,25
1719464663073,574.15,25
1719464663073,574.15,25
1719464663073,574.15,25
1719464663073,574.15,25
1719464663073,574.15,25
1719464663073,574.15,25
1719464663073,574.15,25
1719464663073,574.15,25
1719464663073,574.15,25
1719464663073,574.15,25
1719464663073,574.15,25
1719464663073,574.15,25
1719464663073,574.15,25
1719464663073,574.15,25
1719464679865,575.1,50
1719464680027,575.05,25
1719464680027,575.05,25
1719464680027,575.05,25
1719464680027,575.05,25
1719464680027,575.05,25
1719464684427,575.45,25
1719464684427,575.45,25
1719464684427,575.45,25
1719464687777,572.9,25
1719464687777,572.9,25
1719464687777,572.9,25
1719464687777,572.9,25
1719464687777,572.9,25
1719464687777,572.9,25
1719464687777,572.9,25
1719464687777,572.9,25
1719464698734,565.6,150
1719464698734,565.6,150
1719464698734,565.6,150
1719464698734,565.6,150
1719464709001,561.55,25
1719464709001,561.55,25
1719464715506,570.9,25
1719464715506,570.9,25
1719464715506,570.9,25
1719464715506,570.9,25
1719464715506,570.9,25
1719464715506,570.9,25
1719464723449,562.45,25
1719464723449,562.45,25
1719464723449,562.45,25
1719464723449,562.45,25
1719464723449,562.45,25
1719464723449,562.45,25
1719464723449,562.45,25
1719464723449,562.45,25
1719464723449,562.45,25
1719464723449,562.45,25
1719464723449,562.45,25
1719464723449,562.45,25
1719464723449,562.45,25
1719464723449,562.45,25
1719464723449,562.45,25
1719464723449,562.45,25
1719464723449,562.45,25
1719464723449,562.45,25
1719464723449,562.45,25
1719464748007,568.5,25
1719464748007,568.5,25
1719464749422,571.05,25
1719464749422,571.05,25
1719464749422,571.05,25
1719464749422,571.05,25
1719464749422,571.05,25
1719464749422,571.05,25
1719464749422,571.05,25
1719464749422,571.05,25
1719464768989,571.7,25
1719464768989,571.7,25
1719464768989,571.7,25
1719464768989,571.7,25
1719464786393,577.35,25
1719464786393,577.35,25
1719464786865,578.3,25
1719464786865,578.3,25
1719464786865,578.3,25
1719464786865,578.3,25
1719464807231,576.85,25
1719464807231,576.85,25
1719464807231,576.85,25
1719464807231,576.85,25
1719464807231,576.85,25
1719464807231,576.85,25
1719464817796,574.0,25
1719464817796,574.0,25
1719464817796,574.0,25
1719464817796,574.0,25
1719464822010,575.75,25
1719464822728,576.6,50
1719464822728,576.6,50
1719464822728,576.6,50
1719464822728,576.6,50
1719464826714,572.0,25
1719464826714,572.0,25
1719464828176,573.2,25
1719464828176,573.2,25
1719464830569,580.8,25
1719464830569,580.8,25
1719464830569,580.8,25
1719464830569,580.8,25
1719464834406,582.7,25
1719464834406,582.7,25
1719464834406,582.7,25
1719464834406,582.7,25
1719464839202,580.95,25
1719464839202,580.95,25
1719464839202,580.95,25
1719464839202,580.95,25
1719464839202,580.95,25
1719464839202,580.95,25
1719464839202,580.95,25
1719464839202,580.95,25
1719464839202,580.95,25
1719464839202,580.95,25
1719464855265,585.1,25
1719464855265,585.1,25
1719464855265,585.1,25
1719464855265,585.1,25
1719464855265,585.1,25
1719464855265,585.1,25
1719464855265,585.1,25
1719464855265,585.1,25
1719464855265,585.1,25
1719464855265,585.1,25
1719464855265,585.1,25
1719464855265,585.1,25
1719464855265,585.1,25
1719464855265,585.1,25
1719464855265,585.1,25
1719464855265,585.1,25
1719464855265,585.1,25
1719464855265,585.1,25
1719464855265,585.1,25
1719464855265,585.1,25
1719464855265,585.1,25
1719464855265,585.1,25
1719464855265,585.1,25
1719464855265,585.1,25
1719464886914,582.8,25
1719464886914,582.8,25
1719464886914,582.8,25
1719464886914,582.8,25
1719464886914,582.8,25
1719464886914,582.8,25
1719464886914,582.8,25
1719464886914,582.8,25
1719464886914,582.8,25
1719464898414,576.85,25
1719464898414,576.85,25
1719464898414,576.85,25
1719464898414,576.85,25
1719464898414,576.85,25
1719464898414,576.85,25
1719464898414,576.85,25
1719464898414,576.85,25
1719464898414,576.85,25
1719464898414,576.85,25
1719464898414,576.85,25
1719464898414,576.85,25
1719464898414,576.85,25
1719464898414,576.85,25
1719464898414,576.85,25
1719464898414,576.85,25
1719464898414,576.85,25
1719464898414,576.85,25
1719464898414,576.85,25
1719464898414,576.85,25
1719464898414,576.85,25
1719464898414,576.85,25
1719464898414,576.85,25
1719464898414,576.85,25
1719464898414,576.85,25
1719464898414,576.85,25
1719464898414,576.85,25
1719464898414,576.85,25
1719464898414,576.85,25
1719464898414,576.85,25
1719464898414,576.85,25
1719464939204,585.65,50
1719464939204,585.65,50
1719464939204,585.65,50
1719464939204,585.65,50
1719464939204,585.65,50
1719464939204,585.65,50
1719464939204,585.65,50
1719464939204,585.65,50
1719464939204,585.65,50
1719464939204,585.65,50
1719464939204,585.65,50
1719464939204,585.65,50
1719464939204,585.65,50
1719464939204,585.65,50
1719464939204,585.65,50
1719464939204,585.65,50
1719464939204,585.65,50
1719464939204,585.65,50
1719464939204,585.65,50
1719464939204,585.65,50
1719464939204,585.65,50
1719464964843,582.15,75
1719464964843,582.15,75
1719464964843,582.15,75
1719464964843,582.15,75
1719464964843,582.15,75
1719464964843,582.15,75
1719464964843,582.15,75
1719464964843,582.15,75
1719464964843,582.15,75
1719464964843,582.15,75
1719464964843,582.15,75
1719464964843,582.15,75
1719464964843,582.15,75
1719464964843,582.15,75
1719464964843,582.15,75
1719464964843,582.15,75
1719464964843,582.15,75
1719464964843,582.15,75
1719464964843,582.15,75
1719464964843,582.15,75
1719464964843,582.15,75
1719464964843,582.15,75
1719464964843,582.15,75
1719464964843,582.15,75
1719464994779,578.3,100
1719464994779,578.3,100
1719464994779,578.3,100
1719464994779,578.3,100
1719464994779,578.3,100
1719464994779,578.3,100
1719464994779,578.3,100
1719464994779,578.3,100
1719464994779,578.3,100
1719464994779,578.3,100
1719464994779,578.3,100
1719464994779,578.3,100
1719465010269,578.25,25
1719465010269,578.25,25
1719465010269,578.25,25
1719465010269,578.25,25
1719465010269,578.25,25
1719465015291,576.6,25
1719465015291,576.6,25
1719465015291,576.6,25
1719465015291,576.6,25
1719465015291,576.6,25
1719465015291,576.6,25
1719465015291,576.6,25
1719465015291,576.6,25
1719465015291,576.6,25
1719465015291,576.6,25
1719465015291,576.6,25
1719465015291,576.6,25
1719465015291,576.6,25
1719465015291,576.6,25
1719465015291,576.6,25
1719465044322,574.4,50
1719465044322,574.4,50
1719465044322,574.4,50
1719465044322,574.4,50
1719465049409,579.15,25
1719465049409,579.15,25
1719465049409,579.15,25
1719465049409,579.15,25
1719465071166,572.95,25
1719465071166,572.95,25
1719465071166,572.95,25
1719465078444,575.3,75
1719465078444,575.3,75
1719465081107,575.55,25
1719465081107,575.55,25
1719465082255,573.65,25
1719465082255,573.65,25
1719465082255,573.65,25
1719465082255,573.65,25
1719465082255,573.65,25
1719465082255,573.65,25
1719465082255,573.65,25
1719465082255,573.65,25
1719465082255,573.65,25
1719465082255,573.65,25
1719465082255,573.65,25
1719465082255,573.65,25
1719465082255,573.65,25
1719465082255,573.65,25
1719465082255,573.65,25
1719465082255,573.65,25
1719465082255,573.65,25
1719465082255,573.65,25
1719465082255,573.65,25
1719465123159,569.3,25
1719465123159,569.3,25
1719465123159,569.3,25
1719465123159,569.3,25
1719465123159,569.3,25
1719465123159,569.3,25
1719465123159,569.3,25
1719465131057,567.8,50
1719465131191,567.7,25
1719465131191,567.7,25
1719465131191,567.7,25
1719465131191,567.7,25
1719465131191,567.7,25
1719465131191,567.7,25
1719465131191,567.7,25
1719465131191,567.7,25
1719465131191,567.7,25
1719465131191,567.7,25
1719465131191,567.7,25
1719465131191,567.7,25
1719465131191,567.7,25
1719465131191,567.7,25
1719465131191,567.7,25
1719465131191,567.7,25
1719465150194,572.95,25
1719465150194,572.95,25
1719465150194,572.95,25
1719465150194,572.95,25
1719465150194,572.95,25
1719465150194,572.95,25
1719465150194,572.95,25
1719465150194,572.95,25
1719465150194,572.95,25
1719465150194,572.95,25
1719465150194,572.95,25
1719465150194,572.95,25
1719465150194,572.95,25
1719465150194,572.95,25
1719465150194,572.95,25
1719465150194,572.95,25
1719465150194,572.95,25
1719465150194,572.95,25
1719465150194,572.95,25
1719465150194,572.95,25
1719465150194,572.95,25
1719465150194,572.95,25
1719465150194,572.95,25
1719465150194,572.95,25
1719465150194,572.95,25
1719465150194,572.95,25
1719465150194,572.95,25
1719465150194,572.95,25
1719465150194,572.95,25
1719465150194,572.95,25
1719465150194,572.95,25
1719465150194,572.95,25
1719465150194,572.95,25
1719465150194,572.95,25
1719465150194,572.95,25
1719465191655,569.9,25
1719465191655,569.9,25
1719465191655,569.9,25
1719465193354,572.35,25
1719465193354,572.35,25
1719465193354,572.35,25
1719465193354,572.35,25
1719465193354,572.35,25
1719465193354,572.35,25
1719465193354,572.35,25
1719465201628,565.0,25
1719465201628,565.0,25
1719465202617,562.95,25
1719465202617,562.95,25
1719465204400,558.45,25
1719465204400,558.45,25
1719465204400,558.45,25
1719465204400,558.45,25
1719465209523,558.7,25
1719465209523,558.7,25
1719465209523,558.7,25
1719465209523,558.7,25
1719465213187,551.45,25
1719465213705,553.7,25
1719465213705,553.7,25
1719465214355,554.0,25
1719465214355,554.0,25
1719465216177,540.8,100
1719465216788,542.4,25
1719465216788,542.4,25
1719465217765,542.3,25
1719465217765,542.3,25
1719465219251,539.55,100
1719465219637,540.15,25
1719465219637,540.15,25
1719465221410,531.85,25
1719465221906,529.65,25
1719465222871,538.1,25
1719465223746,539.85,25
1719465223798,538.2,25
1719465225009,537.1,25
1719465225009,537.1,25
1719465225009,537.1,25
1719465227050,534.85,25
1719465228102,526.5,25
1719465228102,526.5,25
1719465228857,519.35,25
1719465229319,520.75,25
1719465230898,524.6,25
1719465231390,527.15,25
1719465231390,527.15,25
1719465232253,526.65,25
1719465232253,526.65,25
1719465234438,528.85,25
1719465234438,528.85,25
1719465235430,522.85,25
1719465235664,526.15,25
1719465235664,526.15,25
1719465237970,515.9,50
1719465237970,515.9,50
1719465238424,520.2,25
1719465238424,520.2,25
1719465240638,514.9,25
1719465241194,512.25,25
1719465241194,512.25,25
1719465241703,512.7,50
1719465241909,513.75,25
1719465241909,513.75,25
1719465244168,514.95,50
1719465244168,514.95,50
1719465244168,514.95,50
1719465247554,518.2,50
1719465247554,518.2,50
1719465248440,518.25,25
1719465248722,520.65,125
1719465249234,517.5,25
1719465249234,517.5,25
1719465251125,514.15,25
1719465251451,514.9,50
1719465252149,515.05,25
1719465253038,508.65,50
1719465253038,508.65,50
1719465253760,508.85,50
1719465253760,508.85,50
1719465253760,508.85,50
1719465257676,515.6,25
1719465257676,515.6,25
1719465257676,515.6,25
1719465257676,515.6,25
1719465257676,515.6,25
1719465264169,513.05,25
1719465265004,515.25,25
1719465265004,515.25,25
1719465265004,515.25,25
1719465265004,515.25,25
1719465265004,515.25,25
1719465265004,515.25,25
1719465265004,515.25,25
1719465272235,508.4,100
1719465272641,508.6,25
1719465272641,508.6,25
1719465272641,508.6,25
1719465272641,508.6,25
1719465272641,508.6,25
1719465272641,508.6,25
1719465272641,508.6,25
1719465272641,508.6,25
1719465272641,508.6,25
1719465272641,508.6,25
1719465272641,508.6,25
1719465272641,508.6,25
1719465272641,508.6,25
1719465272641,508.6,25
1719465272641,508.6,25
1719465272641,508.6,25
1719465272641,508.6,25
1719465272641,508.6,25
1719465272641,508.6,25
1719465272641,508.6,25
1719465306370,497.65,25
1719465306370,497.65,25
1719465311878,498.85,25
1719465311878,498.85,25
1719465311878,498.85,25
1719465311878,498.85,25
1719465319854,503.0,50
1719465319854,503.0,50
1719465319854,503.0,50
1719465319854,503.0,50
1719465319854,503.0,50
1719465319854,503.0,50
1719465319854,503.0,50
1719465327775,503.7,25
1719465327775,503.7,25
1719465327775,503.7,25
1719465327775,503.7,25
1719465333471,513.2,25
1719465333471,513.2,25
1719465333471,513.2,25
1719465335904,511.7,25
1719465336909,511.3,25
1719465336909,511.3,25
1719465337596,507.3,25
1719465337739,507.4,25
1719465337739,507.4,25
1719465339474,503.4,25
1719465340074,501.15,25
1719465340074,501.15,25
1719465340419,502.05,25
1719465340419,502.05,25
1719465342379,505.65,25
1719465342379,505.65,25
1719465344235,511.1,25
1719465344235,511.1,25
1719465344235,511.1,25
1719465346615,512.55,25
1719465347618,513.35,25
1719465347618,513.35,25
1719465347618,513.35,25
1719465350137,512.2,25
1719465350137,512.2,25
1719465351418,514.95,25
1719465351418,514.95,25
1719465353753,512.45,25
1719465353753,512.45,25
1719465355364,514.0,25
1719465355364,514.0,25
1719465356121,512.75,25
1719465356121,512.75,25
1719465357323,511.65,25
1719465357323,511.65,25
1719465358657,509.15,25
1719465358657,509.15,25
1719465360752,510.25,25
1719465360752,510.25,25
1719465360752,510.25,25
1719465362284,506.7,50
1719465362284,506.7,50
1719465362284,506.7,50
1719465364663,512.2,25
1719465364663,512.2,25
1719465364663,512.2,25
1719465364663,512.2,25
1719465364663,512.2,25
1719465376001,513.85,25
1719465376001,513.85,25
1719465376001,513.85,25
1719465378402,512.9,25
1719465398795,513.5,25
1719465415905,513.95,25
1719465417529,512.9,25
1719465417529,512.9,25
1719465417529,512.9,25
1719465419487,512.95,25
1719465419487,512.95,25
1719465421406,511.35,25
1719465421406,511.35,25
1719465422390,511.9,25
1719465422390,511.9,25
1719465424830,509.65,25
1719465424830,509.65,25
1719465426464,510.6,25
1719465427555,511.5,25
1719465427555,511.5,25
1719465430184,507.55,25
1719465430184,507.55,25
1719465431296,510.95,25
1719465431423,511.2,50
1719465431423,511.2,50
1719465433620,515.15,25
1719465433620,515.15,25
1719465435304,511.65,150
1719465435545,512.35,50
1719465435545,512.35,50
1719465437326,509.65,25
1719465437383,509.95,50
1719465439406,510.8,25
1719465441299,508.3,25
1719465441299,508.3,25
1719465441299,508.3,25
1719465443513,508.65,25
1719465443513,508.65,25
1719465445677,510.15,50
1719465445677,510.15,50
1719465445677,510.15,50
1719465445677,510.15,50
1719465449246,509.75,50
1719465449246,509.75,50
1719465449246,509.75,50
1719465449246,509.75,50
1719465451895,507.45,25
1719465451895,507.45,25
1719465454298,507.8,50
1719465454298,507.8,50
1719465454298,507.8,50
1719465457137,510.9,25
1719465457137,510.9,25
1719465457137,510.9,25
1719465459274,506.7,25
1719465459274,506.7,25
1719465460331,502.1,25
1719465461080,502.0,175
1719465461080,502.0,175
1719465461080,502.0,175
1719465461080,502.0,175
1719465461080,502.0,175
1719465461080,502.0,175
1719465461080,502.0,175
1719465469236,505.2,25
1719465469236,505.2,25
1719465469236,505.2,25
1719465469236,505.2,25
1719465469236,505.2,25
1719465469236,505.2,25
1719465469236,505.2,25
1719465469236,505.2,25
1719465469236,505.2,25
1719465479756,504.1,75
1719465479756,504.1,75
1719465479756,504.1,75
1719465481725,511.8,25
1719465481725,511.8,25
1719465481725,511.8,25
1719465481725,511.8,25
1719465481725,511.8,25
1719465481725,511.8,25
1719465488464,503.05,50
1719465488464,503.05,50
1719465488464,503.05,50
1719465491486,504.8,50
1719465491486,504.8,50
1719465491486,504.8,50
1719465491486,504.8,50
1719465494923,506.5,50
1719465494923,506.5,50
1719465494923,506.5,50
1719465498895,505.3,150
1719465498895,505.3,150
1719465498895,505.3,150
1719465501189,505.8,25
1719465501189,505.8,25
1719465501971,506.85,50
1719465501971,506.85,50
1719465501971,506.85,50
1719465505261,508.7,50
1719465505261,508.7,50
1719465505261,508.7,50
1719465507980,507.1,50
1719465507980,507.1,50
1719465507980,507.1,50
1719465507980,507.1,50
1719465507980,507.1,50
1719465507980,507.1,50
1719465512572,505.15,50
1719465512572,505.15,50
1719465512572,505.15,50
1719465514128,506.25,50
1719465514128,506.25,50
1719465514128,506.25,50
1719465517378,504.45,25
1719465517378,504.45,25
1719465519426,506.7,25
1719465519426,506.7,25
1719465519426,506.7,25
1719465519426,506.7,25
1719465519426,506.7,25
1719465519426,506.7,25
1719465519426,506.7,25
1719465519426,506.7,25
1719465535491,505.65,50
1719465540463,501.95,25
1719465540463,501.95,25
1719465540463,501.95,25
1719465540463,501.95,25
1719465543071,501.65,50
1719465543252,503.3,25
1719465543252,503.3,25
1719465543252,503.3,25
1719465543252,503.3,25
1719465543252,503.3,25
1719465543252,503.3,25
1719465543252,503.3,25
1719465543252,503.3,25
1719465543252,503.3,25
1719465543252,503.3,25
1719465559109,506.7,25
1719465559109,506.7,25
1719465559109,506.7,25
1719465559109,506.7,25
1719465559109,506.7,25
1719465559109,506.7,25
1719465559109,506.7,25
1719465559109,506.7,25
1719465559109,506.7,25
1719465559109,506.7,25
1719465559109,506.7,25
1719465559109,506.7,25
1719465559109,506.7,25
1719465559109,506.7,25
1719465559109,506.7,25
1719465559109,506.7,25
1719465559109,506.7,25
1719465559109,506.7,25
1719465559109,506.7,25
1719465559109,506.7,25
1719465590910,516.7,25
1719465590910,516.7,25
1719465590910,516.7,25
1719465590910,516.7,25
1719465590910,516.7,25
1719465590910,516.7,25
1719465598048,523.1,50
1719465598358,526.2,25
1719465598954,531.05,25
1719465606322,523.2,150
1719465606322,523.2,150
1719465606322,523.2,150
1719465606322,523.2,150
1719465606322,523.2,150
1719465606322,523.2,150
1719465606322,523.2,150
1719465606322,523.2,150
1719465606322,523.2,150
1719465606322,523.2,150
1719465606322,523.2,150
1719465606322,523.2,150
1719465606322,523.2,150
1719465606322,523.2,150
1719465606322,523.2,150
1719465624564,528.25,25
1719465624859,527.05,25
1719465624859,527.05,25
1719465624859,527.05,25
1719465629756,537.35,25
1719465629756,537.35,25
1719465629756,537.35,25
1719465629756,537.35,25
1719465629756,537.35,25
1719465629756,537.35,25
1719465629756,537.35,25
1719465629756,537.35,25
1719465646090,536.8,25
1719465655573,534.05,25
1719465655573,534.05,25
1719465663888,538.65,25
1719465666230,538.15,25
1719465667529,536.55,25
1719465667529,536.55,25
1719465667529,536.55,25
1719465672052,539.35,25
1719465672279,537.6,25
1719465672279,537.6,25
1719465672279,537.6,25
1719465672279,537.6,25
1719465672279,537.6,25
1719465672279,537.6,25
1719465672279,537.6,25
1719465672279,537.6,25
1719465672279,537.6,25
1719465672279,537.6,25
1719465672279,537.6,25
1719465686832,550.45,25
1719465686832,550.45,25
1719465686832,550.45,25
1719465686832,550.45,25
1719465691285,544.05,25
1719465691285,544.05,25
1719465691285,544.05,25
1719465691285,544.05,25
1719465691285,544.05,25
1719465691285,544.05,25
1719465700958,543.75,25
1719465700958,543.75,25
1719465700958,543.75,25
1719465705986,547.1,25
1719465705986,547.1,25
1719465744201,538.45,25
1719465744201,538.45,25
1719465744201,538.45,25
1719465750092,536.6,50
1719465750092,536.6,50
1719465750092,536.6,50
1719465750092,536.6,50
1719465750092,536.6,50
1719465750092,536.6,50
1719465750092,536.6,50
1719465750092,536.6,50
1719465750092,536.6,50
1719465750092,536.6,50
1719465750092,536.6,50
1719465750092,536.6,50
1719465750092,536.6,50
1719465750092,536.6,50
1719465750092,536.6,50
1719465764460,537.1,25
1719465765577,532.3,25
1719465765577,532.3,25
1719465765577,532.3,25
1719465765577,532.3,25
1719465765577,532.3,25
1719465765577,532.3,25
1719465782497,533.05,25
1719465782497,533.05,25
1719465783742,535.25,25
1719465783742,535.25,25
1719465783742,535.25,25
1719465783742,535.25,25
1719465783742,535.25,25
1719465783742,535.25,25
1719465783742,535.25,25
1719465783742,535.25,25
1719465783742,535.25,25
1719465783742,535.25,25
1719465783742,535.25,25
1719465800412,532.0,25
1719465800412,532.0,25
1719465800412,532.0,25
1719465800412,532.0,25
1719465804308,532.4,25
1719465804308,532.4,25
1719465804308,532.4,25
1719465804308,532.4,25
1719465804308,532.4,25
1719465804308,532.4,25
1719465804308,532.4,25
1719465804308,532.4,25
1719465804308,532.4,25
1719465804308,532.4,25
1719465820146,531.2,50
1719465820146,531.2,50
1719465820146,531.2,50
1719465820146,531.2,50
1719465820146,531.2,50
1719465820146,531.2,50
1719465825821,530.0,25
1719465825821,530.0,25
1719465825821,530.0,25
1719465825821,530.0,25
1719465825821,530.0,25
1719465825821,530.0,25
1719465825821,530.0,25
1719465825821,530.0,25
1719465825821,530.0,25
1719465825821,530.0,25
1719465825821,530.0,25
1719465825821,530.0,25
1719465825821,530.0,25
1719465825821,530.0,25
1719465825821,530.0,25
1719465825821,530.0,25
1719465825821,530.0,25
1719465846891,527.05,25
1719465846891,527.05,25
1719465846891,527.05,25
1719465846891,527.05,25
1719465846891,527.05,25
1719465846891,527.05,25
1719465846891,527.05,25
1719465846891,527.05,25
1719465857431,521.85,25
1719465857431,521.85,25
1719465860190,518.95,25
1719465860190,518.95,25
1719465867780,517.5,25
1719465869923,519.3,25
1719465869923,519.3,25
1719465869923,519.3,25
1719465869923,519.3,25
1719465869923,519.3,25
1719465874476,518.95,25
1719465874476,518.95,25
1719465874476,518.95,25
1719465874476,518.95,25
1719465877684,518.35,25
1719465877684,518.35,25
1719465877684,518.35,25
1719465877684,518.35,25
1719465886745,507.3,25
1719465886745,507.3,25
1719465886745,507.3,25
1719465886745,507.3,25
1719465886745,507.3,25
1719465886745,507.3,25
1719465886745,507.3,25
1719465920376,518.65,25
1719465920376,518.65,25
1719465920376,518.65,25
1719465920376,518.65,25
1719465924087,521.4,25
1719465924087,521.4,25
1719465924087,521.4,25
1719465924087,521.4,25
1719465924087,521.4,25
1719465924087,521.4,25
1719465924087,521.4,25
1719465924087,521.4,25
1719465924087,521.4,25
1719465924087,521.4,25
1719465924087,521.4,25
1719465924087,521.4,25
1719465924087,521.4,25
1719465924087,521.4,25
1719465924087,521.4,25
1719465924087,521.4,25
1719465924087,521.4,25
1719465924087,521.4,25
1719465924087,521.4,25
1719465924087,521.4,25
1719465924087,521.4,25
1719465924087,521.4,25
1719465924087,521.4,25
1719465924087,521.4,25
1719465924087,521.4,25
1719465924087,521.4,25
1719465924087,521.4,25
1719465924087,521.4,25
1719465924087,521.4,25
1719465957440,523.2,25
1719465957440,523.2,25
1719465957440,523.2,25
1719465961012,526.15,25
1719465961012,526.15,25
1719465961012,526.15,25
1719465962777,528.75,25
1719465962777,528.75,25
1719465964219,529.65,25
1719465964219,529.65,25
1719465965737,530.35,25
1719465966060,529.65,25
1719465966060,529.65,25
1719465967607,530.05,25
1719465968208,529.5,25
1719465968208,529.5,25
1719465968208,529.5,25
1719465968208,529.5,25
1719465968208,529.5,25
1719465968208,529.5,25
1719465974266,533.9,25
1719465974900,533.2,25
1719465974900,533.2,25
1719465974900,533.2,25
1719465974900,533.2,25
1719465974900,533.2,25
1719465974900,533.2,25
1719465974900,533.2,25
1719465974900,533.2,25
1719465984807,534.95,25
1719465984807,534.95,25
1719465984807,534.95,25
1719465984807,534.95,25
1719465984807,534.95,25
1719465984807,534.95,25
1719465984807,534.95,25
1719465984807,534.95,25
1719465984807,534.95,25
1719465984807,534.95,25
1719465984807,534.95,25
1719465984807,534.95,25
1719465984807,534.95,25
1719465998525,537.95,25
1719465998525,537.95,25
1719465998525,537.95,25
1719465998525,537.95,25
1719465998525,537.95,25
1719465998525,537.95,25
1719465998525,537.95,25
1719465998525,537.95,25
1719466008205,536.15,25
1719466008205,536.15,25
1719466008205,536.15,25
1719466008205,536.15,25
1719466008205,536.15,25
1719466008205,536.15,25
1719466008205,536.15,25
1719466008205,536.15,25
1719466008205,536.15,25
1719466008205,536.15,25
1719466008205,536.15,25
1719466008205,536.15,25
1719466034466,538.4,50
1719466034466,538.4,50
1719466034466,538.4,50
1719466034466,538.4,50
1719466034466,538.4,50
1719466034466,538.4,50
1719466053817,535.9,25
1719466053817,535.9,25
1719466054760,537.15,25
1719466054760,537.15,25
1719466054760,537.15,25
1719466054760,537.15,25
1719466054760,537.15,25
1719466054760,537.15,25
1719466054760,537.15,25
1719466054760,537.15,25
1719466054760,537.15,25
1719466054760,537.15,25
1719466054760,537.15,25
1719466054760,537.15,25
1719466054760,537.15,25
1719466054760,537.15,25
1719466087864,541.7,25
1719466087864,541.7,25
1719466087864,541.7,25
1719466087864,541.7,25
1719466087864,541.7,25
1719466087864,541.7,25
1719466087864,541.7,25
1719466087864,541.7,25
1719466087864,541.7,25
1719466087864,541.7,25
1719466087864,541.7,25
1719466087864,541.7,25
1719466087864,541.7,25
1719466087864,541.7,25
1719466118075,552.1,25
1719466118075,552.1,25
1719466118075,552.1,25
1719466118075,552.1,25
1719466118075,552.1,25
1719466118075,552.1,25
1719466118075,552.1,25
1719466118075,552.1,25
1719466118075,552.1,25
1719466118075,552.1,25
1719466118075,552.1,25
1719466118075,552.1,25
1719466118075,552.1,25
1719466118075,552.1,25
1719466118075,552.1,25
1719466118075,552.1,25
1719466118075,552.1,25
1719466118075,552.1,25
1719466118075,552.1,25
1719466118075,552.1,25
1719466118075,552.1,25
1719466118075,552.1,25
1719466118075,552.1,25
1719466118075,552.1,25
1719466118075,552.1,25
1719466118075,552.1,25
1719466118075,552.1,25
1719466118075,552.1,25
1719466118075,552.1,25
1719466118075,552.1,25
1719466118075,552.1,25
1719466118075,552.1,25
1719466118075,552.1,25
1719466118075,552.1,25
1719466118075,552.1,25
1719466118075,552.1,25
1719466189532,554.75,25
1719466189532,554.75,25
1719466189532,554.75,25
1719466189532,554.75,25
1719466189532,554.75,25
1719466189532,554.75,25
1719466189532,554.75,25
1719466189532,554.75,25
1719466189532,554.75,25
1719466189532,554.75,25
1719466189532,554.75,25
1719466189532,554.75,25
1719466189532,554.75,25
1719466189532,554.75,25
1719466189532,554.75,25
1719466189532,554.75,25
1719466189532,554.75,25
1719466189532,554.75,25
1719466189532,554.75,25
1719466189532,554.75,25
1719466212299,560.0,100
1719466212998,565.9,50
1719466212998,565.9,50
1719466212998,565.9,50
1719466212998,565.9,50
1719466212998,565.9,50
1719466212998,565.9,50
1719466212998,565.9,50
1719466212998,565.9,50
1719466220907,558.25,25
1719466221409,557.25,50
1719466221409,557.25,50
1719466221409,557.25,50
1719466221409,557.25,50
1719466221409,557.25,50
1719466221409,557.25,50
1719466221409,557.25,50
1719466221409,557.25,50
1719466221409,557.25,50
1719466230070,559.6,25
1719466230070,559.6,25
1719466231485,561.2,25
1719466231485,561.2,25
1719466231485,561.2,25
1719466231485,561.2,25
1719466232753,561.6,25
1719466232753,561.6,25
1719466232753,561.6,25
1719466232753,561.6,25
1719466232753,561.6,25
1719466232753,561.6,25
1719466232753,561.6,25
1719466232753,561.6,25
1719466232753,561.6,25
1719466232753,561.6,25
1719466232753,561.6,25
1719466232753,561.6,25
1719466232753,561.6,25
1719466232753,561.6,25
1719466232753,561.6,25
1719466232753,561.6,25
1719466232753,561.6,25
1719466232753,561.6,25
1719466232753,561.6,25
1719466232753,561.6,25
1719466232753,561.6,25
1719466232753,561.6,25
1719466232753,561.6,25
1719466232753,561.6,25
1719466277445,563.7,25
1719466277445,563.7,25
1719466277445,563.7,25
1719466277445,563.7,25
1719466277445,563.7,25
1719466277445,563.7,25
1719466277445,563.7,25
1719466277445,563.7,25
1719466277445,563.7,25
1719466277445,563.7,25
1719466277445,563.7,25
1719466277445,563.7,25
1719466277445,563.7,25
1719466277445,563.7,25
1719466277445,563.7,25
1719466277445,563.7,25
1719466277445,563.7,25
1719466277445,563.7,25
1719466277445,563.7,25
1719466277445,563.7,25
1719466277445,563.7,25
1719466277445,563.7,25
1719466277445,563.7,25
1719466277445,563.7,25
1719466277445,563.7,25
1719466315853,555.0,25
1719466315853,555.0,25
1719466315853,555.0,25
1719466315853,555.0,25
1719466330843,552.7,25
1719466330843,552.7,25
1719466330843,552.7,25
1719466330843,552.7,25
1719466330843,552.7,25
1719466344194,550.55,25
1719466344194,550.55,25
1719466347968,558.2,25
1719466347968,558.2,25
1719466347968,558.2,25
1719466350260,560.65,50
1719466350260,560.65,50
1719466350260,560.65,50
1719466350260,560.65,50
1719466350260,560.65,50
1719466350260,560.65,50
1719466350260,560.65,50
1719466350260,560.65,50
1719466350260,560.65,50
1719466464226,546.85,50
1719466464226,546.85,50
1719466464226,546.85,50
1719466464226,546.85,50
1719466464226,546.85,50
1719466464226,546.85,50
1719466464226,546.85,50
1719466464226,546.85,50
1719466464226,546.85,50
1719466464226,546.85,50
1719466464226,546.85,50
1719466464226,546.85,50
1719466464226,546.85,50
1719466464226,546.85,50
1719466464226,546.85,50
1719466464226,546.85,50
1719466464226,546.85,50
1719466464226,546.85,50
1719466464226,546.85,50
1719466464226,546.85,50
1719466464226,546.85,50
1719466503677,546.35,25
1719466503677,546.35,25
1719466503677,546.35,25
1719466503677,546.35,25
1719466503677,546.35,25
1719466503677,546.35,25
1719466509168,549.65,50
1719466509168,549.65,50
1719466509168,549.65,50
1719466509168,549.65,50
1719466509168,549.65,50
1719466509168,549.65,50
1719466509168,549.65,50
1719466509168,549.65,50
1719466509168,549.65,50
1719466509168,549.65,50
1719466509168,549.65,50
1719466509168,549.65,50
1719466509168,549.65,50
1719466509168,549.65,50
1719466522546,549.2,25
1719466522546,549.2,25
1719466522546,549.2,25
1719466522546,549.2,25
1719466522546,549.2,25
1719466522546,549.2,25
1719466522546,549.2,25
1719466522546,549.2,25
1719466522546,549.2,25
1719466522546,549.2,25
1719466522546,549.2,25
1719466522546,549.2,25
1719466522546,549.2,25
1719466522546,549.2,25
1719466522546,549.2,25
1719466522546,549.2,25
1719466522546,549.2,25
1719466544405,550.8,25
1719466544405,550.8,25
1719466544405,550.8,25
1719466544405,550.8,25
1719466544405,550.8,25
1719466544405,550.8,25
1719466544405,550.8,25
1719466544405,550.8,25
1719466544405,550.8,25
1719466544405,550.8,25
1719466544405,550.8,25
1719466544405,550.8,25
1719466544405,550.8,25
1719466544405,550.8,25
1719466544405,550.8,25
1719466544405,550.8,25
1719466544405,550.8,25
1719466544405,550.8,25
1719466544405,550.8,25
1719466544405,550.8,25
1719466544405,550.8,25
1719466544405,550.8,25
1719466544405,550.8,25
1719466544405,550.8,25
1719466544405,550.8,25
1719466544405,550.8,25
1719466584716,552.65,25
1719466584716,552.65,25
1719466584716,552.65,25
1719466584716,552.65,25
1719466596644,553.45,25
1719466596644,553.45,25
1719466596644,553.45,25
1719466596644,553.45,25
1719466596644,553.45,25
1719466596644,553.45,25
1719466596644,553.45,25
1719466629188,552.2,25
1719466629188,552.2,25
1719466629188,552.2,25
1719466629188,552.2,25
1719466629188,552.2,25
1719466629188,552.2,25
1719466629188,552.2,25
1719466629188,552.2,25
1719466629188,552.2,25
1719466629188,552.2,25
1719466629188,552.2,25
1719466629188,552.2,25
1719466629188,552.2,25
1719466629188,552.2,25
1719466629188,552.2,25
1719466629188,552.2,25
1719466629188,552.2,25
1719466629188,552.2,25
1719466629188,552.2,25
1719466629188,552.2,25
1719466629188,552.2,25
1719466629188,552.2,25
1719466629188,552.2,25
1719466629188,552.2,25
1719466629188,552.2,25
1719466629188,552.2,25
1719466629188,552.2,25
1719466629188,552.2,25
1719466629188,552.2,25
1719466629188,552.2,25
1719466629188,552.2,25
1719466629188,552.2,25
1719466629188,552.2,25
1719466629188,552.2,25
1719466629188,552.2,25
1719466629188,552.2,25
1719466629188,552.2,25
1719466629188,552.2,25
1719466629188,552.2,25
1719466629188,552.2,25
1719466629188,552.2,25
1719466629188,552.2,25
1719466629188,552.2,25
1719466629188,552.2,25
1719466701356,548.0,25
1719466701356,548.0,25
1719466701356,548.0,25
1719466701356,548.0,25
1719466701356,548.0,25
1719466701356,548.0,25
1719466701356,548.0,25
1719466701356,548.0,25
1719466701356,548.0,25
1719466701356,548.0,25
1719466701356,548.0,25
1719466701356,548.0,25
1719466701356,548.0,25
1719466701356,548.0,25
1719466701356,548.0,25
1719466701356,548.0,25
1719466780053,551.65,25
1719466780053,551.65,25
1719466780053,551.65,25
1719466780053,551.65,25
1719466780053,551.65,25
1719466780053,551.65,25
1719466780053,551.65,25
1719466780053,551.65,25
1719466780053,551.65,25
1719466780053,551.65,25
1719466780053,551.65,25
1719466780053,551.65,25
1719466780053,551.65,25
1719466780053,551.65,25
1719466780053,551.65,25
1719466780053,551.65,25
1719466780053,551.65,25
1719466780053,551.65,25
1719466780053,551.65,25
1719466780053,551.65,25
1719466780053,551.65,25
1719466780053,551.65,25
1719466780053,551.65,25
1719466780053,551.65,25
1719466780053,551.65,25
1719466780053,551.65,25
1719466780053,551.65,25
1719466780053,551.65,25
1719466780053,551.65,25
1719466780053,551.65,25
1719466780053,551.65,25
1719466780053,551.65,25
1719466780053,551.65,25
1719466780053,551.65,25
1719466780053,551.65,25
1719466780053,551.65,25
1719466780053,551.65,25
1719466780053,551.65,25
1719466780053,551.65,25
1719466780053,551.65,25
1719466780053,551.65,25
1719466780053,551.65,25
1719466780053,551.65,25
1719466780053,551.65,25
1719466780053,551.65,25
1719466780053,551.65,25
1719466780053,551.65,25
1719466780053,551.65,25
1719466780053,551.65,25
1719466780053,551.65,25
1719466780053,551.65,25
1719466780053,551.65,25
1719466780053,551.65,25
1719466780053,551.65,25
1719466855640,560.0,25
1719466855640,560.0,25
1719466855640,560.0,25
1719466855640,560.0,25
1719466855640,560.0,25
1719466855640,560.0,25
1719466855640,560.0,25
1719466855640,560.0,25
1719466855640,560.0,25
1719466855640,560.0,25
1719466855640,560.0,25
1719466855640,560.0,25
1719466855640,560.0,25
1719466855640,560.0,25
1719466855640,560.0,25
1719466855640,560.0,25
1719466855640,560.0,25
1719466874668,564.1,25
1719466874668,564.1,25
1719466874668,564.1,25
1719466888646,565.9,50
1719466888646,565.9,50
1719466888646,565.9,50
1719466888646,565.9,50
1719466888646,565.9,50
1719466888646,565.9,50
1719466888646,565.9,50
1719466888646,565.9,50
1719466888646,565.9,50
1719466888646,565.9,50
1719466899352,562.45,25
1719466899352,562.45,25
1719466899352,562.45,25
1719466899352,562.45,25
1719466899352,562.45,25
1719466899352,562.45,25
1719466899352,562.45,25
1719466906673,563.95,25
1719466906673,563.95,25
1719466906673,563.95,25
1719466910351,562.2,25
1719466910351,562.2,25
1719466910351,562.2,25
1719466910351,562.2,25
1719466910351,562.2,25
1719466910351,562.2,25
1719466910351,562.2,25
1719466910351,562.2,25
1719466918544,565.85,25
1719466918544,565.85,25
1719466918544,565.85,25
1719466918544,565.85,25
1719466918544,565.85,25
1719466937061,567.6,25
1719466937061,567.6,25
1719466937061,567.6,25
1719466937061,567.6,25
1719466937061,567.6,25
1719466937061,567.6,25
1719466937061,567.6,25
1719466937061,567.6,25
1719466937061,567.6,25
1719466937061,567.6,25
1719466937061,567.6,25
1719466937061,567.6,25
1719466937061,567.6,25
1719466937061,567.6,25
1719466937061,567.6,25
1719466937061,567.6,25
1719466937061,567.6,25
1719466937061,567.6,25
1719466937061,567.6,25
1719466937061,567.6,25
1719466980534,580.7,25
1719466980534,580.7,25
1719466980534,580.7,25
1719466980534,580.7,25
1719466980534,580.7,25
1719466980534,580.7,25
1719466980534,580.7,25
1719466980534,580.7,25
1719466980534,580.7,25
1719466992989,585.7,25
1719466992989,585.7,25
1719466992989,585.7,25
1719466992989,585.7,25
1719466992989,585.7,25
1719466992989,585.7,25
1719466992989,585.7,25
1719466992989,585.7,25
1719466992989,585.7,25
1719466992989,585.7,25
1719466992989,585.7,25
1719466992989,585.7,25
1719466992989,585.7,25
1719466992989,585.7,25
1719467064236,585.0,100
1719467064236,585.0,100
1719467064236,585.0,100
1719467064236,585.0,100
1719467064236,585.0,100
1719467064236,585.0,100
1719467064236,585.0,100
1719467064236,585.0,100
1719467082945,585.0,150
1719467082945,585.0,150
1719467082945,585.0,150
1719467082945,585.0,150
1719467082945,585.0,150
1719467082945,585.0,150
1719467082945,585.0,150
1719467082945,585.0,150
1719467082945,585.0,150
1719467082945,585.0,150
1719467082945,585.0,150
1719467082945,585.0,150
1719467082945,585.0,150
1719467082945,585.0,150
1719467082945,585.0,150
1719467082945,585.0,150
1719467082945,585.0,150
1719467082945,585.0,150
1719467082945,585.0,150
1719467082945,585.0,150
1719467082945,585.0,150
1719467082945,585.0,150
1719467082945,585.0,150
1719467082945,585.0,150
1719467082945,585.0,150
1719467082945,585.0,150
1719467082945,585.0,150
1719467082945,585.0,150
1719467082945,585.0,150
1719467082945,585.0,150
1719467082945,585.0,150
1719467082945,585.0,150
1719467082945,585.0,150
1719467082945,585.0,150
1719467082945,585.0,150
1719467082945,585.0,150
1719467082945,585.0,150
1719467082945,585.0,150
1719467082945,585.0,150
1719467082945,585.0,150
1719467082945,585.0,150
1719467082945,585.0,150
1719467082945,585.0,150
1719467082945,585.0,150
1719467082945,585.0,150
1719467082945,585.0,150
1719467082945,585.0,150
1719467082945,585.0,150
1719467082945,585.0,150
1719467082945,585.0,150
1719467082945,585.0,150
1719467082945,585.0,150
1719467082945,585.0,150
1719467082945,585.0,150
1719467082945,585.0,150
1719467082945,585.0,150
1719467082945,585.0,150
1719467082945,585.0,150
1719467082945,585.0,150
1719467082945,585.0,150
1719467082945,585.0,150
1719467186202,585.25,450
1719467186202,585.25,450
1719467186202,585.25,450
1719467186202,585.25,450
1719467186202,585.25,450
1719467186202,585.25,450
1719467186202,585.25,450
1719467186202,585.25,450
1719467186202,585.25,450
1719467186202,585.25,450
1719467186202,585.25,450
1719467186202,585.25,450
1719467186202,585.25,450
1719467197735,584.0,750
1719467197735,584.0,750
1719467197735,584.0,750
1719467197735,584.0,750
1719467201988,585.0,25
1719467201988,585.0,25
1719467201988,585.0,25
1719467201988,585.0,25
1719467201988,585.0,25
1719467201988,585.0,25
1719467201988,585.0,25
1719467201988,585.0,25
1719467201988,585.0,25
1719467201988,585.0,25
1719467201988,585.0,25
1719467201988,585.0,25
1719467201988,585.0,25
1719467201988,585.0,25
1719467201988,585.0,25
1719467201988,585.0,25
1719467201988,585.0,25
1719467201988,585.0,25
1719467220967,592.5,25
1719467220967,592.5,25
1719467220967,592.5,25
1719467220967,592.5,25
1719467223595,599.95,25
1719467223595,599.95,25
1719467223595,599.95,25
1719467223595,599.95,25
1719467223595,599.95,25
1719467223595,599.95,25
1719467223595,599.95,25
1719467223595,599.95,25
1719467223595,599.95,25
1719467332789,583.0,25
1719467332789,583.0,25
1719467351124,572.3,25
1719467351896,570.0,100
1719467351896,570.0,100
1719467353050,563.0,25
1719467353109,563.15,25
1719467353109,563.15,25
1719467353109,563.15,25
1719467353109,563.15,25
1719467353109,563.15,25
1719467353109,563.15,25
1719467361755,567.2,25
1719467361755,567.2,25
1719467361755,567.2,25
1719467361755,567.2,25
1719467361755,567.2,25
1719467361755,567.2,25
1719467361755,567.2,25
1719467361755,567.2,25
1719467361755,567.2,25
1719467361755,567.2,25
1719467361755,567.2,25
1719467361755,567.2,25
1719467376905,572.25,50
1719467376905,572.25,50
1719467376905,572.25,50
1719467376905,572.25,50
1719467376905,572.25,50
1719467376905,572.25,50
1719467376905,572.25,50
1719467376905,572.25,50
1719467376905,572.25,50
1719467390441,557.55,175
1719467390667,558.15,75
1719467390667,558.15,75
1719467390667,558.15,75
1719467390667,558.15,75
1719467390667,558.15,75
1719467390667,558.15,75
1719467390667,558.15,75
1719467399698,562.2,25
1719467399698,562.2,25
1719467399698,562.2,25
1719467399698,562.2,25
1719467399698,562.2,25
1719467399698,562.2,25
1719467399698,562.2,25
1719467399698,562.2,25
1719467410512,563.1,50
1719467410512,563.1,50
1719467410512,563.1,50
1719467410512,563.1,50
1719467410512,563.1,50
1719467410512,563.1,50
1719467410512,563.1,50
1719467410512,563.1,50
1719467410512,563.1,50
1719467410512,563.1,50
1719467410512,563.1,50
1719467410512,563.1,50
1719467410512,563.1,50
1719467410512,563.1,50
1719467410512,563.1,50
1719467410512,563.1,50
1719467410512,563.1,50
1719467410512,563.1,50
1719467410512,563.1,50
1719467410512,563.1,50
1719467410512,563.1,50
1719467410512,563.1,50
1719467410512,563.1,50
1719467410512,563.1,50
1719467410512,563.1,50
1719467410512,563.1,50
1719467410512,563.1,50
1719467410512,563.1,50
1719467410512,563.1,50
1719467410512,563.1,50
1719467410512,563.1,50
1719467410512,563.1,50
1719467410512,563.1,50
1719467410512,563.1,50
1719467410512,563.1,50
1719467410512,563.1,50
1719467410512,563.1,50
1719467410512,563.1,50
1719467410512,563.1,50
1719467410512,563.1,50
1719467410512,563.1,50
1719467410512,563.1,50
1719467410512,563.1,50
1719467410512,563.1,50
1719467410512,563.1,50
1719467410512,563.1,50
1719467410512,563.1,50
1719467410512,563.1,50
1719467410512,563.1,50
1719467410512,563.1,50
1719467410512,563.1,50
1719467410512,563.1,50
1719467486239,564.0,50
1719467486239,564.0,50
1719467486239,564.0,50
1719467486239,564.0,50
1719467486239,564.0,50
1719467486239,564.0,50
1719467486239,564.0,50
1719467493194,561.0,25
1719467493194,561.0,25
1719467493194,561.0,25
1719467493194,561.0,25
1719467493194,561.0,25
1719467493194,561.0,25
1719467502328,566.7,25
1719467502328,566.7,25
1719467502328,566.7,25
1719467502328,566.7,25
1719467502328,566.7,25
1719467502328,566.7,25
1719467502328,566.7,25
1719467502328,566.7,25
1719467502328,566.7,25
1719467502328,566.7,25
1719467502328,566.7,25
1719467502328,566.7,25
1719467502328,566.7,25
1719467502328,566.7,25
1719467502328,566.7,25
1719467502328,566.7,25
1719467502328,566.7,25
1719467502328,566.7,25
1719467502328,566.7,25
1719467502328,566.7,25
1719467502328,566.7,25
1719467502328,566.7,25
1719467502328,566.7,25
1719467502328,566.7,25
1719467502328,566.7,25
1719467502328,566.7,25
1719467502328,566.7,25
1719467502328,566.7,25
1719467502328,566.7,25
1719467502328,566.7,25
1719467502328,566.7,25
1719467502328,566.7,25
1719467502328,566.7,25
1719467502328,566.7,25
1719467502328,566.7,25
1719467502328,566.7,25
1719467502328,566.7,25
1719467502328,566.7,25
1719467502328,566.7,25
1719467502328,566.7,25
1719467548773,575.0,25
1719467548773,575.0,25
1719467548773,575.0,25
1719467548773,575.0,25
1719467548773,575.0,25
1719467548773,575.0,25
1719467548773,575.0,25
1719467548773,575.0,25
1719467548773,575.0,25
1719467548773,575.0,25
1719467548773,575.0,25
1719467548773,575.0,25
1719467548773,575.0,25
1719467548773,575.0,25
1719467548773,575.0,25
1719467548773,575.0,25
1719467548773,575.0,25
1719467548773,575.0,25
1719467566388,575.25,25
1719467566388,575.25,25
1719467566388,575.25,25
1719467566388,575.25,25
1719467566388,575.25,25
1719467566388,575.25,25
1719467566388,575.25,25
1719467566388,575.25,25
1719467566388,575.25,25
1719467566388,575.25,25
1719467566388,575.25,25
1719467566388,575.25,25
1719467566388,575.25,25
1719467566388,575.25,25
1719467566388,575.25,25
1719467566388,575.25,25
1719467566388,575.25,25
1719467566388,575.25,25
1719467566388,575.25,25
1719467566388,575.25,25
1719467566388,575.25,25
1719467566388,575.25,25
1719467566388,575.25,25
1719467566388,575.25,25
1719467566388,575.25,25
1719467566388,575.25,25
1719467566388,575.25,25
1719467566388,575.25,25
1719467566388,575.25,25
1719467566388,575.25,25
1719467566388,575.25,25
1719467566388,575.25,25
1719467566388,575.25,25
1719467566388,575.25,25
1719467566388,575.25,25
1719467566388,575.25,25
1719467566388,575.25,25
1719467566388,575.25,25
1719467566388,575.25,25
1719467566388,575.25,25
1719467566388,575.25,25
1719467611514,581.5,25
1719467611514,581.5,25
1719467611514,581.5,25
1719467611514,581.5,25
1719467611514,581.5,25
1719467611514,581.5,25
1719467611514,581.5,25
1719467611514,581.5,25
1719467611514,581.5,25
1719467611514,581.5,25
1719467611514,581.5,25
1719467611514,581.5,25
1719467611514,581.5,25
1719467611514,581.5,25
1719467611514,581.5,25
1719467611514,581.5,25
1719467611514,581.5,25
1719467611514,581.5,25
1719467611514,581.5,25
1719467611514,581.5,25
1719467611514,581.5,25
1719467611514,581.5,25
1719467611514,581.5,25
1719467611514,581.5,25
1719467611514,581.5,25
1719467611514,581.5,25
1719467652426,583.9,25
1719467652426,583.9,25
1719467652426,583.9,25
1719467652426,583.9,25
1719467652426,583.9,25
1719467652426,583.9,25
1719467652426,583.9,25
1719467652426,583.9,25
1719467652426,583.9,25
1719467652426,583.9,25
1719467652426,583.9,25
1719467652426,583.9,25
1719467652426,583.9,25
1719467652426,583.9,25
1719467676966,595.2,25
1719467676966,595.2,25
1719467676966,595.2,25
1719467676966,595.2,25
1719467676966,595.2,25
1719467676966,595.2,25
1719467676966,595.2,25
1719467676966,595.2,25
1719467699479,590.35,25
1719467699479,590.35,25
1719467699479,590.35,25
1719467699479,590.35,25
1719467699479,590.35,25
1719467699479,590.35,25
1719467699479,590.35,25
1719467699479,590.35,25
1719467699479,590.35,25
1719467699479,590.35,25
1719467699479,590.35,25
1719467699479,590.35,25
1719467699479,590.35,25
1719467699479,590.35,25
1719467699479,590.35,25
1719467699479,590.35,25
1719467699479,590.35,25
1719467699479,590.35,25
1719467699479,590.35,25
1719467699479,590.35,25
1719467699479,590.35,25
1719467699479,590.35,25
1719467699479,590.35,25
1719467699479,590.35,25
1719467699479,590.35,25
1719467699479,590.35,25
1719467699479,590.35,25
1719467699479,590.35,25
1719467699479,590.35,25
1719467699479,590.35,25
1719467699479,590.35,25
1719467699479,590.35,25
1719467699479,590.35,25
1719467699479,590.35,25
1719467699479,590.35,25
1719467699479,590.35,25
1719467699479,590.35,25
1719467699479,590.35,25
1719467699479,590.35,25
1719467699479,590.35,25
1719467699479,590.35,25
1719467699479,590.35,25
1719467699479,590.35,25
1719467699479,590.35,25
1719467699479,590.35,25
1719467699479,590.35,25
1719467699479,590.35,25
1719467699479,590.35,25
1719467699479,590.35,25
1719467699479,590.35,25
1719467699479,590.35,25
1719467699479,590.35,25
1719467699479,590.35,25
1719467699479,590.35,25
1719467699479,590.35,25
1719467699479,590.35,25
1719467699479,590.35,25
1719467699479,590.35,25
1719467699479,590.35,25
1719467699479,590.35,25
1719467699479,590.35,25
1719467699479,590.35,25
1719467699479,590.35,25
1719467699479,590.35,25
1719467699479,590.35,25
1719467699479,590.35,25
1719467699479,590.35,25
1719467699479,590.35,25
1719467699479,590.35,25
1719467699479,590.35,25
1719467699479,590.35,25
1719467699479,590.35,25
1719467699479,590.35,25
1719467699479,590.35,25
1719467699479,590.35,25
1719467699479,590.35,25
1719467699479,590.35,25
1719467699479,590.35,25
1719467699479,590.35,25
1719467699479,590.35,25
1719467699479,590.35,25
1719467699479,590.35,25
1719467699479,590.35,25
1719467699479,590.35,25
1719467699479,590.35,25
1719467699479,590.35,25
1719467699479,590.35,25
1719467699479,590.35,25
1719467699479,590.35,25
1719467699479,590.35,25
1719467699479,590.35,25
1719467699479,590.35,25
1719467699479,590.35,25
1719467699479,590.35,25
1719467699479,590.35,25
1719467699479,590.35,25
1719467699479,590.35,25
1719467699479,590.35,25
1719467699479,590.35,25
1719467699479,590.35,25
1719467699479,590.35,25
1719467699479,590.35,25
1719467869888,583.15,350
1719467869888,583.15,350
1719467869888,583.15,350
1719467869888,583.15,350
1719467869888,583.15,350
1719467869888,583.15,350
1719467869888,583.15,350
1719467869888,583.15,350
1719467869888,583.15,350
1719467869888,583.15,350
1719467869888,583.15,350
1719467869888,583.15,350
1719467869888,583.15,350
1719467869888,583.15,350
1719467869888,583.15,350
1719467869888,583.15,350
1719467869888,583.15,350
1719467869888,583.15,350
1719467869888,583.15,350
1719467869888,583.15,350
1719467869888,583.15,350
1719467869888,583.15,350
1719467869888,583.15,350
1719467869888,583.15,350
1719467869888,583.15,350
1719467869888,583.15,350
1719467869888,583.15,350
1719467869888,583.15,350
1719467869888,583.15,350
1719467869888,583.15,350
1719467869888,583.15,350
1719467869888,583.15,350
1719467869888,583.15,350
1719467869888,583.15,350
1719467869888,583.15,350
1719467904018,586.3,50
1719467904018,586.3,50
1719467906083,583.5,50
1719467906083,583.5,50
1719467906083,583.5,50
1719467906083,583.5,50
1719467906083,583.5,50
1719467906083,583.5,50
1719467911796,584.0,25
1719467911796,584.0,25
1719467911796,584.0,25
1719467911796,584.0,25
1719467911796,584.0,25
1719467911796,584.0,25
1719467911796,584.0,25
1719467911796,584.0,25
1719467911796,584.0,25
1719467911796,584.0,25
1719467911796,584.0,25
1719467911796,584.0,25
1719467911796,584.0,25
1719467927221,577.0,75
1719467927221,577.0,75
1719467927221,577.0,75
1719467927221,577.0,75
1719467927221,577.0,75
1719467931834,580.95,25
1719467931834,580.95,25
1719467931834,580.95,25
1719467931834,580.95,25
1719467931834,580.95,25
1719467931834,580.95,25
1719467931834,580.95,25
1719467931834,580.95,25
1719467931834,580.95,25
1719467931834,580.95,25
1719467931834,580.95,25
1719467931834,580.95,25
1719467931834,580.95,25
1719467931834,580.95,25
1719467931834,580.95,25
1719467931834,580.95,25
1719467931834,580.95,25
1719467931834,580.95,25
1719467931834,580.95,25
1719467931834,580.95,25
1719467931834,580.95,25
1719467931834,580.95,25
1719467931834,580.95,25
1719467931834,580.95,25
1719467931834,580.95,25
1719467931834,580.95,25
1719467931834,580.95,25
1719467957994,577.9,25
1719467958476,576.5,50
1719467958476,576.5,50
1719467958476,576.5,50
1719467958476,576.5,50
1719467958476,576.5,50
1719467958476,576.5,50
1719467958476,576.5,50
1719467958476,576.5,50
1719467958476,576.5,50
1719467968079,577.85,25
1719467968079,577.85,25
1719467970509,577.85,25
1719467970509,577.85,25
1719467970509,577.85,25
1719467970509,577.85,25
1719467970509,577.85,25
1719467970509,577.85,25
1719467970509,577.85,25
1719467970509,577.85,25
1719467970509,577.85,25
1719467970509,577.85,25
1719467970509,577.85,25
1719467970509,577.85,25
1719467982205,578.6,25
1719467982205,578.6,25
1719467982205,578.6,25
1719467984498,579.35,25
1719467984498,579.35,25
1719467984498,579.35,25
1719467984498,579.35,25
1719467984498,579.35,25
1719467984498,579.35,25
1719467984498,579.35,25
1719467984498,579.35,25
1719467991237,580.0,25
1719467991237,580.0,25
1719467991237,580.0,25
1719467991237,580.0,25
1719467991237,580.0,25
1719467991237,580.0,25
1719467991237,580.0,25
1719467991237,580.0,25
1719467991237,580.0,25
1719467991237,580.0,25
1719467991237,580.0,25
1719467991237,580.0,25
1719467991237,580.0,25
1719467991237,580.0,25
1719467991237,580.0,25
1719467991237,580.0,25
1719467991237,580.0,25
1719467991237,580.0,25
1719467991237,580.0,25
1719467991237,580.0,25
1719467991237,580.0,25
1719467991237,580.0,25
1719467991237,580.0,25
1719467991237,580.0,25
1719467991237,580.0,25
1719467991237,580.0,25
1719467991237,580.0,25
1719467991237,580.0,25
1719467991237,580.0,25
1719467991237,580.0,25
1719467991237,580.0,25
1719467991237,580.0,25
1719467991237,580.0,25
1719467991237,580.0,25
1719467991237,580.0,25
1719467991237,580.0,25
1719467991237,580.0,25
1719467991237,580.0,25
1719467991237,580.0,25
